3428 5542
712 311 794 377 crpus
812 310 867 362 xn.
1176 305 1179 312 '
1411 316 1473 384 143

111 475 171 522 tum
184 467 231 522 uni
250 486 288 523 ex
308 468 444 540 primariis
466 470 626 540 corporibus
648 469 748 534 tribus,
774 481 804 526 et
826 472 872 525 uni
892 489 929 526 ex
948 474 1116 528 secundariis
1135 475 1251 530 duobus.
1280 476 1389 532 Accidit
1405 482 1487 551 ergo

111 554 242 617 respectu
266 549 307 604 rei
334 549 510 614 alterutrius,
538 558 570 604 ut
594 551 687 605 altera
712 558 809 606 utatur
834 553 930 606 eadem
955 552 1095 609 divisione.
1138 554 1218 609 Talia
1244 556 1361 612 fortuita
1386 558 1476 613 multa

111 628 273 683 eveniunt
264 645 293 683 ιιι
312 629 397 684 rebus
417 629 619 684 mathematicis
641 637 671 684 et
690 631 881 694 naturalibus,
906 638 1004 686 contra
1029 650 1142 703 quorum
1164 652 1322 694 concursum
1342 635 1411 690 ιιι
1395 657 1476 694 ovas-

110 727 175 765 τιον
205 710 391 765 conllrmanda
415 716 460 764 est
479 708 577 776 judicii
603 711 690 764 nostri
719 711 907 775 imbecillitas,
939 729 973 764 ιιε
999 713 1094 767 statim
1120 730 1282 785 quacunque
1310 717 1475 772 credulitate

111 789 171 842 sine
192 790 261 844 duce
281 790 391 844 ratione
412 788 576 858 abripiatur.
617 790 687 844 Vide
708 807 780 862 qnae
802 793 942 860 saprade
963 792 996 845 iis
1017 793 1225 862 disputaverim,
1247 812 1319 866 quse
1340 803 1405 851 sunt
1425 813 1475 851 nu·

111 885 186 922 mero
207 868 277 932 tria,
299 871 344 923 vel
366 887 432 935 sex,
454 868 499 921 vel
520 876 635 938 septem.

192 944 222 1019 q)
243 950 316 1003 Ecce
337 965 446 1004 rursum
465 948 608 1003 scribendo
636 950 831 1018 proficientem.
875 952 953 1005 Haec
980 952 1054 1005 enim
1079 952 1193 1007 inventa
1218 960 1263 1008 est
1288 970 1375 1008 causa
1394 953 1475 1024 ipsis·

80 1022 89 1029 ’
111 1027 190 1090 sima,
211 1029 293 1083 utin
313 1030 411 1084 Herm.
433 1029 481 1082 lib.
503 1029 552 1084 111.
575 1030 643 1099 Cap.
666 1030 686 1084 1.
709 1030 737 1084 in
758 1030 945 1085 axiomatibus
966 1031 1059 1084 videre
1081 1039 1132 1086 εει.
1176 1032 1246 1087 Nam
1275 1035 1382 1105 figurae
1403 1049 1475 1104 quae

112 1107 293 1175 perfectiores
314 1109 421 1163 habent
441 1109 698 1172 demonstrationes,
721 1117 839 1179 suntque
854 1110 979 1164 affabiles
1002 1109 1185 1183 (triangulum
1205 1119 1236 1165 et
1254 1115 1476 1185 quadrangulum

112 1193 143 1239 et
163 1184 366 1258 sexangulum)
386 1188 526 1256 perfectas
547 1189 632 1242 etiam
657 1189 772 1258 pariunt
792 1190 987 1244 consonantias
1011 1190 1145 1258 majorem
1174 1207 1246 1261 quae
1267 1208 1332 1246 vero
1353 1193 1476 1248 viliorem

112 1266 222 1320 babent
241 1266 503 1322 demonstrationem
523 1274 554 1320 et
573 1268 666 1322 latera
685 1268 838 1322 ineffabilia
859 1271 906 1336 (ut
926 1270 1119 1340 octangulnm,
1143 1271 1392 1343 quinquangulum,
1414 1273 1476 1327 dec

114 1339 277 1418 angurium),
304 1346 415 1400 viliores
436 1346 520 1399 etiam
541 1362 676 1416 peperere
697 1349 906 1402 concordantias
927 1350 1048 1418 majores
1073 1350 1249 1418 imperfectas
1272 1352 1357 1422 vulgo
1377 1350 1475 1407 dictas.

114 1425 192 1478 Haec
212 1432 307 1480 autem
326 1424 460 1495 perfectio
481 1426 527 1479 vel
548 1427 689 1480 contraria
709 1427 802 1480 vilitas
823 1428 918 1483 insunt
939 1429 1139 1492 consonantiis,
1167 1437 1283 1499 propter
1306 1431 1384 1501 ipsas
1404 1432 1477 1502 ligne

115 1520 160 1558 ras
182 1505 292 1574 planas,
314 1506 409 1560 insunt
429 1511 458 1558 et
478 1505 574 1576 liguris
596 1506 702 1560 solidis:
723 1523 831 1560 rursum
853 1508 939 1579 igitur
960 1525 1014 1561 non
1035 1508 1180 1578 cognatio,
1202 1512 1250 1563 sed
1272 1511 1394 1566 affinitas
1415 1510 1476 1564 sola

116 1584 262 1639 intercedit
288 1585 444 1654 duplicibus
470 1585 526 1638 illis
552 1592 582 1640 et
607 1586 854 1655 imperfectioribus
881 1588 1048 1642 sectionibus
1074 1588 1238 1642 harmonicis
1271 1607 1330 1644 cum
1361 1592 1476 1645 dodeca-

115 1667 182 1719 ddro
202 1664 334 1734 primario
355 1673 386 1719 et
404 1665 546 1719 ioosoedre
567 1667 738 1720 secundario.

196 1742 221 1810 r)
243 1745 306 1799 Duo
326 1746 502 1799 theoremata
522 1745 645 1800 infinitae
665 1745 812 1809 utilitatis,
843 1762 931 1815 enque
957 1746 1170 1815 pretiosissima,
1201 1750 1251 1801 sed
1271 1764 1401 1822 magnum
1421 1749 1475 1804 dis·

115 1825 218 1880 crimen
243 1833 338 1879 ιιιιιιειι
365 1833 410 1878 εει
438 1824 512 1878 inter
531 1832 686 1895 utrumque.
727 1826 797 1879 Nam
825 1825 915 1894 prius,
945 1828 1015 1896 quod
1043 1826 1137 1881 latera
1157 1827 1226 1881 recti
1247 1829 1344 1900 anguli
1370 1829 1478 1899 possint

116 1911 233 1969 tantum,
256 1911 388 1976 quantum
409 1905 544 1959 subtensa
563 1914 648 1968 recto,
670 1906 722 1959 boc
743 1906 853 1976 inquam
872 1913 949 1958 recte
964 1907 1166 1975 comparaveris
1184 1923 1295 1962 massae
1309 1909 1383 1963 auri:
1405 1909 1475 1964 alie·

116 2002 184 2049 rum,
206 1986 241 2039 de
261 1984 383 2040 sectione
404 1983 620 2054 proportionali,
648 2001 784 2057 gemmam
805 1985 917 2039 dixeris.
960 1987 1051 2055 Ipsum
1072 1987 1143 2040 enim
1164 2004 1265 2057 perse
1287 1989 1394 2058 quidem
1415 1988 1476 2058 pul·

116 2065 211 2119 chrum
232 2072 284 2128 est,
306 2072 339 2119 at
358 2063 417 2118 sine
438 2064 522 2134 priori
544 2065 623 2118 valet
643 2065 724 2126 nibil;
747 2065 835 2135 ipsum
849 2074 942 2118 tamen
956 2073 1100 2133 promovet
1114 2067 1256 2121 scientiam
1271 2073 1336 2121 tunc
1350 2068 1477 2132 ulterius,

116 2162 177 2200 cum
199 2145 275 2215 prius
296 2145 364 2199 illud
385 2162 434 2200 nos
456 2145 632 2216 aliquatenus
651 2155 797 2214 provectos
814 2145 875 2213 jam
896 2145 1032 2208 destituit,
1054 2145 1138 2199 scilic.
1161 2148 1195 2200 ad
1217 2149 1477 2204 demonstrationem

115 2234 146 2281 et
166 2225 351 2280 inventionem
371 2224 469 2279 lateris
491 2226 686 2295 deoangularis
708 2233 738 2278 et
758 2232 940 2296 cognatarum
962 2224 1156 2294 quantitatum.

198 2300 226 2374 s)
247 2303 294 2359 Nil
315 2306 418 2369 mirum,
441 2305 718 2358 accommodationem
737 2304 941 2358 harmoniarum
962 2306 997 2358 ad
1018 2320 1136 2373 corpora
1155 2323 1211 2360 non
1223 2305 1252 2361 in
1270 2314 1380 2375 promtu
1400 2323 1477 2368 esse:

117 2387 190 2457 quod
210 2386 282 2439 enim
303 2385 332 2440 in
352 2385 413 2440 sinn
434 2391 554 2439 naturae
574 2402 628 2438 uon
650 2393 706 2448 est,
734 2384 760 2437 id
781 2384 902 2454 depromi
924 2384 1031 2454 nequit:
1062 2385 1199 2439 resistas
1225 2387 1277 2440 hoc
1298 2386 1406 2457 quidem
1427 2401 1477 2440 nu-

115 2482 192 2520 mero
213 2471 244 2519 et
263 2465 318 2519 bac
337 2466 495 2536 quantitate
516 2464 671 2533 descriptae
693 2473 758 2518 sunt
779 2464 962 2518 insociabiles.
1005 2464 1067 2518 Etsi
1088 2480 1154 2518 sero
1179 2472 1209 2520 et
1229 2483 1283 2537 ego
1311 2467 1339 2519 in
1360 2467 1478 2520 Humo-

118 2545 194 2610 nicis,
216 2545 265 2599 lib.
287 2546 322 2600 V.
343 2560 404 2615 cap.
427 2545 453 2599 9.
476 2545 635 2614 corporibus
656 2544 812 2598 harmonias
834 2544 953 2598 assumo:
976 2549 1007 2596 at
1027 2544 1054 2597 id
1075 2561 1129 2597 nnn
1149 2545 1180 2598 iit
1200 2561 1286 2599 causa
1306 2552 1382 2599 ortus
1396 2544 1479 2599 unius

118 2643 155 2680 ex
177 2625 241 2689 alio,
273 2627 321 2679 sed
350 2641 437 2678 causa
463 2641 529 2678 usus
556 2624 582 2678 in
613 2624 796 2678 exornatione
822 2623 926 2685 mundi;
958 2631 1125 2693 argumenta
1145 2625 1336 2679 associationis
1367 2640 1428 2694 cap.
1450 2623 1477 2679 2.

118 2707 209 2760 multa
229 2705 337 2776 quidem
364 2712 429 2758 sunt
450 2704 534 2757 etiam
555 2722 591 2758 ex
618 2705 778 2758 formalibus
800 2704 965 2766 rationibus,
997 2712 1054 2756 tam
1075 2720 1232 2772 corporum,
1262 2720 1342 2775 quam
1367 2704 1477 2758 harme-

118 2787 234 2849 niarum,
257 2791 288 2839 at
306 2785 358 2840 illa
371 2790 538 2856 argumenta
558 2791 622 2844 ειιιιι
636 2785 730 2838 multis
749 2800 857 2854 semper
871 2782 1019 2838 harmoniis
1038 2783 1111 2838 inter
1125 2801 1155 2837 se
1169 2784 1327 2848 communia,
1349 2783 1479 2855 singulae

119 2866 280 2920 barmoniae
295 2864 413 2938 singulis
433 2864 592 2934 corporibus
607 2882 658 2934 per
672 2881 707 2918 ea
720 2881 773 2919 uon
789 2865 974 2918 vindicantur:
999 2866 1134 2918 accedunt
1151 2864 1238 2936 igitur
1252 2864 1352 2917 diversi
1366 2864 1478 2935 generis

118 2952 286 3018 argumenta
307 2945 444 3019 forinseca
466 2953 517 2998 aut
540 2962 558 2998 a
586 2945 791 3013 comparatione
814 2943 1021 3013 proportionum
1049 2945 1208 3014 figuralium
1231 2960 1291 2998 cum
1314 2942 1478 2998 harmonicis

118 3028 251 3088 deductim
276 3025 376 3096 quibus
397 3026 508 3078 tandem
527 3024 688 3079 harmoniae
708 3041 762 3077 non
777 3024 855 3086 istae,
880 3025 928 3077 sed
942 3023 1093 3093 pleraeque
1115 3024 1157 3077 bis
1170 3024 1290 3093 majores
1306 3025 1480 3078 associantur

117 3106 296 3177 corporibus;
311 3112 344 3159 at
357 3122 445 3175 neque
460 3105 617 3159 immediata
631 3111 675 3157 est
689 3104 759 3157 haec
773 3103 929 3164 associatio,
950 3105 998 3155 sed
1012 3103 1170 3158 tribuuntur
1188 3104 1347 3159 barmoniae
1361 3105 1479 3159 motibus

118 3188 228 3241 illorum
251 3186 436 3256 planetarum,
458 3201 572 3255 quornm
595 3185 675 3239 orbes
699 3184 755 3237 bini
773 3183 886 3254 singula
907 3182 999 3236 sortiti
1017 3190 1082 3236 sunt
1099 3200 1216 3252 corpora
1238 3185 1393 3255 regularia.
1435 3186 1480 3240 Ita

118 3265 303 3337 commigrant
316 3265 423 3337 quidem
445 3263 606 3319 harmoniae
619 3265 647 3319 io
663 3265 781 3335 quinque
796 3279 938 3333 corporum
959 3262 1085 3316 viciniam
1103 3263 1295 3318 interstinctae
1318 3263 1375 3317 suis
1391 3279 1479 3317 mace·

117 3348 211 3402 riebus
232 3354 263 3400 et
283 3346 335 3400 sub
356 3345 452 3399 eadem
472 3351 549 3400 tecta
568 3364 622 3399 non
643 3345 822 3415 recipiuntur.

199 3441 226 3512 t)
199 3445 304 3499 tlmo
319 3461 353 3498 ne
367 3444 420 3498 hoo
434 3444 542 3516 quidem
556 3445 684 3498 absolute
698 3459 792 3495 verum
808 3448 858 3493 est.
901 3440 987 3493 Nulla
1001 3439 1107 3509 quidem
1122 3457 1158 3493 ex
1179 3440 1212 3494 iis
1232 3457 1303 3510 quae
1318 3447 1383 3494 sunt
1396 3439 1481 3494 mino·

118 3544 162 3580 res
177 3541 261 3596 quam
280 3524 423 3596 diapason,
447 3524 593 3595 cognatior
612 3531 656 3577 est
670 3521 805 3593 pyramidi
819 3526 935 3590 propter
947 3518 1127 3589 triangulum
1152 3522 1223 3590 quod
1241 3520 1377 3591 pyramidi
1392 3519 1481 3583 basin,

118 3606 171 3677 ipsi
179 3605 318 3699 diapente
333 3611 423 3658 ortum
434 3606 562 3674 praebet
604 3605 665 3658 Non
688 3607 784 3672 potest
798 3609 890 3655 tamen
913 3599 965 3669 ipss
959 3598 1111 3672 diapente
1131 3598 1207 3652 locus
1221 3600 1259 3653 ibi
1274 3617 1344 3663 esse,
1368 3598 1415 3652 ubi
1430 3614 1481 3668 py-

118 3686 201 3740 ramis
216 3684 406 3748 interlocutus,
431 3686 478 3738 sed
493 3683 556 3738 aliis
570 3683 642 3738 notis
658 3683 796 3736 censenda
810 3688 853 3734 est
876 3680 946 3732 baec
960 3668 1163 3732 harmoniarum
1177 3680 1211 3732 ad
1225 3680 1329 3749 figuras
1345 3677 1482 3747 aptitudo,

118 3769 152 3820 de
167 3783 221 3837 quo
235 3765 299 3819 vide
313 3764 363 3819 lib
378 3764 413 3819 V.
428 3765 558 3818 Hermon.
574 3780 636 3833 cup.
653 3763 680 3817 2.
717 3761 842 3824 Quinimo
856 3778 890 3813 ne
905 3759 1034 3828 diapente
1049 3758 1156 3828 quidem
1172 3758 1305 3830 trianguli
1320 3758 1405 3812 solius
1420 3773 1483 3826 pro·
1560 3791 1561 3794 =

118 3846 196 3901 xima
210 3852 255 3899 est
267 3844 370 3915 proles,
386 3845 435 3898 sed
448 3844 588 3899 antecedit
602 3844 669 3897 illud
684 3843 817 3911 diapason
832 3839 1021 3910 epidiapente;
1037 3837 1099 3890 vide
1113 3838 1160 3891 lib.
1172 3839 1218 3891 IV.
1233 3840 1365 3892 Hermon.
1381 3853 1443 3906 cap.
1454 3837 1482 3892 d.

119 3928 239 3981 Causam
260 3925 368 3995 quidem
382 3923 466 3992 hujus
481 3924 610 3978 affirmati
625 3923 794 3977 verissimam
809 3921 853 3975 hic
867 3921 894 3974 in
915 3919 976 3988 ipso
998 3924 1079 3972 textu
1100 3917 1215 3989 ignarus
1237 3918 1296 3988 ipse
1317 3917 1406 3987 posui,
1428 3924 1484 3971 ter·

119 4008 186 4061 tiam
207 4023 247 4060 sc.
270 4010 378 4077 partem
400 4003 502 4059 circuli.
1192 4021 1197 4029 =

200 4098 231 4169 u)
252 4099 438 4163 secundariis,
462 4099 523 4154 scil.
545 4099 713 4168 corporibus,
736 4098 913 4151 associandus
937 4113 999 4149 esse
1023 4094 1232 4149 concordantias
1255 4094 1328 4159 illas,
1353 4111 1424 4173 quae
1445 4093 1485 4148 sio

120 4201 170 4254 per
192 4181 344 4236 sectionem
367 4180 485 4234 chordae
508 4184 761 4248 repraesententur,
783 4184 816 4231 ut
839 4177 861 4231 si
876 4195 913 4231 ex
928 4176 1030 4230 chorda
1053 4192 1103 4245 per
1126 4173 1274 4228 sectionem
1298 4175 1412 4246 signata
1434 4175 1486 4228 fiat

120 4263 249 4325 circulus,
273 4261 441 4315 linearecta
455 4275 526 4331 quae
541 4259 625 4330 signa
638 4258 786 4322 connectit,
811 4276 864 4312 non
888 4259 938 4310 fiat
961 4257 1036 4310 latus
1060 4254 1177 4323 alicujus
1201 4258 1308 4325 figurae
1332 4255 1483 4324 perlectae,

121 4345 168 4398 sed
183 4343 229 4396 vel
243 4358 302 4397 una
315 4340 391 4395 linea
405 4340 532 4395 sohtarsa
545 4346 665 4403 maneat
686 4338 731 4390 vel
746 4339 820 4391 latus
834 4339 884 4390 fiat
897 4338 1005 4407 figurae
1020 4334 1195 4397 abundantis,
1220 4351 1289 4405 quas
1303 4335 1352 4388 lib.
1367 4335 1389 4388 Ι.
1406 4340 1436 4387 et
1449 4334 1483 4388 11

120 4425 254 4478 Hermon.
285 4420 385 4476 stellas
406 4437 436 4475 a
459 4419 635 4474 similitudine
658 4419 765 4489 placuit
787 4417 953 4488 indigetare.
1004 4415 1152 4469 Pulchrum
1175 4413 1283 4483 quidem
1306 4420 1485 4467 commentum

120 4519 232 4567 musae,
256 4501 376 4573 pulchra
398 4499 553 4555 distributio
577 4501 724 4553 secundum
738 4514 800 4551 eam
815 4497 1019 4551 harmoniarum
1039 4495 1112 4549 iuter
1126 4494 1243 4564 quinque
1259 4511 1382 4564 camora,
1406 4492 1428 4546 si
1441 4508 1485 4545 re-

121 4599 253 4654 sponsum
273 4580 378 4637 numeri
402 4587 520 4674 spectes,
545 4587 576 4632 at
598 4596 650 4649 per
672 4596 702 4633 se
725 4595 814 4648 neque
839 4577 958 4646 speciem
980 4577 1033 4628 hoc
1055 4576 1142 4629 babet
1156 4590 1266 4636 causae,
1291 4590 1379 4643 neque
1403 4578 1487 4627 sexta

121 4680 207 4735 supra
228 4663 364 4732 diapason
383 4661 527 4733 quicquam
546 4659 633 4713 babet
654 4675 713 4713 cum
735 4659 877 4712 ἰεοεεὸιιιο
899 4655 1066 4710 commercii

201 4738 234 4813 )
256 4741 343 4806 Quasi
365 4758 431 4796 sero
455 4741 556 4795 stellae
580 4756 633 4792 nou
654 4739 710 4793 sint
733 4738 818 4792 etiam
840 4740 967 4808 figurae?
957 4735 1139 4790 lNimirum
1166 4733 1270 4803 aliquid
1294 4741 1356 4786 erat
1380 4729 1486 4785 commi·

175 4836 266 4888 aaron
280 4834 380 4888 opens
1241 4826 1274 4882 10
