3428 5542
689 335 772 388 noue
791 338 907 390 esrom.
1417 339 1479 409 197

117 495 229 551 innixus.
256 495 367 552 coelum,
384 496 501 559 famam,
526 510 660 562 omnesque
676 495 746 547 Deos
764 498 902 557 invocabit,
930 501 1018 550 misem
1041 500 1087 548 sibi
1106 499 1196 549 auxiho
1213 507 1243 549 ιιι
1260 503 1369 552 veniant.
1405 502 1483 555 ilus

118 568 245 630 permittet
261 567 360 632 quidem
379 567 448 618 Deus
466 567 561 633 aliquot
579 583 657 618 anuos
676 583 735 618 snas
753 569 856 632 experiri
874 571 953 624 vires.
980 576 1008 620 ut
1029 571 1156 637 intelligat
1180 570 1302 636 deniqne,
1328 574 1418 624 batnlo
1436 582 1482 626 aab

118 638 220 688 minime
236 652 268 688 ex
284 640 388 690 instami
405 638 513 703 periculo
530 653 558 690 se
576 640 674 690 liberari
692 654 779 703 poseec
798 655 877 704 porro,
894 643 1001 704 jamjam
1020 643 1130 691 animum
1147 642 1320 706 despondenti,
1339 646 1415 709 ipsius
1434 646 1481 698 ιι·

118 717 197 760 sertus
215 708 295 767 Deua,
313 724 414 760 manum
432 711 542 776 porrigit,
561 724 686 774 mmuqne
706 710 739 760 ad
757 717 869 774 optatam
885 719 980 763 metam
998 713 1119 777 perducit.

188 780 298 832 Baculus
318 782 451 831 astronomi
470 789 508 832 est
526 784 581 846 ipsa
598 782 778 832 mathematica
796 797 841 834 seu
858 780 1010 849 geometria',
1037 799 1088 848 qua
1111 786 1176 834 riam
1200 791 1297 836 tentare
1322 793 1349 836 et
1366 786 1481 850 insistere

116 853 221 915 primum
240 851 324 902 audet.
363 851 428 913 Quid
448 853 540 903 etenim
558 852 660 902 hnmani
678 853 771 918 ingenii
790 853 853 902 vires
878 854 910 903 ad
933 854 1029 904 divinas
1053 855 1099 906 bas
1126 871 1165 906 res
1189 862 1289 920 maique
1308 870 1324 906 a
1342 858 1412 907 nobis
1431 857 1479 907 dis·

117 924 178 973 sitas
200 923 286 987 procul
309 921 515 988 investigandas?
553 922 617 985 Quid
637 923 803 990 caliginantes
822 922 907 974 oculi?
943 924 1048 976 Proinde
1067 927 1115 975 nisi
1133 925 1201 976 Deus
1225 926 1261 976 illi
1285 943 1328 992 pro
1348 942 1395 979 sua
1412 926 1481 980 beni·

117 994 215 1058 gnitate
233 1000 314 1044 motus
332 993 442 1044 heroicos
461 995 584 1050 indiderit,
604 1000 630 1044 et
647 1000 768 1058 tanquam
785 1009 861 1044 mann
878 1010 922 1058 per
940 996 1186 1060 incomprehensibile
1200 998 1262 1047 abas
1281 1000 1373 1049 rationi
1391 998 1479 1051 bunta-

118 1080 166 1114 nae
184 1067 232 1115 iter
250 1065 387 1122 deduxerit,
405 1064 474 1116 haud
492 1066 646 1126 crediderim,
665 1065 718 1116 nlla
735 1067 762 1115 in
779 1080 806 1115 re
826 1071 993 1117 astronomum
1006 1082 1083 1118 caeco
1096 1069 1137 1118 illo
1156 1071 1364 1132 praestantiorem
1383 1077 1408 1121 et
1426 1070 1480 1121 fell·

117 1138 208 1188 morem
221 1151 283 1191 esse.
301 1141 474 1201 praeterquam
487 1137 552 1200 quod
564 1152 607 1186 sno
620 1138 720 1202 ingenio
734 1137 867 1202 aliquando
880 1137 967 1199 fidens,
988 1146 1015 1188 et
1032 1154 1076 1189 sno
1094 1139 1128 1188 illi
1147 1141 1236 1190 baculo
1250 1141 1344 1191 divinos
1362 1141 1482 1193 exhibent

117 1207 236 1270 honora,
260 1209 341 1272 ipsam
359 1207 480 1259 urentem
506 1209 539 1257 ab
564 1208 648 1258 inferis
673 1214 816 1258 revocatam
835 1210 881 1258 sibi
900 1210 1119 1274 congratulabitur.
1157 1211 1205 1262 Ubi
1224 1218 1308 1261 autem
1327 1228 1379 1263 rem
1397 1227 1489 1263 secun·

118 1288 189 1330 recta
205 1281 326 1344 reputarit
344 1279 393 1334 ria,
413 1293 440 1328 se
459 1293 509 1329 non
528 1280 663 1329 beatiorem
682 1278 781 1344 Orpheo
801 1295 856 1330 essa
874 1282 978 1338 sentes,
997 1281 1156 1346 quiquidem
1175 1283 1257 1332 auimo
1275 1298 1347 1334 suam
1365 1298 1392 1333 se
1410 1284 1481 1336 Euri·

118 1350 191 1402 dicen
208 1353 277 1415 aequi
296 1351 423 1407 mmebat,
442 1363 498 1399 cum
518 1365 548 1401 ex
566 1365 623 1401 oreo
642 1351 806 1401 saltabemdus
826 1352 981 1408 ascenderet,
1000 1359 1057 1415 post
1074 1367 1147 1408 vero,
1165 1359 1194 1403 ut
1213 1353 1246 1402 ad
1263 1368 1308 1404 ora
1327 1357 1417 1405 Averni
1435 1355 1493 1405 tuit-

117 1427 274 1485 perrentum,
300 1437 373 1486 quam
391 1422 499 1472 maxime
517 1421 609 1472 habere
628 1436 655 1470 se
678 1423 808 1487 sperabat,
833 1437 863 1472 ex
886 1422 962 1472 oeulis
982 1424 1071 1474 iterum
1090 1423 1122 1474 ad
1140 1424 1231 1475 inferos
1250 1424 1354 1491 delapsa
1372 1427 1480 1479 evanuit

187 1558 233 1623 38)
250 1578 275 1627 p.
296 1559 355 1612 133.
393 1562 479 1627 Comp.
500 1564 669 1629 Appendicem
690 1565 721 1613 nd
740 1565 829 1613 libmm
847 1563 879 1612 V.
899 1563 1104 1616 Harmonicomm
1122 1566 1233 1630 Kepieri.
1265 1566 1403 1618 Ptolemaei
1421 1568 1480 1619 har·

117 1633 228 1690 monica,
248 1647 312 1698 quae
330 1635 430 1686 edenda
447 1636 493 1684 sibi
512 1643 672 1699 pmposnerat
689 1634 827 1699 Kepierus,
846 1651 895 1684 non
913 1637 1063 1699 prodierunt.
1102 1636 1174 1697 Quae
1193 1637 1224 1686 de
1242 1637 1280 1686 hie
1300 1639 1448 1696 absolverat,
1467 1653 1482 1689 a

118 1705 290 1768 manuscriptis
322 1705 424 1769 KepIeri
461 1706 585 1771 Petropoli
619 1708 770 1756 conservatis
803 1707 917 1756 desumto
949 1709 1072 1758 addentur
1105 1708 1266 1759 Harmoniae.
1311 1709 1481 1760 wallisius

116 1775 323 1907 fimifffi
348 1776 422 1827 libros
445 1776 484 1827 111
505 1777 644 1828 Ptolemaei
672 1793 727 1829 curn
756 1780 939 1828 commentariis
962 1778 1088 1845 Porphyrii
1115 1779 1191 1829 edidit
1217 1779 1328 1830 Oxoniae
1353 1794 1377 1830 a.
1403 1776 1480 1830 1381.

130 1861 209 1897 moue.
302 1882 309 1896 .
1090 1855 1096 1867 ¹

191 1985 238 2050 39)
257 2005 281 2053 p.
304 1985 362 2038 131.
393 1987 465 2040 Haec
482 2005 529 2040 rox
549 1991 630 2043 „sacri
643 1998 783 2040 astronomo
796 1991 890 2040 numeri
910 1987 934 2047 6,
956 1988 998 2048 12,
1018 1988 1068 2040 60“
1089 2004 1118 2041 eo
1136 1993 1250 2055 pertinet.
1269 1993 1336 2058 quod
1347 1995 1485 2046 astronomi

117 2062 184 2110 rasio
202 2061 275 2112 modo
294 2060 342 2110 illis
360 2062 398 2110 usi
416 2067 490 2118 eunt,
516 2077 538 2109 r.
559 2077 580 2112 e.
600 2063 729 2112 zodiacum
748 2062 878 2111 dividendo
902 2064 927 2111 in
953 2061 1083 2112 duodecim
1108 2064 1194 2127 signa,
1220 2078 1263 2114 ser
1285 2064 1410 2122 borealia,
1436 2079 1480 2116 sex

31 2140 41 2157 ·'
116 2131 241 2192 amtralia,
261 2133 414 2183 numerando
429 2129 481 2180 360
494 2134 595 2199 gradus,
616 2134 745 2183 duodecim
759 2135 819 2182 anni
830 2148 936 2185 menses,
954 2147 998 2182 sex
1009 2133 1124 2196 planetas
1138 2133 1182 2183 dc.
1197 2132 1289 2198 (comp.
1305 2149 1363 2184 anu.
1377 2135 1480 2199 Kepieri

115 2204 141 2252 in
153 2203 333 2266 praefationem
345 2218 369 2267 g.
387 2215 411 2266 p.
428 2199 499 2262 110).
528 2203 601 2263 Quod
613 2219 670 2253 sero
682 2205 707 2252 in
721 2205 892 2253 muonomicis
905 2205 1128 2266 computationibus
1148 2205 1351 2269 frequentabatur
1362 2221 1479 2258 uumerus

117 2269 160 2331 bt,
180 2274 275 2323 factum
294 2281 341 2330 est,
360 2281 389 2323 nt
406 2274 502 2338 plurimi
518 2277 660 2332 astronomi,
680 2275 720 2340 qui
739 2275 869 2324 ediderunt
887 2275 985 2323 tabulas
1004 2276 1197 2330 astronomicas,
1216 2279 1404 2340 praemitterent
1424 2283 1478 2336 ,ta-

115 2345 200 2395 bulam
217 2346 434 2409 sexagenariam“,
454 2352 480 2395 et
491 2346 615 2401 librorum,
635 2348 800 2396 astronomiae
813 2352 948 2409 praecepta
959 2347 1119 2405 tradentium,
1139 2348 1209 2396 multi
1228 2348 1348 2398 referrent
1368 2348 1477 2414 ,logisti-

115 2430 171 2465 cam
190 2416 406 2481 seragenariam“.
435 2416 506 2477 Quae
526 2416 672 2482 ,logistica“
693 2432 767 2479 quum
786 2418 885 2479 saepius
904 2425 1017 2465 occurrat
1035 2418 1060 2466 in
1074 2418 1170 2480 scriptis
1183 2418 1295 2481 Kepieri,
1313 2419 1377 2468 haee
1391 2421 1479 2483 paneis

115 2487 227 2536 notanda
244 2498 389 2538 censemus:
418 2487 480 2539 Cum
497 2487 545 2539 illis
563 2489 712 2552 temporibus
732 2488 865 2538 hacdonee
883 2487 1017 2537 decimales
1035 2488 1144 2538 nondum
1162 2490 1188 2538 in
1206 2505 1252 2538 usu
1271 2496 1369 2545 essent,
1396 2496 1476 2539 astro-

115 2559 181 2607 nomi
200 2559 232 2608 ad
251 2559 428 2609 sublevandum
441 2559 564 2609 calculum
577 2575 699 2619 numeros,
719 2572 820 2623 quorum
833 2559 980 2622 praecipuus
993 2559 1051 2623 ipsis
1063 2574 1122 2608 usus
1136 2567 1197 2615 erat,
1219 2557 1261 2616 60,
1284 2555 1338 2623 ¹l„„
1360 2557 1417 2623 'lm
1429 2558 1477 2611 dc.

114 2629 188 2678 simili
205 2630 257 2680 fere
275 2630 371 2680 ratione
391 2629 554 2687 adhibebant,
579 2645 629 2696 qua
646 2645 712 2680 nuno
731 2631 864 2680 fractiones
883 2629 1016 2680 decimales
1035 2634 1151 2690 utuntur,
1172 2632 1313 2679 omittentes
1333 2629 1478 2682 denomina-

116 2708 196 2757 tores;
221 2702 259 2750 ita
276 2707 304 2750 ut
323 2697 485 2751 donnicatas
505 2702 595 2751 ordinis
614 2703 749 2755 inferioris,
775 2698 787 2747 1
809 2701 932 2751 unitatem
955 2700 1047 2749 ordinis
1071 2702 1200 2764 superioris
1226 2707 1350 2765 aequent;
1375 2703 1426 2752 sire
1450 2707 1479 2752 ni

115 2771 195 2821 verbis
213 2772 339 2835 scriptoris
355 2771 453 2821 illorum
471 2778 608 2836 temporum
627 2773 696 2833 (Seb.
716 2772 874 2828 Theoderici,
901 2773 941 2821 cui
965 2772 997 2821 ab
1021 2771 1081 2820 nrbe
1103 2774 1185 2834 patria
1208 2771 1360 2822 Winshemio
1387 2786 1479 2824 nomen

116 2849 170 2900 est,
196 2843 222 2893 in
237 2843 335 2892 libello:
362 2842 492 2908 Logistica
510 2847 684 2894 astronomica.
707 2840 786 2904 1333)
805 2850 919 2892 utamur:
946 2844 1130 2906 ,integrum
1149 2844 1256 2893 medinm
1275 2843 1356 2893 locum
1375 2845 1479 2905 obtinet,

115 2914 290 2964 collectum
314 2917 481 2980 sexagenaria
505 2915 631 2966 additium
659 2915 787 2967 constitnit
811 2928 993 2979 sexagenamm
1015 2914 1140 2970 ordinem,
1167 2914 1310 2964 divisum
1334 2931 1391 2966 rero
1410 2929 1483 2967 sexa·

114 2985 221 3050 genaria
238 2985 356 3035 divisione
374 2985 452 3036 efficit
468 2987 638 3050 scrupulorum
656 2985 792 3037 ordinem*

185 3121 233 3186 40)
252 3140 276 3189 p.
297 3123 357 3176 tto.
392 3125 466 3178 Hane
484 3127 516 3178 de
534 3126 690 3179 conferendis
708 3129 815 3177 motibus
834 3127 981 3178 coelestibus
1005 3140 1060 3176 cum
1079 3128 1145 3176 souis
1163 3126 1313 3177 harmonicis
1332 3127 1480 3190 disputatio-

114 3211 173 3247 nem
199 3204 225 3246 et
248 3198 375 3262 utriusque
400 3213 456 3247 cum
479 3201 588 3249 sectione
607 3199 692 3248 circuli
711 3200 736 3247 in
754 3205 838 3263 partes
859 3199 1025 3256 „radonales“
1051 3200 1275 3262 comparationem,
1303 3213 1377 3263 quam
1395 3199 1481 3262 paucis

114 3270 155 3318 hio
175 3268 293 3326 absolsit,
312 3268 435 3332 Kepierus
454 3269 519 3319 breri
538 3278 594 3335 post
613 3269 708 3319 editum
727 3270 885 3320 Prodromum
904 3271 1013 3334 pluribus
1032 3270 1183 3334 aggreditur,
1203 3271 1368 3320 fundamenta
1384 3271 1481 3330 jaciens

27 3344 33 3360 '
115 3340 196 3404 operis
214 3338 278 3389 illins
302 3339 465 3396 celeberrimi,
495 3341 664 3399 „Harmoniae
684 3340 804 3398 Mundi,“
830 3343 855 3388 in
882 3355 929 3405 qno
952 3356 1004 3390 rem
1028 3342 1126 3405 propius
1153 3341 1186 3391 ad
1209 3348 1287 3391 artem
1311 3342 1481 3404 rationemque

115 3417 225 3461 revocat.

186 3481 324 3531 Primordia
341 3480 414 3545 hujus
432 3482 605 3548 disputationis
632 3482 726 3532 subtilis
751 3490 777 3532 et
801 3482 930 3531 abstmsae
954 3481 1161 3544 deprehendimus
1183 3484 1209 3531 in
1234 3482 1310 3532 literis
1334 3481 1368 3531 ad
1385 3480 1481 3531 Maest-

116 3554 195 3604 linum
212 3553 278 3603 datis
296 3553 321 3602 d.
342 3551 384 3603 23.
403 3554 470 3621 Aug.
491 3552 573 3611 ttae,
594 3557 634 3605 eui
652 3554 715 3605 haec
734 3554 765 3603 de
784 3554 872 3603 studiis
889 3555 940 3602 suis
958 3553 1048 3602 refert:

195 3663 259 3716 Jam
272 3667 448 3732 tempua‘eet,
464 3670 500 3717 ut
514 3663 579 3717 tibi
593 3680 722 3733 quoque
737 3663 923 3716 studiorum
939 3677 1083 3715 meorum
1099 3660 1270 3715 rationem
1283 3661 1426 3713 reddam.
1451 3658 1480 3713 Si

114 3743 261 3814 'tubingae
282 3759 380 3806 essem,
405 3759 505 3797 novum
527 3743 647 3813 aliquem
661 3750 691 3796 et
704 3744 815 3796 brevem
831 3741 954 3796 libellum
976 3741 1133 3794 meditarer.
1162 3740 1235 3793 Sane
1251 3739 1315 3810 quia
1329 3738 1481 3793 rectissime

114 3823 281 3880 Maestlinus
295 3822 349 3875 mei
367 3822 501 3878 similibus
525 3823 643 3893 dixerit:
667 3822 726 3876 sine
748 3840 790 3877 me
812 3822 880 3875 nihil
896 3821 1014 3891 potestis
1034 3821 1136 3875 facere.
1167 3820 1237 3873 Nam
1251 3818 1481 3890 cosmographiae

115 3903 226 3959 libellos
241 3904 280 3956 IV
304 3919 357 3956 non
379 3904 521 3967 tractabo,
546 3903 596 3957 nisi
616 3902 754 3974 Tychonis
777 3902 942 3956 editionibus
964 3902 1154 3971 supervixero.
1193 3899 1301 3953 Titulus
1321 3900 1408 3953 libro:
1431 3899 1481 3952 De

115 3982 300 4038 Harmonia
314 3983 433 4037 mundi.
461 3984 563 4054 Arrige
579 4000 670 4037 aures.
698 3980 821 4056 Εὖρηκα.
849 3983 969 4037 Primum
983 3981 1130 4052 dupliciter
1145 3980 1354 4033 considerantur
1371 3979 1480 4050 quanti·

114 4071 197 4119 tates.
219 4067 277 4118 Aut
286 4063 314 4116 in
325 4069 427 4134 quarta
437 4065 498 4131 (sio)
514 4063 606 4133 specie
616 4063 770 4136 qualitatis,
786 4071 816 4116 et
830 4065 900 4117 dunt
915 4064 931 4118 5
944 4078 1061 4133 corpora
1074 4060 1225 4131 regularia,
1245 4059 1481 4122 l3Archimedea,

114 4151 144 4198 ει
161 4144 256 4198 forsan
276 4143 383 4214 aliquot
396 4143 580 4211 Kepieriana,
602 4143 753 4212 cujusmodi
775 4162 859 4198 unum
880 4144 930 4198 tibi
952 4144 1012 4197 loco
1033 4140 1172 4196 honorarii
1194 4140 1273 4194 mitto
1288 4139 1483 4193 conficiendum

115 4223 197 4279 isthic
211 4242 248 4279 ex
269 4223 409 4278 duodecim
435 4220 459 4293 li
479 4245 484 4278 :
507 4224 596 4295 possit
614 4225 687 4279 enim
696 4225 762 4293 jure
776 4224 874 4279 merito
890 4223 962 4278 inter
975 4221 1121 4294 regularia
1134 4220 1244 4282 referri,
1260 4219 1312 4273 nisi
1327 4221 1398 4291 quod
1413 4216 1482 4272 nihil

115 4311 161 4360 est
175 4304 261 4368 aliud,
277 4320 359 4375 quem
373 4306 564 4361 dodeeoedron
579 4311 690 4360 auctum
706 4302 767 4372 (sed
782 4296 1015 4376 regularissime).
1041 4302 1122 4356 Alter
1137 4300 1324 4371 quantitatum
1338 4304 1482 4369 respectus

70 4447 73 4451 ⁴
116 4391 161 4440 est
175 4402 229 4440 uon
242 4401 480 4459 σωματοποιησις,
504 4387 552 4439 sed
567 4386 735 4454 comparatio
750 4401 842 4439 rerum
856 4385 984 4455 ipsarum,
1001 4374 1071 4454 quae
1087 4381 1192 4435 suntin
1207 4397 1335 4453 σωμασιν
1348 4380 1376 4433 in
1391 4376 1482 4451 planis

116 4473 146 4519 et
159 4465 253 4520 solidis
268 4465 457 4537 regularibus.
487 4466 528 4521 lbi
544 4466 615 4520 enim
630 4466 757 4519 metimur
775 4466 883 4528 latere,
908 4465 1027 4536 angulos
1048 4461 1109 4525 dcc,
1134 4463 1186 4515 hoc
1209 4470 1266 4523 est,
1291 4474 1482 4530 comparamus

116 4545 169 4600 illa
182 4547 218 4601 ad
232 4551 337 4600 certam
351 4563 515 4601 mensuram.
544 4545 597 4601 Sed
616 4546 688 4600 haec
706 4552 791 4599 extra
809 4546 896 4599 oleas.
927 4546 996 4598 lllud
1015 4560 1098 4597 unum
1120 4543 1267 4596 tenendum
1288 4541 1348 4603 hic,
1371 4554 1482 4611 geome-

117 4627 189 4681 triae
212 4626 352 4697 ubjectum
371 4642 433 4680 esse
448 4630 552 4698 ιογους
570 4633 600 4679 ει
620 4623 780 4695 ἀναιογιας.
809 4626 861 4679 Sed
876 4630 963 4696 loyor
981 4623 1128 4693 simplicior
1141 4628 1171 4674 et
1183 4621 1266 4691 prior.
1295 4625 1405 4692 Λογων
1419 4622 1484 4672 aunt

117 4706 223 4770 induiti,
244 4713 276 4760 ut
290 4712 377 4760 antea
390 4706 604 4776 superficierum,
625 4712 657 4759 ut
672 4723 822 4774 corporum.
851 4706 905 4760 Sed
920 4713 1012 4759 tamen
1027 4704 1275 4764 demonstrandum,
1298 4718 1361 4755 esse
1379 4714 1483 4772 paucos

118 4787 225 4858 aliquos
240 4785 371 4857 pulchros
385 4787 510 4850 eximios,
533 4789 616 4841 etad
636 4786 840 4841 similitudinem
862 4796 1005 4854 corporum
1026 4783 1179 4854 regulares.
1208 4783 1264 4835 Eos
1280 4798 1377 4835 sensus
1392 4778 1484 4853 prodit

117 4867 146 4924 iu
166 4867 286 4926 musica:
312 4859 351 4930 ¹!r,
369 4862 410 4932 ¹11,
435 4861 475 4933 ⁸ir,
493 4861 534 4932 ’1,
551 4859 593 4931 ⁴!s,
612 4862 654 4933 ‘ia
673 4861 714 4931 ’1,
733 4860 763 4926 ‘ie
786 4884 847 4921 cum
866 4866 922 4920 suis
937 4863 1130 4936 completoriis.
1159 4861 1208 4916 isti
1226 4865 1310 4934 loyor
1330 4868 1395 4917 sunt
1413 4875 1483 4918 roo-
