3428 5542
702 294 784 345 usus
803 297 919 345 suenus.
1428 296 1485 361 ιιι

129 457 273 529 quicquam
294 457 393 511 hahet:
418 463 450 511 ut
464 457 570 511 scilicet
592 457 697 512 numeri
712 474 823 520 omnes,
850 457 896 528 qui
916 474 999 512 unum
1022 458 1141 528 aliquem
1160 458 1341 523 emetiuntur,
1366 459 1394 514 iu
1408 476 1491 515 uuum

128 536 252 600 conflati,
277 544 399 606 aequent
411 546 608 592 mensuratum.
649 537 703 591 Est
716 537 823 609 quidem
838 537 995 608 aequalitas
1012 539 1157 608 pulchrum
1174 538 1327 610 quippiam,
1351 541 1400 592 sed
1420 540 1491 595 haee

128 617 284 688 aequalitas
299 616 418 670 numeris
433 616 516 687 ipsis,
541 617 650 671 ratione
671 615 713 670 sui
728 616 849 686 ipsorum
870 618 1042 689 singulorum
1065 625 1110 672 est
1124 618 1321 679 accidentarias
1346 636 1396 673 uec
1416 619 1490 690 quic·

127 714 209 769 quam
224 698 306 751 euers
320 697 354 751 ad
369 713 463 750 eorum
480 696 719 760 constitutionem,
735 699 783 750 sed
797 698 920 751 resultat
934 698 1101 752 necessitate
1115 697 1286 770 geometrica
1300 715 1336 751 ex
1350 697 1410 766 jam
1426 716 1489 754 con·

127 776 247 840 stitutis;
268 795 320 831 nec
334 778 383 830 dat
396 776 463 846 ipsis
478 779 538 840 hoc,
564 783 595 830 ut
609 776 665 831 sint
678 777 767 846 magis
783 777 937 840 articulati;
961 795 1020 831 cum
1038 784 1131 831 tamen
1147 777 1220 831 circa
1233 777 1320 846 ipsam
1335 777 1407 831 hanc
1422 779 1489 832 arti·

126 857 295 911 culationcm
309 863 469 927 occupetur,
486 864 516 910 et
530 873 566 910 ea
580 858 777 926 quodammodo
791 857 952 912 definiatur:
975 858 1040 927 quin
1050 858 1152 928 potius,
1169 857 1215 927 qui
1226 857 1344 925 jubetur
1363 858 1436 911 hanc
1450 858 1490 912 sic

126 938 228 991 dictam
241 937 440 1006 perfectionem
454 937 598 1000 affectare,
624 936 646 989 is
661 936 714 989 boc
728 935 787 1006 ipso
803 936 1046 1000 circumscribitur,
1069 956 1103 990 ne
1127 937 1216 1011 possit
1230 953 1336 990 sumere
1356 938 1488 992 articula·

126 1017 254 1071 tissimus.
294 1018 334 1070 Et
355 1022 388 1070 ut
409 1016 486 1085 prius
507 1033 599 1070 sumus
622 1016 780 1070 ratiocinati
803 1018 836 1069 de
852 1017 1027 1078 sectionibus,
1052 1017 1091 1070 sic
1112 1033 1183 1071 nunc
1204 1017 1289 1070 etiam
1313 1019 1346 1070 de
1370 1017 1488 1071 numeris

126 1096 321 1152 emetientibus
344 1111 429 1150 unum
442 1096 562 1167 aliquem
576 1096 666 1150 dicere
688 1112 850 1166 possumus:
872 1098 943 1166 quod
958 1097 1065 1150 scilicet
1086 1097 1161 1166 prius
1177 1096 1295 1167 quilibet
1314 1097 1424 1151 illorum
1436 1115 1488 1167 pro

126 1196 156 1232 se
171 1177 231 1247 ipsc
250 1175 398 1229 emetiatur
420 1175 592 1247 propositum
605 1193 758 1239 numerum,
784 1194 838 1230 non
852 1177 989 1246 accipiens
1014 1178 1087 1230 hauc
1108 1185 1235 1231 naturam
1260 1178 1296 1229 ab
1314 1178 1506 1248 aequalitate,

126 1264 290 1328 praetensa,
316 1258 362 1309 sed
378 1263 478 1325 postea
492 1258 599 1310 demum
613 1257 722 1309 accidat
736 1256 792 1311 illis
807 1256 940 1328 singulis.
965 1263 996 1310 ut
1017 1257 1137 1309 universi
1156 1264 1277 1326 aequent
1291 1264 1487 1312 mensuratum.

125 1337 193 1390 Vide
209 1337 256 1392 lib.
274 1353 334 1390 meo
349 1336 396 1390 111.
412 1337 544 1390 Harmou.
566 1337 618 1390 sub
640 1337 721 1389 finem
740 1335 840 1406 capitis
855 1336 882 1390 3.
907 1337 997 1389 locum
1021 1336 1145 1401 similem,
1169 1339 1202 1391 de
1224 1353 1337 1391 occursu
1362 1337 1485 1402 ternarii,

126 1434 176 1486 pro
192 1435 244 1488 quo
259 1415 304 1470 hic
318 1423 363 1471 est
376 1433 504 1472 occursus
519 1416 707 1486 aequalitatis.
749 1416 810 1471 Non
834 1416 897 1486 plus
920 1416 1007 1487 igitur
1021 1416 1131 1471 virtutis
1146 1423 1176 1471 et
1189 1417 1366 1471 dexteritatis
1381 1418 1489 1471 confert

126 1497 245 1551 numeris
269 1497 340 1550 haec
358 1495 531 1566 aequalitas,
557 1513 637 1566 quam
653 1495 795 1567 agricolae
817 1495 938 1551 inventio
953 1495 1091 1558 thesauri;
1115 1504 1148 1551 ut
1168 1496 1299 1550 credibile
1313 1512 1486 1567 nequaquam

126 1577 175 1638 sit,
207 1576 344 1629 senarium
364 1576 426 1629 Dec
453 1575 571 1629 creatori
595 1574 733 1645 placuisse
757 1581 873 1644 propter
893 1576 964 1629 hauc
988 1575 1114 1630 indolem.
1158 1576 1226 1629 Dico
1250 1579 1382 1639 secundo,
1415 1578 1486 1631 hanc
1523 1607 1529 1618 ·

126 1657 297 1710 affectionem
313 1674 366 1709 nou
380 1663 537 1726 competere
551 1655 679 1718 numeris,
702 1662 735 1709 ut
748 1655 964 1710 numerantibus.
1007 1656 1037 1709 Id
1060 1655 1142 1709 facile
1166 1657 1300 1724 probatur
1314 1675 1349 1711 ex
1364 1656 1485 1711 Euclidis

125 1737 172 1790 lib.
188 1736 247 1790 vn.
261 1735 335 1791 Vlll.
351 1734 400 1789 lX.
445 1736 480 1789 Ut
494 1736 565 1789 enim
580 1742 678 1789 auctor
700 1734 749 1789 ille
763 1736 939 1798 demonstret,
964 1734 1053 1789 inesse
1068 1734 1228 1804 quibusdam
1253 1736 1323 1789 hanc
1336 1736 1484 1806 perfectio·

124 1832 193 1878 uem,
217 1815 328 1886 cogitur
339 1816 381 1869 uti
397 1816 515 1869 numeris
529 1815 667 1887 figuratis,
683 1814 709 1868 id
724 1821 775 1878 est,
792 1822 823 1868 ut
837 1815 948 1868 scholae
964 1815 1121 1886 loquuntur,
1137 1816 1255 1870 numeris
1271 1816 1421 1870 numeratis
1436 1833 1485 1870 seu

125 1895 405 1967 parallelogrammis,
421 1896 532 1966 aequali
547 1911 676 1950 mensura
689 1895 782 1948 divisis
797 1894 824 1948 in
839 1896 952 1966 longum
967 1902 996 1948 et
1010 1895 1107 1949 latum.
1150 1896 1242 1958 Quare
1259 1896 1282 1948 si
1297 1911 1352 1967 qua
1366 1897 1485 1950 maxime

124 1975 279 2030 nobilitatis
294 1981 363 2028 ncta
377 1983 460 2040 esset,
484 1976 555 2029 haec
568 1976 608 2029 sic
622 1976 697 2029 dicta
709 1975 852 2044 perfectio,
872 1975 924 2029 illa
937 1975 1024 2044 primo
1039 1982 1208 2045 competeret
1223 1976 1399 2048 geometricis
1413 1976 1484 2047 figu-

121 2057 168 2110 ris.
210 2056 271 2109 Etsi
286 2071 352 2108 reru
375 2055 501 2108 cenamus
517 2072 610 2110 reram
624 2072 702 2109 suam
723 2061 753 2108 et
766 2056 870 2108 realem
892 2056 1066 2110 nobilitatem
1085 2056 1172 2109 hahet
1186 2073 1201 2108 s
1216 2057 1387 2127 sexangulo,
1412 2072 1485 2126 quae

122 2140 213 2207 figura
228 2136 316 2205 ipsum
330 2136 461 2204 provehit
473 2136 502 2190 in
516 2136 661 2206 disciplina
674 2135 841 2196 harmonica,
865 2153 918 2188 nou
933 2136 994 2189 ideo
1010 2144 1100 2189 tamen
1116 2135 1201 2189 etiam
1216 2138 1249 2190 ad
1264 2136 1484 2191 constituendum

121 2231 262 2271 numerum
277 2215 469 2284 primariorum
481 2215 573 2270 mundi
588 2232 731 2286 corporum
753 2214 785 2267 tt
800 2221 892 2284 aptus.
934 2215 1038 2286 Figura
1062 2216 1133 2269 enim
1157 2217 1207 2269 illa
1221 2215 1352 2270 circulum
1373 2224 1404 2270 ut
1419 2233 1482 2269 cou-

122 2296 227 2351 tinuam
251 2297 435 2367 quantitatem
459 2295 485 2350 in
509 2315 560 2351 sex
583 2303 679 2365 partes
704 2295 812 2349 dividit:
837 2311 954 2364 corpora
975 2298 1114 2350 mundans
1134 2313 1188 2349 nun
1204 2304 1268 2350 sunt
1291 2303 1387 2366 partes
1403 2295 1483 2350 unius

122 2375 269 2430 continuae
294 2375 466 2446 quantitatis.
510 2377 563 2430 llla
583 2377 676 2446 figura
698 2374 771 2429 inter
793 2375 893 2444 planas
918 2384 973 2429 est:
999 2375 1158 2445 corporibus
1180 2394 1246 2429 reru
1269 2377 1360 2430 mundi
1384 2376 1481 2440 solida,

122 2474 171 2509 seu
186 2454 268 2510 trium
283 2455 480 2511 dimensionum
500 2455 594 2527 spatia
607 2457 674 2509 data
688 2460 752 2509 suut
773 2456 960 2525 peragranda.
1003 2456 1089 2510 Recte
1112 2454 1198 2526 igitur
1218 2455 1360 2525 repudiavi
1381 2455 1482 2509 senarii

122 2537 208 2606 ipsius
231 2553 281 2606 per
295 2552 324 2589 ss
346 2535 511 2590 considerati
526 2539 613 2599 dotes,
640 2554 674 2588 ne
698 2534 878 2588 adsciscerem
899 2535 963 2588 illas
989 2535 1060 2588 inter
1083 2551 1182 2588 causas
1202 2535 1304 2589 senarii
1329 2536 1479 2589 coelorum:

122 2623 197 2669 recte
212 2615 315 2679 censui,
341 2616 496 2685 oportuisse
520 2617 687 2687 praecedere
701 2631 800 2668 causas
822 2614 929 2684 aliquas
947 2614 1098 2679 evidentes,
1123 2632 1160 2668 ex
1175 2616 1273 2684 quibus
1288 2614 1384 2668 deinde
1400 2618 1480 2669 seua·

122 2698 177 2750 rius
199 2697 252 2749 iste
267 2697 406 2750 coelorum
429 2699 502 2751 ultro
525 2698 689 2756 resultarem
714 2694 785 2747 sicut
809 2694 1008 2748 inharmonice
1025 2695 1178 2764 disciplina,
1201 2694 1291 2748 causis
1306 2694 1480 2765 praegressis

122 2777 234 2840 idoneis,
256 2778 379 2831 resultat
392 2783 422 2830 et
434 2775 573 2831 ternarius
588 2775 795 2830 consonantium
810 2774 837 2826 in
852 2774 921 2827 idem
935 2791 1062 2828 sonorum
1086 2783 1116 2829 et
1130 2774 1304 2844 septenarius
1319 2774 1480 2828 divisionum

123 2856 350 2911 harmonicorum.

200 2934 232 3001 h)
249 2939 304 2991 lmc
328 2937 407 2990 ideae
430 2936 618 3006 quantitatum
642 2944 707 2989 sunt
730 2941 863 3005 erantque
882 2936 942 2988 Dec
967 2943 1140 2999 coaeternae,
1164 2937 1240 2989 Deus
1263 2934 1338 3005 ipse;
1363 2944 1483 3006 suntque

122 3018 211 3071 adhuc
225 3016 426 3086 exemplariter
440 3016 467 3070 iu
482 3016 579 3071 animis
604 3018 638 3070 ad
653 3015 800 3086 imaginem
815 3015 868 3068 Dei
883 3010 981 3081 (etiam
1003 3016 1126 3069 essentia
1140 3013 1202 3080 sua)
1225 3016 1313 3078 iactis,
1339 3031 1395 3086 qua
1409 3015 1437 3069 iu
1450 3031 1481 3069 rs

121 3097 298 3151 consentiunt
318 3096 438 3166 gentiles
460 3095 619 3166 philosophi
642 3102 671 3149 et
692 3097 818 3149 ductores
842 3095 986 3149 ecclesiae.

202 3172 224 3245 i)
247 3176 417 3246 Scripseram
430 3177 486 3231 ista
499 3177 563 3231 mihi
579 3176 644 3239 scli;
669 3175 860 3245 intelligebam
875 3175 961 3246 igitur
975 3192 1025 3245 pro
1040 3176 1127 3230 Terra
1146 3176 1248 3239 orbem,
1273 3192 1325 3246 quo
1341 3173 1392 3228 illa
1405 3173 1481 3227 vehi·

122 3268 174 3320 tur,
196 3273 356 3328 maguum
383 3257 565 3327 aCopernicc
580 3257 693 3310 dictum:
715 3255 754 3308 sic
769 3273 818 3324 pro
833 3255 957 3325 quolibet
971 3256 1097 3325 planeta,
1120 3256 1212 3310 orbem
1228 3256 1324 3326 ipsius.
1365 3254 1403 3308 Et
1416 3270 1480 3324 per·

121 3338 192 3390 tinet
214 3336 340 3390 ultimum
363 3352 480 3391 comma:
513 3335 609 3391 Habes
628 3336 763 3390 rationem
787 3334 833 3390 dc.
858 3335 944 3389 etiam
967 3338 1000 3389 ad
1024 3337 1097 3391 hauc
1120 3354 1156 3390 ex
1181 3336 1287 3390 schedis
1312 3335 1482 3404 exscriptam

120 3416 297 3471 seutentiam.

199 3494 232 3562 lx)
255 3496 395 3551 Laboravi
418 3496 571 3566 pueriliter,
598 3512 631 3549 ne
646 3494 706 3567 quis
721 3494 785 3549 mihi
809 3495 967 3564 imputaret,
991 3513 1034 3549 me
1053 3502 1214 3549 novatorem
1229 3512 1300 3558 esse,
1324 3494 1481 3549 ostentandi

120 3579 209 3631 solum
222 3577 328 3648 ingenii
342 3594 429 3631 causa
451 3577 550 3631 librum
571 3575 728 3646 scripsisse:
752 3575 795 3628 his
809 3575 925 3644 opposui
940 3582 971 3630 et
984 3582 1077 3629 votum
1090 3583 1121 3629 et
1143 3575 1342 3645 penitissimum
1363 3590 1480 3643 persua·

122 3658 224 3711 sionem
239 3659 272 3710 de
287 3657 408 3711 veritate
422 3672 524 3719 comm,
549 3672 621 3726 quae
642 3657 714 3709 liber
728 3654 890 3718 contineret,
915 3664 944 3709 et
958 3656 1075 3725 denique
1097 3658 1223 3709 ardorem
1242 3653 1397 3708 conferendi
1420 3670 1479 3706 cum

122 3738 184 3791 aliis
207 3740 241 3792 de
264 3738 308 3792 his
331 3737 459 3792 inventis.
501 3738 539 3790 Et
561 3745 651 3800 erant,
676 3736 780 3806 opinor,
803 3734 917 3791 idoneae
942 3752 1043 3790 causae
1065 3735 1230 3806 profligandi
1251 3734 1362 3804 pudoris
1384 3733 1480 3803 inepti.
