3428 5542
181 307 248 374 372
602 308 703 358 bitem
720 307 823 372 Kopion
841 308 992 372 aliorumque
1009 312 1113 356 mutuas

181 477 342 550 portunnm
375 466 434 545 ipsi
468 466 526 527 fuit
558 466 595 526 de
619 466 720 527 mundi
748 466 913 547 archetypo
937 465 1090 544 cogitare,
1125 463 1174 543 qui
1197 473 1245 526 est
1267 463 1299 524 in
1321 457 1493 542 geometria
1513 465 1546 520 et

182 556 357 619 nominatim
382 556 410 615 iu
425 552 562 627 Euclide,
586 554 765 633 philosopho
789 562 837 614 ter
851 553 991 615 maximo.
1030 551 1126 613 Nobis
1145 560 1277 626 constat,
1301 558 1544 612 creatnmmnn·

181 646 250 707 dnm
274 652 306 706 et
325 651 497 722 quantum
523 642 654 716 factum;
678 642 881 721 geometricae
896 643 1008 722 figurae
1033 642 1077 715 (h.
1092 660 1119 703 e.
1145 638 1450 721 quantitativae)
1472 644 1544 699 snut

180 734 264 795 entia
296 731 432 794 rationis.
479 729 573 790 Ratio
605 739 738 792 aeterna.
785 731 868 810 Ergo
902 731 1014 810 figurae
1047 730 1251 809 geometricae
1283 738 1356 790 sunt
1387 734 1543 810 aeternae,

180 840 288 902 nempe
313 820 352 881 ab
376 827 499 881 aeterno
523 837 625 899 verum
649 819 768 880 eratin
792 827 892 881 mente
915 818 988 892 Dei,
1019 818 1124 879 lateris
1155 817 1336 898 tetragonici
1360 811 1544 896 quadratum

179 931 206 972 e.
223 929 266 991 gr.
287 928 355 971 esse
379 907 532 970 dimidium
556 907 592 968 de
608 909 755 986 quadrato
771 908 920 969 diametri.
962 906 1045 985 Ergo
1069 917 1206 985 quanta
1228 915 1300 969 sunt
1313 904 1419 967 mnndi
1432 901 1543 964 arche-

179 1008 280 1081 typus.
328 997 363 1059 Si
386 997 470 1058 Dens
494 995 709 1076 ipsoparpqoer
738 998 817 1057 inter
844 995 1020 1069 creandum,
1055 1003 1086 1055 et
1109 996 1257 1059 animales
1281 993 1448 1056 facultates
1473 996 1544 1051 sunt

179 1086 364 1168 exemplaria
377 1085 452 1159 Dei;
476 1085 638 1146 secuudum
663 1084 752 1146 illud:
778 1084 996 1159 „Praesentem
1016 1083 1110 1146 refert
1130 1086 1285 1165 quaelibet
1297 1081 1396 1144 herba
1408 1076 1543 1151 Denm,“

178 1194 250 1256 ergo
282 1184 313 1237 et
345 1175 492 1236 animales
525 1173 687 1234 facultates
716 1193 933 1251 ysopsrpooor,
967 1173 1037 1233 dum
1072 1173 1104 1234 id
1127 1193 1201 1254 opus
1225 1173 1422 1242 continuant,
1457 1165 1542 1244 cujus

178 1264 278 1344 operis
310 1264 423 1325 creatio
459 1260 530 1323 fecit
561 1261 685 1323 initium.
733 1261 795 1323 Sed
818 1263 895 1323 satis
928 1263 965 1322 de
990 1261 1035 1321 his
1059 1260 1088 1322 in
1113 1262 1327 1340 disputatione.
1374 1256 1544 1320 Confirmat

178 1362 279 1415 autern
303 1372 366 1414 rem
391 1351 545 1411 musica.
591 1351 683 1412 Dicat
706 1350 778 1412 mihi
802 1351 868 1430 quis
884 1370 1007 1411 causam
1023 1349 1113 1411 aliam
1138 1359 1311 1422 concentus,
1337 1365 1392 1409 cnr
1407 1352 1541 1407 mens

179 1442 320 1513 delectet,
346 1439 378 1501 δι’
395 1436 469 1500 ἑπτα
492 1439 626 1500 offendat
648 1459 747 1512 aures,
772 1457 862 1518 quam
886 1439 962 1499 hanc
986 1438 1094 1517 ipsam,
1120 1458 1209 1518 quam
1229 1457 1285 1518 ego
1300 1437 1379 1509 dico,
1405 1449 1540 1495 commu·

178 1549 245 1591 nem
268 1529 400 1591 musicae
425 1537 457 1588 et
480 1529 664 1605 aspectibus.
711 1526 774 1590 Sed
798 1528 966 1608 supplenda
990 1527 1037 1588 liic
1061 1527 1195 1588 delinitio
1214 1527 1365 1587 rationum
1385 1517 1540 1585 harmoni·

178 1637 280 1679 carum
303 1636 341 1678 ex
364 1616 562 1691 harmonicis,
596 1624 630 1677 ut
658 1618 782 1690 videas,
819 1636 886 1677 esse
910 1625 1028 1677 tantum
1052 1624 1131 1678 octo.
1177 1616 1270 1677 Ratio
1294 1611 1472 1676 harmonica
1494 1616 1542 1670 est

176 1707 255 1769 ratio
281 1707 435 1784 perfecta,
468 1704 566 1765 solida
598 1713 630 1766 et
655 1725 734 1766 nexa
761 1726 780 1765 a
807 1706 924 1767 ratione
955 1704 1159 1784 aequalitatis.
1207 1703 1350 1766 Perfecta
1382 1699 1465 1763 ratio
1490 1703 1539 1760 est

177 1797 255 1857 inter
278 1795 423 1855 terminos
446 1793 607 1872 perfectos.
655 1793 786 1854 Termini
809 1794 937 1877 perfecti
961 1804 1032 1854 suut
1051 1794 1165 1855 numeri
1180 1793 1339 1872 figurarum
1354 1787 1539 1870 regularium

177 1882 469 1955 demonstrabilium,
503 1882 532 1943 h.
558 1900 584 1943 e.
614 1900 738 1961 quarum
766 1883 864 1943 latera
896 1884 943 1943 vel
967 1905 1042 1943 κατα
1065 1904 1157 1960 μηκος
1190 1884 1238 1944 rel
1262 1905 1338 1944 seeo
1360 1881 1476 1949 alatos
1493 1897 1538 1939 oss

148 2042 152 2048 ,
178 1993 412 2051 τετραγωνισμω
436 1972 483 2042 (et
506 1970 561 2031 hoc
584 1970 633 2031 vel
658 1966 769 2044 ἁπλως,
793 1973 839 2033 vel
863 1976 1039 2049 npoodsoer,
1063 1973 1111 2032 vel
1135 1970 1292 2049 dperpeoa
1316 1968 1446 2031 alterius
1462 1983 1539 2046 qna·

179 2062 259 2124 drati
282 2062 346 2123 noti
370 2084 417 2121 και
435 2053 536 2138 ῥητου,
560 2068 592 2119 et
615 2059 813 2138 completione
837 2061 975 2136 figurae),
1001 2069 1072 2120 sunt
1094 2059 1312 2134 comparabilia
1336 2077 1403 2120 cum
1420 2054 1536 2117 diame-

178 2160 225 2214 tro
258 2150 370 2212 circuli.
422 2151 504 2219 (Nola
523 2156 625 2220 Kepleri
644 2158 669 2205 in
687 2159 817 2222 margine:
850 2161 922 2213 Huic
948 2159 1174 2228 contemplationi
1201 2160 1372 2212 diversorum
1400 2157 1537 2227 gradun!

177 2247 389 2318 comparationis
404 2247 522 2301 laterum
536 2265 596 2301 cum
606 2248 739 2301 diametro
754 2249 847 2302 circuli
857 2249 1036 2317 peculiariter
1045 2252 1195 2318 deputatus
1206 2258 1250 2302 est
1258 2248 1331 2301 liber
1340 2247 1376 2299 X.
1387 2235 1536 2308 Euclidis.)

177 2327 257 2387 Nam
281 2327 466 2404 comparatio
491 2335 538 2387 est
560 2328 752 2401 mensuratio,
777 2346 949 2389 mensurare
974 2339 1022 2387 est
1043 2329 1139 2401 seire3
1164 2328 1271 2388 infiniti
1291 2325 1374 2386 nulia
1396 2337 1537 2383 mensura

176 2416 225 2476 vel
250 2415 387 2476 scientia.
435 2414 613 2493 Septanguli
638 2415 731 2485 latus,
756 2427 789 2476 ut
813 2424 845 2476 et
867 2416 1043 2495 nonanguli,
1070 2414 1290 2494 undecanguli,
1315 2407 1534 2488 tredecaugnli,

178 2504 296 2583 fugiunt
319 2522 421 2565 omnes
446 2503 656 2582 aequationes,
690 2504 760 2582 quia
783 2505 915 2582 ipsorum
944 2504 1094 2566 certitudo
1119 2503 1314 2582 longitudinis
1339 2499 1485 2561 consistit
1507 2494 1536 2556 in

176 2593 334 2667 infinitate,
359 2611 435 2672 quae
458 2593 632 2663 mensurari,
658 2593 738 2666 sciri,
762 2593 911 2671 permeari
936 2612 994 2654 non
1018 2601 1130 2672 potest,
1156 2611 1191 2653 eo
1215 2594 1281 2674 ipso
1305 2610 1342 2651 ne
1366 2588 1536 2669 implicetur

176 2680 386 2743 contradictio.
432 2680 480 2741 Ex
504 2682 560 2741 hac
584 2680 699 2759 origine
724 2682 939 2742 consistentiae
970 2682 999 2742 iu
1024 2683 1170 2743 infinitate
1199 2681 1333 2761 seqnitur
1357 2678 1386 2738 in
1411 2692 1535 2756 geome-

176 2771 254 2830 trica
278 2791 534 2844 σωματοποιησει,
567 2771 646 2850 quod
674 2789 769 2849 neque
794 2779 916 2845 coeant,
950 2790 1045 2851 neque
1074 2770 1152 2831 inter
1184 2791 1216 2832 se
1250 2787 1345 2847 neque
1378 2786 1447 2828 cum
1470 2763 1536 2825 aliis

176 2859 366 2932 coeuntibus,
399 2877 493 2937 neque
518 2860 556 2919 ad
581 2860 774 2919 sternendam
796 2859 953 2940 planitiem
978 2879 1072 2938 neque
1096 2860 1135 2919 ad
1155 2859 1354 2921 claudendum
1369 2856 1535 2917 iocumso·

179 2948 280 3009 lidum.
319 2946 523 3024 Triangulum,
546 2948 792 3027 quadrangulum,
819 2948 1081 3028 quinquangulum,
1097 2949 1304 3028 sexangulum,
1331 2943 1534 3024 octangulnm,

176 3035 391 3114 decaogulum,
416 3054 471 3113 pes
495 3044 627 3109 truttae,
653 3046 769 3110 crates,
795 3038 913 3115 aliaque
938 3036 1122 3116 decaogula,
1148 3047 1258 3098 coeunt
1280 3034 1363 3097 rarie
1388 3034 1469 3095 inter
1492 3050 1534 3104 se,

175 3125 224 3186 vel
256 3142 322 3185 cnm
355 3124 412 3184 sibi
438 3123 585 3187 similibus
618 3126 665 3186 vel
694 3145 760 3187 curn
790 3127 897 3198 sociis;
932 3126 974 3186 uti
1006 3135 1106 3187 crates
1131 3127 1223 3187 etiam
1254 3127 1389 3186 interae
1415 3130 1534 3193 coeunt,

176 3213 230 3275 sed
253 3213 347 3284 hiant,
373 3231 432 3273 non
456 3214 584 3293 undique
608 3213 796 3276 soliditatem
819 3215 963 3277 claudunt
986 3215 1039 3276 duc.
1086 3215 1194 3294 Itaque
1218 3215 1321 3277 inritis
1346 3213 1441 3274 etiam
1464 3211 1534 3293 phi·

174 3301 308 3382 losophis
331 3300 471 3381 ingerunt
495 3321 562 3363 sese
576 3309 638 3381 'pro
663 3304 836 3385 archetypis
860 3304 1037 3374 creationis,
1067 3305 1136 3383 quia
1159 3305 1281 3384 etipsa
1304 3303 1385 3364 intra
1408 3317 1534 3382 geome-

173 3391 250 3453 triae
275 3389 385 3451 iimites
410 3391 592 3452 creationem
608 3392 739 3471 aliquam
764 3393 985 3455 administrant.
1033 3392 1075 3454 Et
1091 3393 1128 3454 ab
1143 3393 1201 3455 hac
1218 3393 1348 3455 coitione
1364 3389 1534 3451 definissem

173 3479 327 3561 perfectas
352 3479 471 3559 figuras,
497 3480 553 3542 nisi
578 3482 636 3541 duo
660 3482 849 3543 rhomborum
869 3501 982 3561 genera
996 3483 1088 3543 etiam
1108 3484 1232 3556 coirent,
1258 3499 1333 3561 qnae
1352 3479 1534 3558 irregulares

172 3571 286 3648 figurae
310 3577 382 3630 sunt
404 3569 514 3631 circulo
543 3589 601 3630 non
626 3578 715 3650 aptae
725 3590 734 3644 ς
772 3591 826 3631 nos
856 3590 926 3631 vero
955 3571 1065 3631 circulo
1094 3571 1261 3651 indigemus
1289 3569 1328 3631 ad
1357 3568 1534 3647 angulorum

173 3658 436 3720 mensurationem.
484 3660 567 3728 (Nota
584 3668 610 3716 in
628 3678 723 3732 marg:
742 3659 949 3738 Proprietates
973 3660 1079 3722 harum
1102 3661 1261 3740 figurarum
1285 3668 1397 3737 cogunt
1415 3656 1534 3736 quidem

174 3747 304 3826 aliquam
329 3747 545 3826 longitudinem
567 3756 699 3816 certam,
724 3748 777 3807 sed
802 3768 953 3827 expensae
977 3757 1086 3827 petunt
1108 3749 1285 3828 principium
1309 3747 1339 3808 in
1363 3745 1531 3807 ratiocina·

120 3883 130 3893 .
173 3837 265 3897 tione.
313 3833 348 3897 Si
371 3836 437 3915 quis
460 3837 588 3896 haberet
612 3837 691 3896 latus
715 3837 896 3914 septanguli,
920 3837 994 3897 illud
1018 3838 1093 3898 haec
1117 3847 1147 3898 et
1171 3837 1224 3899 illa
1251 3842 1435 3916 praestaret
1472 3830 1534 3895 Sed

173 3942 260 3985 nemo
284 3943 413 4004 unquam
436 3926 483 3985 vel
508 3924 536 3985 in
561 3925 677 3997 charta,
702 3927 750 3986 rel
774 3927 803 3986 in
828 3925 967 3999 numeris,
993 3927 1042 3985 vel
1067 3926 1093 3986 in
1118 3934 1218 3987 mente
1237 3924 1344 3987 habuit
1366 3924 1533 4004 perfectum

173 4014 255 4083 latus
278 4014 465 4093 septanguli3
490 4032 548 4073 non
574 4015 638 4092 ipse
662 4013 754 4088 Deus,
782 4015 850 4093 quia
874 4015 938 4092 ejus
963 4016 1098 4075 essentia
1121 4016 1150 4075 in
1174 4014 1230 4075 hoc
1246 4013 1397 4085 consistit,
1422 4022 1533 4074 utnon

172 4101 277 4163 haberi
301 4103 399 4181 possit
423 4114 531 4164 mente.
581 4103 697 4164 Contra
722 4103 758 4163 de
783 4102 1021 4183 quinquangulo,
1056 4103 1106 4164 ubi
1136 4103 1303 4182 geometria
1326 4100 1533 4176 delinit,‘hoc

173 4210 241 4253 esse
266 4191 346 4252 latus
360 4192 582 4272 quinquanguli,
608 4192 690 4270 cujus
706 4193 884 4272 quadratum
899 4191 1088 4272 componitur
1102 4211 1139 4252 ex
1154 4192 1301 4271 quadrato
1316 4188 1532 4251 semidiametri

172 4290 205 4342 et
228 4281 375 4360 quadrato
394 4281 460 4360 ejus
479 4281 575 4360 partis
594 4281 715 4360 majoris
740 4281 783 4354 (in
800 4281 932 4342 sectione
948 4281 1109 4342 secuudum
1125 4291 1260 4342 extrema
1275 4286 1308 4341 et
1321 4279 1447 4354 media).
1482 4276 1532 4340 Uti

174 4378 206 4430 et
221 4370 467 4448 quemadmodum
488 4369 710 4431 semidiameter
734 4379 765 4431 et
787 4389 858 4449 pars
882 4369 1097 4431 semidiametri
1122 4370 1216 4448 major
1239 4371 1267 4431 in
1292 4369 1427 4434 sectione
1451 4370 1533 4433 dicta

173 4459 354 4538 geometrice
370 4458 488 4532 dantur,
506 4458 549 4519 ita
563 4460 733 4539 septanguli
748 4461 827 4520 latus
842 4458 980 4536 potentii
995 4467 1043 4519 est
1060 4459 1087 4520 iu
1103 4461 1193 4538 plano
1208 4459 1319 4531 circuli,
1336 4458 1366 4518 h.
1382 4479 1410 4521 e.
1430 4467 1533 4539 potest

174 4548 202 4608 in
227 4567 262 4608 eo
288 4549 441 4618 delineari,
467 4548 520 4608 sed
544 4567 600 4608 nou
624 4558 728 4627 potest
751 4568 880 4627 uuquam
905 4558 1048 4626 punctum
1071 4549 1199 4622 ostendi,
1226 4549 1254 4608 in
1270 4567 1328 4628 quo
1343 4549 1530 4610 terminetur.

173 4636 238 4696 Nec
263 4637 412 4718 sequitur:
438 4637 512 4698 illud
535 4646 648 4716 potest,
675 4655 746 4716 ergo
771 4638 825 4698 hoc
840 4645 943 4715 potest
962 4638 1066 4698 etiarn.
1104 4638 1183 4698 Nam
1208 4637 1246 4697 ab
1270 4656 1352 4698 esse
1377 4637 1531 4701 adsciri

175 4744 232 4785 uon
258 4727 403 4806 sequitur.
451 4725 531 4787 Sunt
555 4727 669 4787 infinita
692 4736 803 4810 puncta
827 4725 855 4786 iu
882 4727 970 4801 linea,
996 4735 1029 4787 at
1051 4745 1110 4787 non
1126 4727 1260 4786 sciuntur
1277 4725 1395 4788 infinita
1409 4734 1531 4808 puncta,

175 4823 366 4877 numerentur
395 4814 474 4876 enim
503 4817 600 4878 etsie
623 4815 710 4876 finita
732 4823 845 4876 essent.
891 4814 952 4877 Est
974 4814 1067 4894 igitur
1090 4814 1259 4895 speculatio
1282 4814 1331 4876 hic
1354 4815 1532 4896 profundit·
