3428 5542
635 320 792 401 limingis·
810 318 961 388 semodius
1097 301 1100 305 .
1413 306 1490 401 Ν

122 491 252 571 gendum
274 491 494 555 multitudinem
517 491 636 554 omnino
659 500 726 554 arte
749 510 824 571 opus
848 500 910 566 est,
934 498 968 553 et
989 491 1160 571 cognitione
1174 511 1276 556 eornm
1298 511 1375 573 quae
1394 511 1479 557 com·

122 579 252 642 munitet
274 581 391 643 animos
414 582 591 662 percellunt.
639 581 744 661 ltaque
777 580 873 644 sicubi
895 599 1002 660 pacem
1031 590 1063 641 et
1089 580 1219 661 quietem
1250 601 1318 647 esse
1340 587 1481 662 praestat

122 672 154 730 et
177 667 287 731 seditio
311 668 404 743 metui
426 676 539 750 potest,
563 676 728 733 conventus
750 669 891 749 Augusto
915 678 947 731 et
969 666 1141 749 Septembri
1164 688 1202 732 ne
1225 671 1313 744 fiant,
1337 676 1391 732 ant
1413 669 1480 741 dis·

122 756 266 839 sipentur,
291 758 349 820 imo
373 776 484 821 causae
508 758 623 821 animos
647 766 864 838 exasperantes
887 766 1004 820 mature
1027 757 1189 834 tollantur3
1218 766 1272 820 aut
1298 757 1421 837 objecta
1446 760 1482 820 be

122 848 202 906 nova
233 846 434 927 cogitationes
467 846 617 909 bominum
634 912 635 916 ,
651 847 828 909 alterentur.
875 844 929 909 Sin
963 846 1062 908 audax
1090 846 1211 926 aliquod
1238 846 1355 909 facinus
1379 844 1481 908 suscie-

121 934 272 1013 piendum,
296 937 375 1016 qnod
398 935 484 997 illato
507 943 622 998 terrore
645 935 860 997 conficiendum
883 933 932 1006 sit,
956 936 1114 1015 Augustus
1138 944 1314 1017 occupetur3
1338 934 1385 997 sin
1409 933 1478 997 ani·

121 1040 187 1084 mus
210 1024 302 1099 etiam
326 1024 364 1085 ad
387 1021 522 1087 laborem
546 1024 707 1099 durandus,
733 1022 914 1105 September
937 1031 1014 1086 esto.
1056 1023 1101 1085 At
1124 1024 1150 1085 si
1172 1024 1269 1087 hostis
1294 1023 1340 1085 his
1363 1021 1480 1087 mensie

121 1110 177 1172 bns
201 1111 312 1192 aliquid
335 1113 456 1186 audeat,
482 1114 647 1176 animomm
670 1110 906 1176 consternationi
930 1111 1175 1175 convenientibus
1198 1106 1340 1180 remediis
1359 1110 1488 1174 obviant¹

121 1207 217 1261 eatur.
263 1201 342 1264 Esse
375 1203 453 1265 enim
485 1203 560 1265 haec
592 1202 684 1264 etiam
715 1202 746 1264 in
777 1208 932 1282 potestate
955 1207 1075 1277 nostra,
1109 1203 1256 1282 quomodo
1275 1200 1400 1276 cadant,
1423 1205 1479 1262 nec

122 1285 260 1352 absolute
283 1289 474 1365 necessaria,
508 1288 743 1354 luculentissimo
773 1290 911 1369 exemplo
943 1289 992 1353 vel
1019 1289 1202 1371 praeteritus
1232 1310 1327 1354 annus
1355 1295 1404 1352 est
1427 1296 1497 1379 tas

120 1384 231 1440 status.
1420 1403 1423 1409 ·
1475 1404 1481 1412 ⁴

653 1466 790 1528 Thesis
813 1466 944 1528 LXXII.

155 1605 158 1609 .
208 1552 325 1615 Deinde
355 1572 495 1633 magnum
528 1555 673 1617 exercitui
705 1555 889 1634 praesidium
921 1559 969 1615 est
1001 1552 1029 1613 in
1058 1553 1167 1616 fiducia
1199 1562 1230 1617 et
1253 1555 1477 1618 existimatione

124 1641 331 1721 imperatoris;
356 1642 451 1703 omnis
476 1645 552 1704 enim
578 1643 705 1705 victoria
727 1643 758 1723 in
781 1644 871 1705 animi
894 1644 1008 1722 impetu
1032 1642 1180 1705 consistit
1212 1645 1257 1705 At
1280 1645 1306 1705 si
1329 1644 1367 1705 ob
1382 1661 1477 1723 gene-

120 1749 189 1792 seos
214 1729 444 1792 afflictationem
468 1732 528 1792 dux
551 1731 580 1792 in
605 1736 759 1794 contemtu
782 1739 936 1794 versatur:
969 1730 1133 1810 periculum
1155 1750 1209 1811 per
1233 1731 1476 1815 imaginationem

120 1819 149 1880 in
182 1819 348 1880 exercitum
380 1827 412 1880 et
440 1822 589 1882 fortunam
618 1821 690 1882 belli
722 1821 880 1883 redundat.
928 1818 1005 1884 Cum
1027 1820 1129 1900 itaque
1157 1821 1210 1883 illa
1229 1821 1340 1898 (de
1361 1821 1477 1883 Polono

77 1931 80 1934 ’
120 1907 150 1969 in
174 1916 272 1971 ortum
297 1907 426 1984 incidat,
452 1917 484 1970 et
506 1907 589 1973 Solis
620 1910 742 1989 eclipsis
765 1909 795 1971 in
819 1910 976 1972 Moecovia
1005 1916 1036 1970 et
1059 1909 1185 1971 Polonia
1213 1911 1344 1972 maxima
1376 1907 1476 1984 fuerit,

121 2004 153 2059 et
175 1995 287 2059 bellum
305 1996 371 2076 jam
395 1997 437 2059 sit
463 1997 518 2068 ibi,
551 2006 624 2078 puto
654 1998 771 2060 cladem
798 1998 843 2061 illi
865 1997 1047 2079 significari:
1081 1998 1130 2078 qui
1163 1999 1188 2060 si
1221 2000 1297 2060 hanc
1329 2015 1477 2078 geneseos

120 2085 357 2148 stimulationem
380 2087 410 2147 in
435 2087 639 2149 fortitudinem
664 2095 779 2162 vertat,
803 2088 920 2150 cladem
944 2088 1008 2167 ipse
1032 2085 1160 2149 inferet:
1194 2087 1239 2149 sin
1268 2106 1329 2168 pax
1361 2087 1478 2150 interea

120 2176 206 2237 timia
227 2175 390 2250 coalescat,
414 2176 503 2257 plane
528 2176 641 2238 nullum
665 2183 714 2239 eet
734 2176 898 2258 periculum
921 2194 958 2238 ex
982 2175 1046 2236 solo
1070 2176 1165 2238 coelo.

651 2264 782 2327 Thesis
805 2264 951 2326 LXXlII.

209 2350 311 2413 Tertio
344 2357 376 2412 et
403 2359 537 2414 nostram
568 2355 700 2432 patriam
732 2353 834 2431 signat
869 2353 923 2415 illa
942 2353 1021 2440 ‘jam
1059 2351 1141 2414 dicta
1177 2350 1361 2431 conjunctio,
1399 2369 1476 2433 quae

121 2458 187 2501 cum
211 2439 254 2500 sit
275 2439 512 2519 speciosissima,
531 2443 596 2521 jam
621 2462 678 2504 non
702 2443 833 2512 coelum,
865 2443 920 2504 sed
952 2460 1062 2504 causae
1087 2440 1263 2503 sublunares
1286 2448 1387 2503 certas
1411 2440 1477 2519 eJus

118 2536 224 2613 partes
248 2528 379 2608 signant.
427 2529 507 2591 Nam
540 2530 598 2592 etsi
622 2531 676 2594 Sol
710 2532 848 2594 universa
876 2539 1034 2593 contuetur
1065 2538 1096 2590 et
1123 2529 1256 2602 calfacit,
1286 2549 1343 2589 non
1367 2528 1476 2610 ubique

120 2624 223 2679 tamen
246 2617 330 2678 olera
352 2617 500 2696 producit,
525 2639 581 2680 nec
604 2621 662 2682 nisi
686 2620 735 2684 obi
758 2619 908 2682 seminata
931 2627 1011 2682 sunt.
1040 2618 1187 2680 Attamen
1211 2619 1249 2679 ob
1274 2618 1385 2679 Terrae
1408 2634 1474 2680 mo·

120 2714 202 2780 tum,
237 2713 269 2766 et
300 2724 443 2784 geneses,
478 2717 510 2768 et
539 2708 663 2787 eclipsin
688 2708 784 2782 Solis,
816 2726 892 2787 quae
916 2708 1008 2770 Gallo
1032 2715 1065 2768 et
1085 2706 1251 2786 Hispaniae
1275 2707 1371 2768 locum
1394 2704 1477 2768 Solis

119 2793 476 2944 attingitsspeculiariter
498 2797 609 2877 aliquid
635 2798 671 2859 de
695 2796 821 2871 Suevia,
845 2797 1002 2869 Helvetia,
1036 2794 1172 2856 lnsubria
1195 2802 1228 2857 et
1250 2795 1348 2857 vicina
1372 2793 1477 2857 Gallia

118 2889 247 2963 expecta
267 2901 355 2947 rmus,
1228 2893 1234 2905 “

672 2973 803 3036 Tbesis
827 2972 973 3035 LXXIV.

209 3056 356 3120 Sextilem
380 3059 472 3135 illum,
497 3066 531 3121 ut
554 3070 586 3123 et
609 3065 639 3139 ό
652 3062 682 3137 ll,
698 3071 724 3133 ό
746 3062 814 3124 ideo
838 3061 956 3136 addidi,
986 3061 1056 3141 quia
1078 3076 1206 3140 geneses
1229 3060 1376 3138 quasdam
1399 3061 1477 3122 noio

118 3166 246 3217 ravenae
269 3147 411 3210 attinent.
465 3148 564 3213 Erunt
595 3152 698 3231 itaque
730 3169 876 3230 operosae
908 3151 963 3211 boc
991 3169 1084 3224 anno;
1118 3145 1245 3209 feliciter
1275 3169 1313 3210 an
1343 3148 1476 3212 infauste

119 3236 206 3315 (pust
226 3236 339 3310 Deum)
363 3255 456 3317 penes
480 3238 611 3317 ipsarum
635 3240 790 3302 arbitrium
824 3247 882 3301 est.
929 3239 1075 3300 Fervidus
1107 3247 1209 3299 tamen
1237 3238 1363 3317 planeta
1390 3238 1477 3301 Mars

119 3332 271 3399 naturam,
302 3325 328 3386 si
352 3345 409 3388 non
433 3326 593 3389 admodum
617 3329 704 3391 fortis
728 3338 790 3402 est,
815 3328 962 3390 afflictare
986 3326 1104 3405 possit,
1132 3344 1197 3386 cum
1221 3326 1271 3389 diu
1295 3328 1324 3389 in
1348 3327 1476 3407 Virgine

119 3412 302 3489 obambulet,
327 3423 360 3476 et
382 3434 483 3477 mense
503 3417 616 3478 Martio
640 3417 705 3478 Soli
728 3417 866 3496 objectus
891 3415 1024 3477 natalem
1047 3414 1181 3476 infestet.

655 3506 785 3567 Thesis
808 3505 939 3568 LXXV.

208 3587 388 3654 Sciosolere
412 3592 585 3673 astrologos
596 3613 632 3654 ex
644 3594 850 3674 conjunctione
860 3594 947 3656 Jovis
959 3599 991 3651 et
1004 3590 1125 3665 Martis,
1150 3609 1226 3670 quae
1247 3589 1275 3652 in
1295 3588 1475 3655 il⁰Librae

120 3677 233 3754 incidit,
259 3689 386 3743 mortem
411 3681 533 3762 egregio
558 3683 647 3744 alicui
671 3682 742 3745 belli
766 3682 833 3744 duci
856 3680 1039 3761 praedicere,
1063 3679 1241 3758 praesertim
1262 3679 1287 3742 si
1303 3680 1369 3761 quis
1383 3700 1474 3761 prae-

119 3768 235 3848 cipuum
260 3769 390 3850 aliquem
414 3771 510 3833 locum
534 3789 681 3850 geneseos
704 3772 746 3834 ibi
769 3771 891 3833 habeat.
937 3770 974 3833 ld
1001 3787 1037 3828 ne
1070 3768 1099 3829 in
1124 3768 1303 3831 calumniam
1327 3770 1474 3845 trabatur,

119 3856 205 3939 quasi
229 3860 344 3921 coelum
367 3859 519 3922 conditum
543 3861 662 3922 dicatur
685 3862 723 3922 ad
747 3859 961 3923 interimendos
988 3856 1141 3930 homines,
1177 3857 1266 3919 aliter
1298 3865 1346 3920 eat
1375 3857 1475 3938 expli·

118 3947 257 4009 candum.
306 3945 422 4010 Sensus
446 3950 524 4011 enim
548 3968 655 4013 revere
677 3950 725 4011 hic
749 3958 813 4011 est:
839 3950 918 4029 quod
941 3955 976 4009 nt
998 3954 1141 4025 aspectus
1164 3946 1212 4008 hic
1235 3964 1289 4025 per
1308 3966 1341 4008 se
1369 3947 1476 4028 igneus

119 4043 151 4096 et
173 4037 320 4098 claromm
344 4037 533 4116 planetamm
556 4045 624 4111 est,
647 4039 693 4100 ita
716 4038 903 4118 experientia
925 4044 1071 4109 testatur,
1106 4043 1138 4097 et
1161 4035 1327 4097 illustribus
1352 4035 1475 4099 familiis

119 4143 186 4187 esse
210 4123 401 4188 familiarem.
447 4127 493 4188 At
516 4147 581 4188 cum
605 4128 701 4189 omnis
725 4128 788 4189 fere
811 4127 944 4206 corporis
972 4126 1020 4186 vel
1044 4124 1135 4185 animi
1163 4123 1324 4187 commotio
1352 4132 1405 4187 aut
1436 4125 1476 4187 ad

119 4232 228 4276 novum
252 4223 365 4277 statum
388 4216 539 4277 traductio
564 4224 634 4277 tunc
658 4217 729 4292 fiat,
763 4235 829 4278 curn
857 4215 961 4294 genesi
993 4213 1109 4275 coelum
1136 4214 1300 4294 respondet
1328 4214 1422 4295 (quod
1444 4213 1475 4276 in

117 4305 273 4385 partubus
286 4304 448 4386 praecipue
472 4306 632 4386 apparet),
653 4306 687 4367 fit
711 4313 745 4367 ut
766 4305 940 4384 plerumque
956 4303 1047 4384 aliqui
1071 4302 1205 4365 illustres
1220 4301 1275 4363 snb
1295 4302 1349 4366 bos
1365 4320 1475 4384 aspec-

118 4401 168 4457 tus
192 4401 223 4455 et
246 4393 360 4456 similes
384 4413 451 4455 sese
475 4400 696 4469 commoveant,
731 4413 797 4456 cum
826 4393 855 4454 in
880 4400 969 4454 tanta
991 4391 1180 4454 multitudine
1204 4389 1295 4471 aliqui
1320 4391 1375 4453 sub
1398 4390 1474 4453 tali-

118 4484 174 4544 bus
198 4489 230 4544 et
251 4483 316 4570 nati
341 4481 411 4544 sint.
458 4483 516 4545 Illa
539 4502 610 4547 vero
634 4484 794 4545 commotio
817 4480 861 4543 uti
885 4483 964 4544 male
992 4480 1149 4558 dispositis
1177 4478 1321 4559 subjectis
1349 4480 1378 4541 in
1401 4497 1474 4560 per-

117 4570 227 4633 niciem
244 4572 336 4646 cedit,
359 4571 405 4633 ita
427 4572 581 4647 firmiores,
605 4573 655 4634 vel
679 4571 791 4634 aetatis
815 4571 864 4632 vel
878 4568 1061 4633 valetudinis
1080 4571 1206 4642 ratione,
1228 4569 1330 4631 adres
1348 4586 1475 4650 magnas

117 4659 237 4722 evehit:
262 4679 387 4742 querum
408 4668 566 4743 utrumque
590 4662 619 4724 in
645 4660 773 4724 diversis
796 4659 888 4722 etiam
912 4661 968 4722 boc
992 4676 1085 4735 anno,
1118 4659 1173 4721 sed
1200 4657 1284 4721 nulla
1304 4659 1394 4739 plane
1417 4674 1475 4720 ne·

118 4749 272 4826 cessitate,
295 4748 360 4812 fieri
382 4756 495 4830 potest.
1444 4772 1447 4779 ·
