3428 5542
709 300 870 353 menmium.
895 310 902 327 '
1422 295 1465 365 bt

112 459 165 508 sais
191 459 308 523 impensis
333 474 366 511 es
388 463 472 511 omnia
497 460 537 509 rel
564 460 672 527 aliquam
695 467 791 525 partem
809 462 837 511 iu
854 460 934 511 lncem
951 473 1091 524 promerere
1109 458 1191 509 rellet
1227 457 1340 524 Namque
1358 459 1469 523 prolecto

112 535 248 586 mamntnr,
266 538 295 580 ιιι
313 531 413 581 tandem
432 546 462 581 ex
480 530 596 588 tenebris,
615 530 702 595 qnibns
719 533 780 582 estis
799 531 840 581 din
859 530 957 595 sepulta
972 533 1115 593 iacuerunt,
1135 530 1181 580 sub
1199 529 1344 595 adspectum
1362 531 1468 581 omnium

112 600 264 651 arumnorum
281 602 445 653 adducantur.
481 602 565 666 licque
589 604 669 667 magis
694 603 726 653 ad
751 603 883 653 editionem
905 601 1078 651 maturandam
1096 601 1182 651 horum
1201 616 1301 665 opermn
1318 600 1465 665 propendeo.

111 686 160 736 quo
179 675 260 738 magis
278 673 345 725 clare
363 674 497 738 perspicio,
523 672 588 738 quod
605 672 675 725 Deus
694 672 724 724 0.
743 673 777 724 M.
796 675 849 738 lpse
868 688 899 725 ea
922 680 1040 738 tanquam
1062 673 1159 736 publico
1186 672 1313 722 commodo
1342 672 1469 723 dmtinsta

113 758 259 794 semenare
278 742 466 795 clementissime
484 744 595 795 voluerit.
633 744 705 806 Quod
731 746 819 796 calndc
844 745 1003 795 manifestum
1026 753 1077 800 est,
1102 744 1167 808 quod
1192 757 1223 795 ea
1241 759 1337 808 prorsus
1361 744 1470 793 omnia

113 829 149 864 ex
172 816 321 867 uelandis
343 816 412 866 illis
433 816 560 881 ignibus
579 812 689 877 (1670),
715 818 757 881 qui
779 818 886 881 pretiosa
909 830 968 867 mea
991 816 1087 871 omnia,
1113 816 1246 865 maximam
1263 822 1360 879 partem
1384 814 1468 864 biblio·

112 886 204 937 thecae
222 901 294 938 meae
311 887 378 937 libris
405 887 586 938 mathematicis
614 889 817 939 instructissimas
842 902 874 938 ao
896 888 1131 951 manuscriptorum,
1154 901 1202 936 nec
1220 901 1270 935 uou
1287 887 1313 934 iu
1330 887 1468 936 universnm

112 959 198 1009 omnia
216 959 365 1022 exemplaria
383 973 483 1022 operum
501 972 611 1008 meorum
630 960 738 1010 omnium
755 959 804 1009 huo
822 974 899 1024 usqne
922 959 1057 1016 aditorum,
1084 973 1184 1022 qnorum
1206 958 1312 1021 pretium
1336 957 1370 1009 ad
1391 956 1469 1011 multa

111 1029 192 1079 millia
204 1032 318 1093 excurrit,
335 1032 414 1080 utrix
431 1031 531 1080 unicum
550 1036 594 1080 aut
613 1029 717 1082 alterum
735 1030 858 1095 exemplet
875 1033 998 1097 integrum
1016 1029 1074 1079 mihi
1093 1030 1212 1094 reliquum
1230 1030 1346 1084 extiterit,
1366 1028 1468 1094 redege-

111 1109 170 1149 runt
187 1102 213 1150 in
237 1102 346 1162 cineres,
375 1117 431 1151 cnm
450 1103 555 1166 exigua,
583 1115 647 1166 quae
672 1104 800 1153 conrasnrl
825 1103 920 1167 potuit,
947 1110 1017 1165 parte
1036 1116 1116 1151 rernm
1133 1115 1243 1151 mearum
1261 1099 1471 1149 mirabiliter

112 1172 201 1234 cripi
220 1186 257 1222 ac
275 1172 404 1223 salvari
421 1173 533 1229 voluerit,
552 1179 580 1222 nt
598 1187 630 1222 ne
647 1172 712 1223 furto
730 1174 828 1238 quidem
841 1174 878 1223 vel
891 1174 993 1222 minima
1008 1172 1131 1237 partIcula
1141 1172 1236 1222 illorum
1248 1172 1469 1235 manuscriptorum

113 1239 192 1303 (sicut
208 1244 269 1293 mibi
286 1244 385 1309 qnidam
401 1245 427 1294 in
446 1245 518 1294 rebm
536 1243 645 1308 plnrimis
662 1246 857 1308 pretiosissimis,
876 1243 954 1295 eheu!
975 1241 1080 1305 accidit)
1098 1243 1185 1294 ablata
1201 1243 1282 1293 inerit
1335 1285 1338 1289 ,

183 1314 281 1365 Herelii
297 1315 361 1366 baec
379 1321 438 1365 rota
454 1331 504 1365 non
523 1322 667 1375 evenerunt,
686 1331 763 1381 coque
780 1323 875 1366 mortno
894 1312 989 1376 (1687)
1008 1315 1178 1378 manuscripta
1196 1315 1262 1379 apud
1278 1313 1399 1365 haeredes
1416 1311 1468 1363 lie·

111 1385 222 1435 velianos
241 1386 283 1435 diu
300 1387 458 1444 delituerunt,
478 1393 552 1450 etque
571 1401 592 1436 c.
607 1387 703 1436 initium
715 1402 765 1438 sec.
779 1385 819 1435 18.
839 1387 990 1437 Michaeli
1008 1386 1169 1437 Henschio
1182 1386 1338 1437 Dentiscano
1357 1381 1468 1448 (Lipsiae

110 1456 219 1506 mathesi
237 1464 264 1507 ct
280 1457 354 1507 theol
375 1472 473 1522 operam
491 1458 568 1507 dabat
582 1458 654 1506 annis
669 1454 736 1506 1707
750 1472 811 1523 sqq..
830 1458 910 1521 ibique
921 1459 1045 1508 mathesin
1057 1458 1218 1522 profitebatur
1231 1458 1302 1506 annis
1316 1450 1466 1515 1710-17)

111 1528 232 1593 contigit,
257 1536 286 1578 ιιι
302 1528 348 1579 ills
365 1543 382 1579 a
399 1529 545 1595 Lanpio,
573 1528 668 1578 Herelii
693 1544 784 1594 genero
809 1526 900 1592 (pretio
922 1527 1027 1589 1000.)
1047 1536 1147 1579 emeret.
1184 1528 1254 1578 Isiu
1273 1527 1347 1577 alium
1366 1527 1469 1576 redacta

111 1598 224 1649 ordinm
243 1599 393 1659 „ducicula“
412 1602 634 1664 manuscriptorum
651 1599 721 1650 XXII
738 1599 793 1650 Vol
812 1601 994 1667 compingenda
1011 1602 1115 1658 curarit,
1133 1599 1235 1665 singulis
1254 1598 1413 1648 voluminibus
1430 1595 1469 1645 ba

181 2097 352 2148 VolumInibns
370 2097 477 2149 VI-XI
494 2100 579 2148 meunt
597 2097 724 2161 epistolae.
762 2097 816 2148 Vol.
835 2100 849 2149 I
872 2114 916 2156 ca,
941 2115 1004 2166 quae
1023 2101 1144 2166 Keplerus
1169 2100 1316 2163 conscripsit
1338 2099 1369 2149 de
1390 2098 1466 2163 ,Hip-

112 2169 219 2232 pmcbo‘·
238 2183 294 2229 suo,
315 2172 440 2227 continet;
459 2170 506 2218 rol.
524 2167 558 2225 II,
577 2168 631 2229 XV,
651 2168 717 2226 XXI,
736 2168 806 2219 XXII
823 2171 938 2227 tabulas,
958 2173 1154 2236 computationes
1174 2171 1301 2236 eclesium
1320 2178 1346 2220 et
1364 2168 1467 2220 astrolo-

111 2241 185 2306 glcar
203 2239 249 2289 rol.
267 2239 306 2290 111
324 2241 432 2291 calculos
450 2240 483 2291 ad
501 2241 599 2290 stellam
617 2243 676 2290 anni
695 2238 764 2290 1001
782 2243 951 2305 ροιιίυοιιιιιις
969 2244 1016 2294 rol.
1030 2244 1067 2293 IV
1080 2244 1233 2293 Harmonice
1244 2242 1381 2292 Ptolemaei
1399 2255 1466 2291 com·

111 2313 306 2376 monialiumque
319 2312 435 2375 Xeplerie
453 2311 499 2361 vol.
514 2311 538 2358 V
557 2311 712 2362 arithmetica
730 2314 861 2377 quaedam,
880 2316 1076 2366 stereometriam
1095 2322 1121 2365 et
1137 2314 1245 2365 libellum
1265 2320 1351 2363 contra
1369 2312 1467 2363 Ursum.

111 2381 282 2432 Volnmmibus
300 2382 356 2441 XII,
375 2382 443 2439 XIV,
461 2380 506 2433 XX
523 2384 608 2433 insunt
626 2384 781 2449 autographa
794 2385 987 2447 „Harmoniae“,
1008 2386 1144 2437 comment.
1162 2387 1189 2435 iu
1201 2385 1322 2435 theoriam
1333 2385 1423 2434 Martis
1442 2392 1469 2435 et

112 2453 263 2504 Tabularum
286 2453 514 2518 Rudolphinarum;
541 2454 588 2503 vol.
611 2453 671 2504 XIII
696 2456 864 2519 inquisitiones
887 2465 996 2507 motuum
1021 2458 1149 2514 Mercurii,
1175 2456 1278 2507 Veneris
1306 2464 1332 2505 et
1350 2454 1466 2512 Ssturuie

112 2525 157 2573 rol.
176 2524 332 2575 XVI-XIX
351 2525 526 2590 chronologica
550 2532 576 2574 et
594 2525 749 2590 astrologica.
786 2526 984 2584 Hanecbius,
1013 2530 1054 2592 qni
1079 2526 1152 2578 edere
1175 2528 1222 2578 has
1241 2527 1344 2591 Kopleri
1369 2542 1468 2591 operum

113 2597 229 2662 reliquias
248 2610 333 2647 omnes
351 2603 489 2656 statuerat,
518 2599 590 2646 annis
610 2593 679 2645 1708
707 2603 733 2646 et
759 2595 825 2645 1713
849 2600 952 2661 publinis
976 2601 1052 2649 literis
1071 2607 1223 2650 astronomos
1242 2599 1392 2649 admonebat
1420 2596 1468 2656 ,ad

115 2668 304 2732 promovendam
323 2683 423 2732 operum
441 2668 543 2732 Xeplcri
562 2668 721 2724 editionem‘⁴,
741 2676 766 2717 et
777 2668 903 2720 Viennam
922 2673 1045 2721 concessit
1064 2667 1158 2733 (1711)
1178 2671 1311 2720 editIoncm
1329 2670 1396 2719 hane
1413 2681 1466 2717 ma·

115 2747 246 2791 tutaturus.
276 2742 348 2789 Anno
367 2748 486 2804 sequente
504 2739 576 2790 rediit
593 2739 713 2802 Lipsiam,
732 2745 759 2789 et
777 2741 854 2790 edidit
872 2757 938 2791 anno
957 2740 1099 2792 1717—18
1117 2743 1280 2797 FrancoiurtI,
1299 2740 1468 2791 liberalissime

113 2811 143 2859 ab
161 2812 310 2874 imperatore
325 2809 414 2860 Carolo
427 2811 476 2861 VII
495 2810 594 2873 adjutus
612 2807 735 2874 (acceptis
748 2808 868 2874 100011)
887 2813 947 2862 lllud
965 2815 1087 2871 volumen,
1106 2813 1263 2877 compilatum
1283 2827 1296 2861 e
1315 2811 1467 2873 manuscrip-

113 2889 191 2931 torum
208 2880 369 2932 voluminibus
381 2881 427 2944 vl,
445 2882 504 2936 VII,
522 2881 585 2931 Vlll
604 2888 630 2930 et
643 2881 684 2941 IX,
705 2883 736 2932 ab
756 2883 874 2940 omnibus,
894 2886 935 2950 qni
947 2885 1084 2949 chlernm
1103 2886 1325 2948 astronomiamqus
1344 2882 1467 2936 colebant,

112 2960 158 3003 eut
174 2953 331 3003 bistanarum
349 2953 452 3003 studiosi
470 2960 542 3005 eraut
560 2966 643 3003 eorum
662 2959 807 3017 temporum,
825 2970 889 3020 qnae
907 2956 997 3009 bellum
1016 2958 1119 3021 triginta
1132 2971 1252 3006 annorum
1269 2956 1376 3019 proxime
1398 2960 1467 3004 ante·

112 3031 249 3082 cesserunt,
269 3026 479 3087 exoptatissimum
496 3027 567 3089 quasi
582 3039 670 3073 munus
695 3031 832 3089 acceptum.
868 3027 940 3089 Quae
962 3029 1066 3078 diximus
1090 3029 1311 3090 manuscriptorum
1333 3025 1464 3081 volumina,

111 3097 204 3147 literis:
237 3095 271 3157 Ο,
300 3095 340 3156 Κ,
369 3097 389 3145 E
420 3099 538 3161 signata,
577 3103 752 3147 conserventur
782 3099 809 3146 in
840 3099 988 3149 bibliotheca
1018 3113 1139 3150 caesarea
1167 3098 1312 3148 Viennensi
1361 3097 1469 3161 Reliqua

110 3167 236 3218 volumina
253 3183 297 3232 per
314 3170 394 3218 varios
413 3182 486 3219 casus
504 3167 607 3218 tandem
624 3166 765 3231 Petrnpolin
795 3171 917 3220 translata
934 3180 999 3220 sunt.
1036 3170 1177 3221 Hanschius
1205 3171 1288 3225 enlm,
1316 3170 1358 3234 qui
1384 3169 1468 3231 iuccp·

112 3247 165 3289 tnm
184 3254 258 3303 opus,
277 3240 367 3291 edendi
386 3241 489 3290 omnia
507 3239 608 3304 Xspleri
625 3241 808 3302 manuscripta,
827 3243 939 3305 persequi
958 3248 1096 3299 statuerat,
1116 3242 1219 3292 adversa
1237 3240 1343 3290 sidietur
1361 3240 1469 3296 fortune,

111 3312 257 3374 praesertim
276 3310 447 3361 deficientibus
468 3311 621 3375 imperatoris
639 3310 760 3367 subsidiis,
781 3325 846 3361 anno
867 3311 932 3361 1721
951 3310 986 3375 (7)
1004 3312 1069 3364 hece
1081 3315 1251 3377 manuscripta
1262 3312 1416 3362 francofurti
1435 3310 1468 3360 sd

111 3382 230 3432 Moenum
249 3397 291 3446 pro
305 3379 357 3430 828
369 3384 468 3434 dorenis
480 3384 575 3447 pignori
589 3381 664 3435 dedit,
682 3382 763 3445 ibique
781 3383 886 3448 reIanit,
906 3400 961 3435 cum
980 3401 1028 3434 non
1043 3385 1154 3443 haberet,
1174 3400 1220 3449 qno
1239 3383 1358 3433 redimere
1375 3388 1468 3446 posset,

112 3453 171 3503 dum
189 3454 288 3503 vivebat
307 3450 416 3510 (mutuus
435 3460 473 3504 est
491 3453 606 3503 Viennae
624 3467 690 3502 anno
710 3449 799 3510 1710).

184 3527 257 3575 Anno
276 3525 374 3575 demnm
393 3522 462 3573 1700
480 3527 517 3574 rIr
534 3525 645 3575 literatus
658 3523 742 3574 Ilurr
753 3523 974 3590 Norimbergensis,
992 3529 1095 3590 prlmum
1113 3528 1139 3575 in
1157 3526 1238 3575 libello
1262 3524 1467 3590 ,cherlrnngen

112 3596 175 3645 dber
193 3596 311 3662 Lessings
330 3596 464 3646 Laokoou¹⁴
485 3598 636 3646 mentionem
654 3596 714 3645 iecit
732 3610 823 3653 eorum,
842 3612 905 3661 quae
921 3598 1076 3647 Francoiurti
1096 3598 1216 3647 oblivione
1236 3597 1324 3645 obruta
1340 3596 1467 3657 jacebant,

111 3674 139 3717 et
156 3667 216 3716 inde
234 3669 265 3717 ab
285 3683 314 3717 so
333 3675 442 3731 tempore
460 3675 552 3732 qnantc
570 3668 651 3731 potnit
668 3666 748 3716 studio
767 3670 858 3731 passim
877 3684 961 3718 omnes
980 3670 1030 3718 lere
1049 3669 1210 3723 Germaniae,
1230 3667 1340 3727 Galliae,
1360 3665 1467 3730 anplius

112 3744 138 3788 et
155 3737 263 3788 Bursian
276 3738 387 3788 homines
397 3739 508 3788 literatos
522 3746 548 3788 et
561 3739 703 3789 academins
717 3753 772 3788 cum
785 3741 884 3802 privatis
903 3741 979 3790 literis
997 3748 1049 3789 tum
1067 3740 1170 3803 publicis
1189 3738 1259 3788 adiit.
1279 3743 1307 3785 nt
1326 3738 1467 3786 thesaurum

111 3810 180 3859 illurn
199 3810 348 3859 redimerent
365 3818 392 3861 et
411 3811 442 3860 ab
460 3812 560 3860 interitu
579 3817 714 3859 sonarent
752 3811 824 3860 Anno
844 3809 925 3866 1774,
944 3810 1032 3861 Enlero
1050 3811 1182 3874 praecipue
1202 3810 1285 3859 Murrii
1304 3807 1467 3858 tentaminmn

113 3882 236 3944 adiutore,
252 3884 324 3944 iussn
337 3881 488 3931 Cathsrinae
502 3880 528 3930 11
545 3880 681 3930 Iiussorum
699 3883 870 3944 imperatricis,
889 3884 1058 3945 manuscripta
1077 3880 1179 3931 aridus
1197 3880 1303 3944 quedam
1322 3880 1467 3930 Franoolnr·

112 3954 196 4010 tensi,
224 3955 322 4003 nomine
341 3952 512 4004 Triimmsria.
532 3966 596 4017 quae
616 3965 647 4001 ea
664 3952 819 4003 haereditate
839 3960 988 4018 acceperat,
1008 3959 1076 4002 emta
1093 3959 1151 4002 suut
1169 3949 1259 4017 (pretio
1278 3950 1348 4002 7000
1364 3950 1423 4013 it).
1444 3957 1470 4003 et

112 4024 208 4075 tradita
226 4024 390 4075 bibliothecae
409 4024 555 4074 academiae
574 4023 782 4086 Petropolitanae.

184 4095 245 4147 Inda
263 4097 295 4145 ab
314 4110 343 4146 eo
361 4101 471 4159 tempore
489 4096 577 4145 intacti
593 4095 714 4158 jacebant
730 4094 756 4145 hi
776 4097 944 4161 Keplerlanne
963 4095 1106 4147 eruditionis
1124 4097 1234 4146 theram
1252 4095 1388 4160 Petropoli,
1413 4109 1468 4144 cnm

112 4169 195 4232 primis
214 4168 312 4232 qnidam
331 4167 480 4231 temporibus
504 4169 562 4217 socii
587 4165 733 4217 academias
750 4167 827 4218 Krait
845 4175 870 4218 et
887 4167 987 4229 Lerell,
1016 4181 1058 4227 sa,
1082 4183 1146 4233 qnae
1172 4169 1229 4232 ipsis
1255 4169 1332 4234 digna
1355 4166 1466 4217 videren-

47 4230 53 4243 ’
111 4250 169 4295 tur,
197 4245 225 4288 ut
252 4240 318 4303 typis
343 4239 538 4296 mandarentur,
567 4237 675 4303 deligere
700 4240 780 4301 jussi,
808 4254 858 4289 rem
886 4240 1032 4290 omisissent.
1074 4239 1125 4289 Nos
1154 4246 1236 4290 autem
1266 4246 1337 4304 capto
1366 4238 1468 4287 consilio

112 4310 215 4373 Xepleri
233 4324 309 4374 opera
326 4312 410 4360 omnia
427 4310 517 4360 edendi
534 4311 699 4359 necessarlum
718 4311 837 4368 duximus,
856 4311 920 4360 baec
938 4311 1040 4375 Keplsn‘
1057 4312 1239 4375 manuscripta,
1264 4310 1356 4360 silleri
1375 4314 1466 4373 posset,

112 4382 242 4445 inspicere,
262 4386 288 4431 et
306 4381 398 4431 addere
416 4387 515 4431 nostrae
534 4382 635 4431 editioni
654 4396 693 4437 ea,
713 4395 777 4446 quae
795 4397 846 4432 rem
867 4384 1009 4432 attinerent.
1045 4383 1119 4446 cnjus
1137 4384 1188 4431 voti
1205 4390 1234 4432 ut
1252 4387 1378 4444 compotes
1395 4380 1466 4451 liere-

111 4468 180 4510 mue,
200 4452 259 4517 qnid
276 4467 306 4502 er
325 4453 446 4503 decennio
464 4454 654 4509 tentaven'mns,
679 4452 779 4516 longum
798 4461 837 4503 est
855 4467 978 4503 enarrare.
1018 4454 1232 4505 Celeberrimornm
1250 4453 1466 4503 nobilissimorum-

112 4538 160 4588 que
177 4525 283 4574 rirorum
306 4524 395 4575 auxilio
422 4531 448 4574 et
468 4524 680 4575 commendatione
701 4524 779 4586 adjuti
797 4526 898 4574 tandem
917 4539 982 4574 anno
1002 4522 1071 4573 1847
1089 4527 1169 4589 prima
1187 4527 1326 4588 accepimus
1344 4522 1467 4571 volnmlna

112 4596 349 4659 manuscriptorum,
374 4610 437 4659 quae
457 4595 499 4644 dlu
516 4595 607 4644 frustra
625 4597 835 4659 exspectavimus.
862 4602 887 4645 et
905 4595 1032 4660 hucusque
1050 4597 1174 4647 volumina
1191 4596 1275 4653 I-V,
1295 4591 1411 4643 lX-XV
1428 4593 1466 4641 lu-

113 4667 239 4730 speximus
257 4681 336 4731 caque
354 4680 418 4732 quae
437 4672 525 4716 notatu
543 4667 655 4732 digniora
672 4668 727 4716 risa
744 4673 814 4723 sunt,
833 4668 969 4716 notavimus
989 4674 1015 4718 et
1032 4674 1126 4732 quanta
1144 4669 1265 4732 potuimus
1284 4664 1411 4730 diligentis
1428 4664 1467 4714 val

113 4738 286 4801 descripsimus
297 4739 336 4788 rel
348 4738 511 4789 ducribenda
522 4738 667 4787 curavimus.
695 4738 736 4787 Ad
751 4738 777 4787 id
788 4738 896 4788 locorum
911 4753 992 4802 pauca
1006 4746 1103 4790 tantem
1118 4747 1226 4789 nostrum
1241 4741 1265 4788 in
1284 4751 1354 4786 nsnm
1373 4742 1466 4785 vertere

112 4811 250 4875 potuimus.
277 4825 332 4865 enm
357 4810 440 4860 omnia
457 4822 521 4874 quae
539 4811 624 4859 insunt
640 4810 678 4860 bis
696 4809 871 4868 voluminibus.
897 4812 1030 4874 posteriora
1048 4814 1172 4863 attineant
1189 4815 1316 4877 tempora:
1342 4807 1374 4856 ad
1392 4821 1466 4873 opere
