<?xml version="1.0" encoding="UTF-8"?>
<!DOCTYPE html PUBLIC "-//W3C//DTD XHTML 1.0 Transitional//EN"
    "http://www.w3.org/TR/xhtml1/DTD/xhtml1-transitional.dtd">
<html xmlns="http://www.w3.org/1999/xhtml" xml:lang="en" lang="en">
 <head>
  <title>
</title>
<meta http-equiv="Content-Type" content="text/html;charset=utf-8" />
  <meta name='ocr-system' content='tesseract 3.04.00' />
  <meta name='ocr-capabilities' content='ocr_page ocr_carea ocr_par ocr_line ocrx_word'/>
</head>
<body>
  <div class='ocr_page' id='page_1' title='image "./joanniskepleria10frisgoog/joanniskepleria10frisgoog_0272.png"; bbox 0 0 3428 5542; ppageno 0'>
   <div class='ocr_carea' id='block_1_1' title="bbox 795 334 1502 403">
    <p class='ocr_par' dir='ltr' id='par_1_1' title="bbox 795 334 1502 403">
     <span class='ocr_line' id='line_1_1' title="bbox 795 334 1502 403; baseline 0.003 -15"><span class='ocrx_word' id='word_1_1' title='bbox 795 343 884 389; x_wconf 70' lang='lat' dir='ltr'><strong>com</strong></span> <span class='ocrx_word' id='word_1_2' title='bbox 899 335 997 391; x_wconf 70' lang='lat' dir='ltr'><strong>Usum.</strong></span> <span class='ocrx_word' id='word_1_3' title='bbox 1433 334 1502 403; x_wconf 58' lang='lat'><strong>251</strong></span> 
     </span>
    </p>
   </div>
   <div class='ocr_carea' id='block_1_2' title="bbox 138 495 1509 2093">
    <p class='ocr_par' dir='ltr' id='par_1_2' title="bbox 138 495 1509 2093">
     <span class='ocr_line' id='line_1_2' title="bbox 139 495 1500 578; baseline 0.006 -24"><span class='ocrx_word' id='word_1_4' title='bbox 139 496 242 559; x_wconf 88' lang='lat' dir='ltr'><strong>velint.</strong></span> <span class='ocrx_word' id='word_1_5' title='bbox 288 495 327 558; x_wconf 82' lang='lat' dir='ltr'><strong>Ei</strong></span> <span class='ocrx_word' id='word_1_6' title='bbox 342 497 435 572; x_wconf 84' lang='lat' dir='ltr'><strong>enirn,</strong></span> <span class='ocrx_word' id='word_1_7' title='bbox 456 497 535 578; x_wconf 91' lang='lat' dir='ltr'><strong>qnod</strong></span> <span class='ocrx_word' id='word_1_8' title='bbox 558 502 607 560; x_wconf 82' lang='lat' dir='ltr'><strong>&#39;est</strong></span> <span class='ocrx_word' id='word_1_9' title='bbox 619 497 928 577; x_wconf 87' lang='lat' dir='ltr'><strong>praestantissimum,</strong></span> <span class='ocrx_word' id='word_1_10' title='bbox 953 497 1197 562; x_wconf 88' lang='lat' dir='ltr'><strong>honestissimum</strong></span> <span class='ocrx_word' id='word_1_11' title='bbox 1214 499 1312 562; x_wconf 88' lang='lat' dir='ltr'><strong>locum</strong></span> <span class='ocrx_word' id='word_1_12' title='bbox 1327 498 1393 560; x_wconf 90' lang='lat' dir='ltr'><strong>dari</strong></span> <span class='ocrx_word' id='word_1_13' title='bbox 1407 516 1500 578; x_wconf 89' lang='lat' dir='ltr'><strong>opor·</strong></span> 
     </span>
     <span class='ocr_line' id='line_1_3' title="bbox 139 583 1500 668; baseline 0.004 -22"><span class='ocrx_word' id='word_1_14' title='bbox 139 595 215 658; x_wconf 89' lang='lat' dir='ltr'><strong>tere,</strong></span> <span class='ocrx_word' id='word_1_15' title='bbox 238 585 340 665; x_wconf 87' lang='lat' dir='ltr'><strong>ignem</strong></span> <span class='ocrx_word' id='word_1_16' title='bbox 354 605 426 648; x_wconf 82' lang='lat' dir='ltr'><strong>uero</strong></span> <span class='ocrx_word' id='word_1_17' title='bbox 441 583 537 649; x_wconf 83' lang='lat' dir='ltr'><strong>Terra</strong></span> <span class='ocrx_word' id='word_1_18' title='bbox 549 586 836 668; x_wconf 85' lang='lat' dir='ltr'><strong>praestantiorem.“</strong></span> <span class='ocrx_word' id='word_1_19' title='bbox 864 588 937 659; x_wconf 85' lang='lat' dir='ltr'><strong>(Hic</strong></span> <span class='ocrx_word' id='word_1_20' title='bbox 951 587 977 648; x_wconf 88' lang='lat' dir='ltr'><strong>si</strong></span> <span class='ocrx_word' id='word_1_21' title='bbox 992 587 1156 666; x_wconf 83' lang='lat' dir='ltr'><strong>expendas,</strong></span> <span class='ocrx_word' id='word_1_22' title='bbox 1179 607 1239 650; x_wconf 91' lang='lat' dir='ltr'><strong>uon</strong></span> <span class='ocrx_word' id='word_1_23' title='bbox 1253 607 1322 649; x_wconf 91' lang='lat' dir='ltr'><strong>esse</strong></span> <span class='ocrx_word' id='word_1_24' title='bbox 1336 597 1500 667; x_wconf 81' lang='lat' dir='ltr'><strong>praestatr-</strong></span> 
     </span>
     <span class='ocr_line' id='line_1_4' title="bbox 138 674 1500 757; baseline 0.004 -22"><span class='ocrx_word' id='word_1_25' title='bbox 138 675 199 737; x_wconf 86' lang='lat' dir='ltr'><strong>tius</strong></span> <span class='ocrx_word' id='word_1_26' title='bbox 222 674 315 736; x_wconf 90' lang='lat' dir='ltr'><strong>ullum</strong></span> <span class='ocrx_word' id='word_1_27' title='bbox 337 693 445 755; x_wconf 90' lang='lat' dir='ltr'><strong>corpus</strong></span> <span class='ocrx_word' id='word_1_28' title='bbox 462 675 533 755; x_wconf 78' lang='lat' dir='ltr'><strong>¹ipso</strong></span> <span class='ocrx_word' id='word_1_29' title='bbox 558 675 630 738; x_wconf 89' lang='lat' dir='ltr'><strong>Sole</strong></span> <span class='ocrx_word' id='word_1_30' title='bbox 653 676 682 737; x_wconf 93' lang='lat' dir='ltr'><strong>in</strong></span> <span class='ocrx_word' id='word_1_31' title='bbox 707 683 772 738; x_wconf 88' lang='lat' dir='ltr'><strong>toto</strong></span> <span class='ocrx_word' id='word_1_32' title='bbox 796 678 914 750; x_wconf 94' lang='lat' dir='ltr'><strong>mnudo,</strong></span> <span class='ocrx_word' id='word_1_33' title='bbox 938 676 1001 738; x_wconf 85' lang='lat' dir='ltr'><strong>vim</strong></span> <span class='ocrx_word' id='word_1_34' title='bbox 1025 678 1193 756; x_wconf 90' lang='lat' dir='ltr'><strong>argumenti</strong></span> <span class='ocrx_word' id='word_1_35' title='bbox 1217 676 1340 740; x_wconf 86' lang='lat' dir='ltr'><strong>mirifice</strong></span> <span class='ocrx_word' id='word_1_36' title='bbox 1365 676 1500 757; x_wconf 77' lang='lat' dir='ltr'><strong>augebis,</strong></span> 
     </span>
     <span class='ocr_line' id='line_1_5' title="bbox 138 762 1502 846; baseline 0.003 -22"><span class='ocrx_word' id='word_1_37' title='bbox 138 771 172 825; x_wconf 91' lang='lat' dir='ltr'><strong>et</strong></span> <span class='ocrx_word' id='word_1_38' title='bbox 193 764 266 844; x_wconf 87' lang='lat' dir='ltr'><strong>qnid</strong></span> <span class='ocrx_word' id='word_1_39' title='bbox 287 762 338 825; x_wconf 90' lang='lat' dir='ltr'><strong>ille</strong></span> <span class='ocrx_word' id='word_1_40' title='bbox 356 764 436 845; x_wconf 88' lang='lat' dir='ltr'><strong>ignis</strong></span> <span class='ocrx_word' id='word_1_41' title='bbox 451 763 501 839; x_wconf 75' lang='lat' dir='ltr'><strong>sit,</strong></span> <span class='ocrx_word' id='word_1_42' title='bbox 526 764 705 846; x_wconf 76' lang='lat' dir='ltr'>intelliges.)</span> <span class='ocrx_word' id='word_1_43' title='bbox 752 765 929 840; x_wconf 82' lang='lat' dir='ltr'><strong>„Temrinos</strong></span> <span class='ocrx_word' id='word_1_44' title='bbox 943 784 1017 827; x_wconf 86' lang='lat' dir='ltr'><strong>vero</strong></span> <span class='ocrx_word' id='word_1_45' title='bbox 1030 765 1182 845; x_wconf 89' lang='lat' dir='ltr'><strong>digniores</strong></span> <span class='ocrx_word' id='word_1_46' title='bbox 1201 764 1393 844; x_wconf 81' lang='lat' dir='ltr'><strong>interjectis“</strong></span> <span class='ocrx_word' id='word_1_47' title='bbox 1416 768 1502 838; x_wconf 88' lang='lat' dir='ltr'><strong>(sunt</strong></span> 
     </span>
     <span class='ocr_line' id='line_1_6' title="bbox 139 851 1503 934; baseline 0.002 -20"><span class='ocrx_word' id='word_1_48' title='bbox 139 852 218 914; x_wconf 91' lang='lat' dir='ltr'><strong>enim</strong></span> <span class='ocrx_word' id='word_1_49' title='bbox 249 851 336 933; x_wconf 88' lang='lat' dir='ltr'><strong>quasi</strong></span> <span class='ocrx_word' id='word_1_50' title='bbox 366 852 487 932; x_wconf 90' lang='lat' dir='ltr'><strong>quidam</strong></span> <span class='ocrx_word' id='word_1_51' title='bbox 512 854 600 929; x_wconf 88' lang='lat' dir='ltr'><strong>lines,</strong></span> <span class='ocrx_word' id='word_1_52' title='bbox 641 873 715 932; x_wconf 91' lang='lat' dir='ltr'><strong>quos</strong></span> <span class='ocrx_word' id='word_1_53' title='bbox 746 854 823 916; x_wconf 88' lang='lat' dir='ltr'><strong>alios</strong></span> <span class='ocrx_word' id='word_1_54' title='bbox 853 873 912 916; x_wconf 89' lang='lat' dir='ltr'><strong>uon</strong></span> <span class='ocrx_word' id='word_1_55' title='bbox 949 854 1061 916; x_wconf 84' lang='lat' dir='ltr'><strong>hahent</strong></span> <span class='ocrx_word' id='word_1_56' title='bbox 1088 856 1291 934; x_wconf 76' lang='lat' dir='ltr'><strong>quantitates,</strong></span> <span class='ocrx_word' id='word_1_57' title='bbox 1328 853 1410 917; x_wconf 83' lang='lat' dir='ltr'><strong>linis</strong></span> <span class='ocrx_word' id='word_1_58' title='bbox 1428 868 1503 917; x_wconf 79' lang='lat' dir='ltr'><strong>reno</strong></span> 
     </span>
     <span class='ocr_line' id='line_1_7' title="bbox 138 941 1500 1022; baseline 0.001 -18"><span class='ocrx_word' id='word_1_59' title='bbox 138 959 258 1021; x_wconf 89' lang='lat' dir='ltr'><strong>semper</strong></span> <span class='ocrx_word' id='word_1_60' title='bbox 279 941 486 1022; x_wconf 79' lang='lat' dir='ltr'><strong>praestantior</strong></span> <span class='ocrx_word' id='word_1_61' title='bbox 499 961 545 1018; x_wconf 90' lang='lat' dir='ltr'><strong>eo,</strong></span> <span class='ocrx_word' id='word_1_62' title='bbox 569 944 655 1022; x_wconf 85' lang='lat' dir='ltr'><strong>cujus</strong></span> <span class='ocrx_word' id='word_1_63' title='bbox 678 943 744 1004; x_wconf 84' lang='lat' dir='ltr'><strong>riuis</strong></span> <span class='ocrx_word' id='word_1_64' title='bbox 769 944 843 1016; x_wconf 90' lang='lat' dir='ltr'><strong>est.)</strong></span> <span class='ocrx_word' id='word_1_65' title='bbox 881 943 1084 1018; x_wconf 80' lang='lat' dir='ltr'><strong>„Extremum</strong></span> <span class='ocrx_word' id='word_1_66' title='bbox 1099 963 1171 1006; x_wconf 84' lang='lat' dir='ltr'><strong>veru</strong></span> <span class='ocrx_word' id='word_1_67' title='bbox 1190 944 1292 1006; x_wconf 90' lang='lat' dir='ltr'><strong>muudi</strong></span> <span class='ocrx_word' id='word_1_68' title='bbox 1316 954 1347 1006; x_wconf 91' lang='lat' dir='ltr'><strong>et</strong></span> <span class='ocrx_word' id='word_1_69' title='bbox 1361 944 1500 1020; x_wconf 75' lang='lat' dir='ltr'><strong>medium,</strong></span> 
     </span>
     <span class='ocr_line' id='line_1_8' title="bbox 139 1031 1502 1119; baseline 0.006 -27"><span class='ocrx_word' id='word_1_70' title='bbox 139 1040 289 1106; x_wconf 84' lang='lat' dir='ltr'><strong>centrum,</strong></span> <span class='ocrx_word' id='word_1_71' title='bbox 320 1050 388 1092; x_wconf 88' lang='lat' dir='ltr'><strong>esse</strong></span> <span class='ocrx_word' id='word_1_72' title='bbox 411 1031 555 1093; x_wconf 89' lang='lat' dir='ltr'><strong>terminos</strong></span> <span class='ocrx_word' id='word_1_73' title='bbox 580 1032 710 1093; x_wconf 92' lang='lat' dir='ltr'><strong>omnium</strong></span> <span class='ocrx_word' id='word_1_74' title='bbox 733 1032 868 1094; x_wconf 87' lang='lat' dir='ltr'><strong>locorum</strong></span> <span class='ocrx_word' id='word_1_75' title='bbox 889 1032 1147 1119; x_wconf 85' lang='lat' dir='ltr'><strong>intermediorum‚</strong></span> <span class='ocrx_word' id='word_1_76' title='bbox 1172 1034 1203 1095; x_wconf 93' lang='lat' dir='ltr'><strong>iu</strong></span> <span class='ocrx_word' id='word_1_77' title='bbox 1228 1033 1334 1113; x_wconf 89' lang='lat' dir='ltr'><strong>quihus</strong></span> <span class='ocrx_word' id='word_1_78' title='bbox 1357 1033 1502 1114; x_wconf 71' lang='lat' dir='ltr'><strong>planetu</strong></span> 
     </span>
     <span class='ocr_line' id='line_1_9' title="bbox 139 1118 1504 1202; baseline 0.001 -20"><span class='ocrx_word' id='word_1_79' title='bbox 139 1127 171 1182; x_wconf 90' lang='lat' dir='ltr'><strong>et</strong></span> <span class='ocrx_word' id='word_1_80' title='bbox 194 1118 249 1182; x_wconf 91' lang='lat' dir='ltr'><strong>Sol</strong></span> <span class='ocrx_word' id='word_1_81' title='bbox 271 1119 362 1200; x_wconf 85' lang='lat' dir='ltr'><strong>vulgo</strong></span> <span class='ocrx_word' id='word_1_82' title='bbox 386 1120 597 1195; x_wconf 83' lang='lat' dir='ltr'><strong>&#39;collocantur3</strong></span> <span class='ocrx_word' id='word_1_83' title='bbox 631 1141 725 1202; x_wconf 84' lang='lat' dir='ltr'><strong>quare</strong></span> <span class='ocrx_word' id='word_1_84' title='bbox 747 1128 882 1183; x_wconf 85' lang='lat' dir='ltr'><strong>centrum</strong></span> <span class='ocrx_word' id='word_1_85' title='bbox 906 1129 939 1183; x_wconf 92' lang='lat' dir='ltr'><strong>et</strong></span> <span class='ocrx_word' id='word_1_86' title='bbox 961 1121 1105 1183; x_wconf 84' lang='lat' dir='ltr'><strong>extimam</strong></span> <span class='ocrx_word' id='word_1_87' title='bbox 1131 1120 1317 1202; x_wconf 86' lang='lat' dir='ltr'><strong>superficiem</strong></span> <span class='ocrx_word' id='word_1_88' title='bbox 1342 1141 1411 1184; x_wconf 89' lang='lat' dir='ltr'><strong>esse</strong></span> <span class='ocrx_word' id='word_1_89' title='bbox 1434 1122 1504 1185; x_wconf 84' lang='lat' dir='ltr'><strong>loca</strong></span> 
     </span>
     <span class='ocr_line' id='line_1_10' title="bbox 143 1208 1502 1291; baseline 0.004 -21"><span class='ocrx_word' id='word_1_90' title='bbox 143 1209 246 1270; x_wconf 89' lang='lat' dir='ltr'><strong>mundi</strong></span> <span class='ocrx_word' id='word_1_91' title='bbox 286 1208 564 1288; x_wconf 87' lang='lat' dir='ltr'><strong>praestantissima.</strong></span> <span class='ocrx_word' id='word_1_92' title='bbox 620 1209 669 1271; x_wconf 84' lang='lat' dir='ltr'><strong>Ex</strong></span> <span class='ocrx_word' id='word_1_93' title='bbox 704 1210 811 1291; x_wconf 89' lang='lat' dir='ltr'><strong>qulbus</strong></span> <span class='ocrx_word' id='word_1_94' title='bbox 843 1210 1057 1273; x_wconf 82' lang='lat' dir='ltr'><strong>concludentes</strong></span> <span class='ocrx_word' id='word_1_95' title='bbox 1088 1230 1146 1273; x_wconf 89' lang='lat' dir='ltr'><strong>non</strong></span> <span class='ocrx_word' id='word_1_96' title='bbox 1176 1219 1287 1290; x_wconf 88' lang='lat' dir='ltr'><strong>putant</strong></span> <span class='ocrx_word' id='word_1_97' title='bbox 1314 1211 1439 1274; x_wconf 86' lang='lat' dir='ltr'><strong>Terram</strong></span> <span class='ocrx_word' id='word_1_98' title='bbox 1470 1211 1502 1275; x_wconf 88' lang='lat' dir='ltr'><strong>in</strong></span> 
     </span>
     <span class='ocr_line' id='line_1_11' title="bbox 141 1297 1501 1384; baseline 0.002 -24"><span class='ocrx_word' id='word_1_99' title='bbox 141 1297 289 1380; x_wconf 79' lang='lat' dir='ltr'><strong>sphaerae</strong></span> <span class='ocrx_word' id='word_1_100' title='bbox 320 1297 488 1360; x_wconf 92' lang='lat' dir='ltr'><strong>meditullio</strong></span> <span class='ocrx_word' id='word_1_101' title='bbox 513 1300 660 1372; x_wconf 87' lang='lat' dir='ltr'><strong>locatam,</strong></span> <span class='ocrx_word' id='word_1_102' title='bbox 694 1299 749 1360; x_wconf 92' lang='lat' dir='ltr'><strong>sed</strong></span> <span class='ocrx_word' id='word_1_103' title='bbox 771 1299 875 1378; x_wconf 89' lang='lat' dir='ltr'><strong>Ignem</strong></span> <span class='ocrx_word' id='word_1_104' title='bbox 900 1299 1044 1374; x_wconf 88' lang='lat' dir='ltr'><strong>(Solem).</strong></span> <span class='ocrx_word' id='word_1_105' title='bbox 1092 1298 1228 1363; x_wconf 74' lang='lat' dir='ltr'><strong>censen</strong></span> <span class='ocrx_word' id='word_1_106' title='bbox 1255 1308 1415 1384; x_wconf 87' lang='lat' dir='ltr'><strong>praeterea</strong></span> <span class='ocrx_word' id='word_1_107' title='bbox 1436 1301 1501 1382; x_wconf 84' lang='lat' dir='ltr'><strong>Py·</strong></span> 
     </span>
     <span class='ocr_line' id='line_1_12' title="bbox 140 1387 1503 1470; baseline 0.001 -20"><span class='ocrx_word' id='word_1_108' title='bbox 140 1387 316 1468; x_wconf 84' lang='lat' dir='ltr'><strong>thagoraei,</strong></span> <span class='ocrx_word' id='word_1_109' title='bbox 346 1406 398 1461; x_wconf 93' lang='lat' dir='ltr'><strong>eo,</strong></span> <span class='ocrx_word' id='word_1_110' title='bbox 432 1388 511 1469; x_wconf 90' lang='lat' dir='ltr'><strong>quod</strong></span> <span class='ocrx_word' id='word_1_111' title='bbox 534 1407 589 1468; x_wconf 89' lang='lat' dir='ltr'><strong>par</strong></span> <span class='ocrx_word' id='word_1_112' title='bbox 613 1389 670 1462; x_wconf 89' lang='lat' dir='ltr'><strong>sit,</strong></span> <span class='ocrx_word' id='word_1_113' title='bbox 705 1388 833 1451; x_wconf 83' lang='lat' dir='ltr'><strong>maxime</strong></span> <span class='ocrx_word' id='word_1_114' title='bbox 857 1388 986 1450; x_wconf 88' lang='lat' dir='ltr'><strong>omnium</strong></span> <span class='ocrx_word' id='word_1_115' title='bbox 1011 1389 1154 1451; x_wconf 90' lang='lat' dir='ltr'><strong>custodiri</strong></span> <span class='ocrx_word' id='word_1_116' title='bbox 1186 1389 1217 1450; x_wconf 93' lang='lat' dir='ltr'><strong>id</strong></span> <span class='ocrx_word' id='word_1_117' title='bbox 1236 1390 1319 1470; x_wconf 76' lang='lat' dir='ltr'><strong>,quod</strong></span> <span class='ocrx_word' id='word_1_118' title='bbox 1343 1390 1385 1451; x_wconf 89' lang='lat' dir='ltr'><strong>sit</strong></span> <span class='ocrx_word' id='word_1_119' title='bbox 1407 1389 1503 1452; x_wconf 87' lang='lat' dir='ltr'><strong>totius</strong></span> 
     </span>
     <span class='ocr_line' id='line_1_13' title="bbox 140 1476 1509 1558; baseline 0.001 -19"><span class='ocrx_word' id='word_1_120' title='bbox 140 1476 272 1540; x_wconf 84' lang='lat' dir='ltr'><strong>universi</strong></span> <span class='ocrx_word' id='word_1_121' title='bbox 294 1476 501 1556; x_wconf 88' lang='lat' dir='ltr'><strong>praecipuum,</strong></span> <span class='ocrx_word' id='word_1_122' title='bbox 526 1476 657 1538; x_wconf 87' lang='lat' dir='ltr'><strong>medium</strong></span> <span class='ocrx_word' id='word_1_123' title='bbox 680 1497 751 1538; x_wconf 89' lang='lat' dir='ltr'><strong>vero</strong></span> <span class='ocrx_word' id='word_1_124' title='bbox 775 1478 848 1539; x_wconf 87' lang='lat' dir='ltr'><strong>talis</strong></span> <span class='ocrx_word' id='word_1_125' title='bbox 871 1477 912 1539; x_wconf 91' lang='lat' dir='ltr'><strong>sit</strong></span> <span class='ocrx_word' id='word_1_126' title='bbox 936 1478 1019 1539; x_wconf 90' lang='lat' dir='ltr'><strong>locus</strong></span> <span class='ocrx_word' id='word_1_127' title='bbox 1043 1479 1146 1558; x_wconf 88' lang='lat' dir='ltr'><strong>(quem</strong></span> <span class='ocrx_word' id='word_1_128' title='bbox 1169 1486 1202 1540; x_wconf 91' lang='lat' dir='ltr'><strong>et</strong></span> <span class='ocrx_word' id='word_1_129' title='bbox 1223 1477 1310 1540; x_wconf 88' lang='lat' dir='ltr'><strong>Jovis</strong></span> <span class='ocrx_word' id='word_1_130' title='bbox 1334 1477 1509 1541; x_wconf 83' lang='lat' dir='ltr'><strong>custodiam·</strong></span> 
     </span>
     <span class='ocr_line' id='line_1_14' title="bbox 141 1564 1502 1647; baseline 0.001 -20"><span class='ocrx_word' id='word_1_131' title='bbox 141 1566 258 1639; x_wconf 87' lang='lat' dir='ltr'><strong>dicunt)</strong></span> <span class='ocrx_word' id='word_1_132' title='bbox 287 1565 355 1626; x_wconf 90' lang='lat' dir='ltr'><strong>ideo</strong></span> <span class='ocrx_word' id='word_1_133' title='bbox 385 1564 485 1644; x_wconf 91' lang='lat' dir='ltr'><strong>iguem</strong></span> <span class='ocrx_word' id='word_1_134' title='bbox 509 1564 641 1639; x_wconf 86' lang='lat' dir='ltr'><strong>(Solem)</strong></span> <span class='ocrx_word' id='word_1_135' title='bbox 666 1575 770 1628; x_wconf 88' lang='lat' dir='ltr'><strong>tenere</strong></span> <span class='ocrx_word' id='word_1_136' title='bbox 798 1567 875 1628; x_wconf 89' lang='lat' dir='ltr'><strong>hanc</strong></span> <span class='ocrx_word' id='word_1_137' title='bbox 902 1567 1055 1644; x_wconf 88' lang='lat' dir='ltr'><strong>regionem</strong></span> <span class='ocrx_word' id='word_1_138' title='bbox 1080 1569 1262 1642; x_wconf 77' lang='lat' dir='ltr'><strong>(centmmlz</strong></span> <span class='ocrx_word' id='word_1_139' title='bbox 1297 1567 1391 1641; x_wconf 90' lang='lat' dir='ltr'><strong>sicut,</strong></span> <span class='ocrx_word' id='word_1_140' title='bbox 1424 1566 1502 1647; x_wconf 85' lang='lat' dir='ltr'><strong>q&#39;uud</strong></span> 
     </span>
     <span class='ocr_line' id='line_1_15' title="bbox 143 1653 1502 1735; baseline 0.001 -20"><span class='ocrx_word' id='word_1_141' title='bbox 143 1654 283 1716; x_wconf 87' lang='lat' dir='ltr'><strong>absolute</strong></span> <span class='ocrx_word' id='word_1_142' title='bbox 306 1653 435 1716; x_wconf 89' lang='lat' dir='ltr'><strong>medium</strong></span> <span class='ocrx_word' id='word_1_143' title='bbox 460 1654 580 1729; x_wconf 88' lang='lat' dir='ltr'><strong>dicitur,</strong></span> <span class='ocrx_word' id='word_1_144' title='bbox 605 1655 635 1717; x_wconf 90' lang='lat' dir='ltr'><strong>id</strong></span> <span class='ocrx_word' id='word_1_145' title='bbox 660 1661 708 1716; x_wconf 87' lang='lat' dir='ltr'><strong>est</strong></span> <span class='ocrx_word' id='word_1_146' title='bbox 731 1663 765 1716; x_wconf 92' lang='lat' dir='ltr'><strong>et</strong></span> <span class='ocrx_word' id='word_1_147' title='bbox 786 1655 1002 1735; x_wconf 83' lang='lat' dir='ltr'><strong>magnitudinis</strong></span> <span class='ocrx_word' id='word_1_148' title='bbox 1026 1663 1058 1717; x_wconf 94' lang='lat' dir='ltr'><strong>et</strong></span> <span class='ocrx_word' id='word_1_149' title='bbox 1080 1656 1124 1719; x_wconf 90' lang='lat' dir='ltr'><strong>rei</strong></span> <span class='ocrx_word' id='word_1_150' title='bbox 1148 1664 1179 1718; x_wconf 87' lang='lat' dir='ltr'><strong>et</strong></span> <span class='ocrx_word' id='word_1_151' title='bbox 1194 1666 1321 1719; x_wconf 90' lang='lat' dir='ltr'><strong>naturae</strong></span> <span class='ocrx_word' id='word_1_152' title='bbox 1339 1653 1502 1718; x_wconf 89' lang='lat' dir='ltr'><strong>medium.“</strong></span> 
     </span>
     <span class='ocr_line' id='line_1_16' title="bbox 141 1742 1502 1826; baseline 0.001 -22"><span class='ocrx_word' id='word_1_153' title='bbox 141 1742 229 1814; x_wconf 84' lang='lat' dir='ltr'><strong>Quae</strong></span> <span class='ocrx_word' id='word_1_154' title='bbox 253 1752 433 1824; x_wconf 89' lang='lat' dir='ltr'><strong>argumenta</strong></span> <span class='ocrx_word' id='word_1_155' title='bbox 457 1743 570 1806; x_wconf 90' lang='lat' dir='ltr'><strong>diluere</strong></span> <span class='ocrx_word' id='word_1_156' title='bbox 594 1751 720 1806; x_wconf 88' lang='lat' dir='ltr'><strong>conatur</strong></span> <span class='ocrx_word' id='word_1_157' title='bbox 742 1745 928 1807; x_wconf 78' lang='lat' dir='ltr'><strong>Aristoteles</strong></span> <span class='ocrx_word' id='word_1_158' title='bbox 952 1744 999 1806; x_wconf 89' lang='lat' dir='ltr'><strong>his</strong></span> <span class='ocrx_word' id='word_1_159' title='bbox 1022 1746 1139 1808; x_wconf 84' lang='lat' dir='ltr'><strong>verbis:</strong></span> <span class='ocrx_word' id='word_1_160' title='bbox 1171 1746 1293 1826; x_wconf 89' lang='lat' dir='ltr'><strong>,‚atqui,</strong></span> <span class='ocrx_word' id='word_1_161' title='bbox 1324 1753 1358 1806; x_wconf 92' lang='lat' dir='ltr'><strong>ut</strong></span> <span class='ocrx_word' id='word_1_162' title='bbox 1379 1745 1410 1806; x_wconf 94' lang='lat' dir='ltr'><strong>iu</strong></span> <span class='ocrx_word' id='word_1_163' title='bbox 1434 1744 1502 1807; x_wconf 84' lang='lat' dir='ltr'><strong>ani·</strong></span> 
     </span>
     <span class='ocr_line' id='line_1_17' title="bbox 140 1832 1503 1914; baseline 0 -19"><span class='ocrx_word' id='word_1_164' title='bbox 140 1832 293 1895; x_wconf 91' lang='lat' dir='ltr'><strong>mantibus</strong></span> <span class='ocrx_word' id='word_1_165' title='bbox 321 1851 379 1894; x_wconf 92' lang='lat' dir='ltr'><strong>non</strong></span> <span class='ocrx_word' id='word_1_166' title='bbox 409 1832 490 1894; x_wconf 92' lang='lat' dir='ltr'><strong>idem</strong></span> <span class='ocrx_word' id='word_1_167' title='bbox 512 1841 561 1894; x_wconf 89' lang='lat' dir='ltr'><strong>est</strong></span> <span class='ocrx_word' id='word_1_168' title='bbox 590 1833 729 1895; x_wconf 85' lang='lat' dir='ltr'><strong>animalis</strong></span> <span class='ocrx_word' id='word_1_169' title='bbox 760 1842 792 1895; x_wconf 93' lang='lat' dir='ltr'><strong>et</strong></span> <span class='ocrx_word' id='word_1_170' title='bbox 814 1834 947 1914; x_wconf 88' lang='lat' dir='ltr'><strong>corporis</strong></span> <span class='ocrx_word' id='word_1_171' title='bbox 976 1833 1119 1910; x_wconf 89' lang='lat' dir='ltr'><strong>medium,</strong></span> <span class='ocrx_word' id='word_1_172' title='bbox 1153 1835 1198 1898; x_wconf 91' lang='lat' dir='ltr'><strong>ita</strong></span> <span class='ocrx_word' id='word_1_173' title='bbox 1227 1835 1321 1897; x_wconf 90' lang='lat' dir='ltr'><strong>multo</strong></span> <span class='ocrx_word' id='word_1_174' title='bbox 1345 1833 1442 1914; x_wconf 87' lang='lat' dir='ltr'><strong>magis</strong></span> <span class='ocrx_word' id='word_1_175' title='bbox 1465 1833 1503 1897; x_wconf 92' lang='lat' dir='ltr'><strong>de</strong></span> 
     </span>
     <span class='ocr_line' id='line_1_18' title="bbox 141 1901 1503 2004; baseline 0 -19"><span class='ocrx_word' id='word_1_176' title='bbox 141 1930 207 1986; x_wconf 88' lang='lat' dir='ltr'><strong>tcto</strong></span> <span class='ocrx_word' id='word_1_177' title='bbox 231 1922 315 1984; x_wconf 92' lang='lat' dir='ltr'><strong>coelo</strong></span> <span class='ocrx_word' id='word_1_178' title='bbox 340 1921 433 1984; x_wconf 88' lang='lat' dir='ltr'><strong>etiam</strong></span> <span class='ocrx_word' id='word_1_179' title='bbox 456 1923 659 2002; x_wconf 81' lang='lat' dir='ltr'><strong>cogitandum.</strong></span> <span class='ocrx_word' id='word_1_180' title='bbox 707 1920 811 1993; x_wconf 82' lang='lat' dir='ltr'><strong>Quare</strong></span> <span class='ocrx_word' id='word_1_181' title='bbox 834 1942 892 1984; x_wconf 94' lang='lat' dir='ltr'><strong>nou</strong></span> <span class='ocrx_word' id='word_1_182' title='bbox 917 1942 991 2002; x_wconf 88' lang='lat' dir='ltr'><strong>opus</strong></span> <span class='ocrx_word' id='word_1_183' title='bbox 1016 1932 1074 1997; x_wconf 87' lang='lat' dir='ltr'><strong>est,</strong></span> <span class='ocrx_word' id='word_1_184' title='bbox 1099 1934 1131 1987; x_wconf 91' lang='lat' dir='ltr'><strong>ut</strong></span> <span class='ocrx_word' id='word_1_185' title='bbox 1145 1944 1199 2004; x_wconf 92' lang='lat' dir='ltr'><strong>pro</strong></span> <span class='ocrx_word' id='word_1_186' title='bbox 1215 1923 1414 1986; x_wconf 85' lang='lat' dir='ltr'><strong>universitate</strong></span> <span class='ocrx_word' id='word_1_187' title='bbox 1437 1901 1503 1985; x_wconf 55' lang='lat' dir='ltr'><strong>tm-</strong></span> 
     </span>
     <span class='ocr_line' id='line_1_19' title="bbox 141 2010 1502 2093; baseline 0.001 -21"><span class='ocrx_word' id='word_1_188' title='bbox 141 2012 255 2093; x_wconf 90' lang='lat' dir='ltr'><strong>pident,</strong></span> <span class='ocrx_word' id='word_1_189' title='bbox 280 2019 334 2072; x_wconf 91' lang='lat' dir='ltr'><strong>aut</strong></span> <span class='ocrx_word' id='word_1_190' title='bbox 356 2010 540 2091; x_wconf 87' lang='lat' dir='ltr'><strong>praesidium</strong></span> <span class='ocrx_word' id='word_1_191' title='bbox 564 2012 602 2072; x_wconf 88' lang='lat' dir='ltr'><strong>ad</strong></span> <span class='ocrx_word' id='word_1_192' title='bbox 627 2019 761 2074; x_wconf 88' lang='lat' dir='ltr'><strong>centrum</strong></span> <span class='ocrx_word' id='word_1_193' title='bbox 777 2011 942 2074; x_wconf 87' lang='lat' dir='ltr'><strong>collocent:</strong></span> <span class='ocrx_word' id='word_1_194' title='bbox 968 2012 1037 2092; x_wconf 90' lang='lat' dir='ltr'><strong>quin</strong></span> <span class='ocrx_word' id='word_1_195' title='bbox 1058 2015 1160 2093; x_wconf 85' lang='lat' dir='ltr'><strong>potius</strong></span> <span class='ocrx_word' id='word_1_196' title='bbox 1174 2013 1303 2075; x_wconf 91' lang='lat' dir='ltr'><strong>medium</strong></span> <span class='ocrx_word' id='word_1_197' title='bbox 1319 2012 1391 2075; x_wconf 90' lang='lat' dir='ltr'><strong>illud</strong></span> <span class='ocrx_word' id='word_1_198' title='bbox 1406 2031 1502 2093; x_wconf 85' lang='lat' dir='ltr'><strong>quae·</strong></span> 
     </span>
    </p>
   </div>
   <div class='ocr_carea' id='block_1_3' title="bbox 141 2100 1620 2182">
    <p class='ocr_par' dir='ltr' id='par_1_3' title="bbox 141 2100 1620 2182">
     <span class='ocr_line' id='line_1_20' title="bbox 141 2100 1620 2182; baseline -0.001 -18"><span class='ocrx_word' id='word_1_199' title='bbox 141 2109 228 2175; x_wconf 90' lang='lat' dir='ltr'><strong>rant,</strong></span> <span class='ocrx_word' id='word_1_200' title='bbox 262 2100 350 2182; x_wconf 89' lang='lat' dir='ltr'><strong>quale</strong></span> <span class='ocrx_word' id='word_1_201' title='bbox 373 2101 417 2161; x_wconf 90' lang='lat' dir='ltr'><strong>sit</strong></span> <span class='ocrx_word' id='word_1_202' title='bbox 448 2107 480 2160; x_wconf 93' lang='lat' dir='ltr'><strong>et</strong></span> <span class='ocrx_word' id='word_1_203' title='bbox 502 2100 562 2162; x_wconf 92' lang='lat' dir='ltr'><strong>nbi.</strong></span> <span class='ocrx_word' id='word_1_204' title='bbox 609 2101 743 2163; x_wconf 91' lang='lat' dir='ltr'><strong>Medium</strong></span> <span class='ocrx_word' id='word_1_205' title='bbox 772 2102 849 2163; x_wconf 88' lang='lat' dir='ltr'><strong>enim</strong></span> <span class='ocrx_word' id='word_1_206' title='bbox 879 2108 911 2162; x_wconf 90' lang='lat' dir='ltr'><strong>et</strong></span> <span class='ocrx_word' id='word_1_207' title='bbox 939 2101 1106 2180; x_wconf 87' lang='lat' dir='ltr'><strong>pretiosum</strong></span> <span class='ocrx_word' id='word_1_208' title='bbox 1133 2102 1208 2164; x_wconf 93' lang='lat' dir='ltr'><strong>illud</strong></span> <span class='ocrx_word' id='word_1_209' title='bbox 1235 2102 1414 2182; x_wconf 87' lang='lat' dir='ltr'><strong>principium</strong></span> <span class='ocrx_word' id='word_1_210' title='bbox 1442 2108 1500 2164; x_wconf 84' lang='lat' dir='ltr'><strong>ert.</strong></span> <span class='ocrx_word' id='word_1_211' title='bbox 1597 2144 1607 2180; x_wconf 59' lang='lat'><em>3</em></span> <span class='ocrx_word' id='word_1_212' title='bbox 1616 2140 1620 2150; x_wconf 50' lang='grc' dir='ltr'><em>ι</em></span> 
     </span>
    </p>
   </div>
   <div class='ocr_carea' id='block_1_4' title="bbox 141 2188 1536 3072">
    <p class='ocr_par' dir='ltr' id='par_1_4' title="bbox 141 2188 1536 3072">
     <span class='ocr_line' id='line_1_21' title="bbox 141 2188 1508 2271; baseline -0.002 -17"><span class='ocrx_word' id='word_1_213' title='bbox 141 2192 186 2254; x_wconf 89' lang='lat' dir='ltr'><strong>At</strong></span> <span class='ocrx_word' id='word_1_214' title='bbox 213 2189 343 2252; x_wconf 90' lang='lat' dir='ltr'><strong>medium</strong></span> <span class='ocrx_word' id='word_1_215' title='bbox 371 2188 429 2252; x_wconf 91' lang='lat' dir='ltr'><strong>loci</strong></span> <span class='ocrx_word' id='word_1_216' title='bbox 457 2190 563 2251; x_wconf 90' lang='lat' dir='ltr'><strong>ultimo</strong></span> <span class='ocrx_word' id='word_1_217' title='bbox 598 2209 687 2271; x_wconf 89' lang='lat' dir='ltr'><strong>quam</strong></span> <span class='ocrx_word' id='word_1_218' title='bbox 719 2190 865 2271; x_wconf 88' lang='lat' dir='ltr'><strong>principio</strong></span> <span class='ocrx_word' id='word_1_219' title='bbox 897 2190 1025 2252; x_wconf 90' lang='lat' dir='ltr'><strong>similius</strong></span> <span class='ocrx_word' id='word_1_220' title='bbox 1058 2193 1186 2254; x_wconf 89' lang='lat' dir='ltr'><strong>videtur.</strong></span> <span class='ocrx_word' id='word_1_221' title='bbox 1237 2190 1371 2253; x_wconf 86' lang='lat' dir='ltr'><strong>Medium</strong></span> <span class='ocrx_word' id='word_1_222' title='bbox 1399 2189 1508 2270; x_wconf 78' lang='lat' dir='ltr'><strong>utiqua-</strong></span> 
     </span>
     <span class='ocr_line' id='line_1_22' title="bbox 143 2279 1504 2361; baseline -0.001 -20"><span class='ocrx_word' id='word_1_223' title='bbox 143 2279 330 2352; x_wconf 88' lang='lat' dir='ltr'><strong>terminatur,</strong></span> <span class='ocrx_word' id='word_1_224' title='bbox 356 2285 521 2341; x_wconf 85' lang='lat' dir='ltr'><strong>extremum</strong></span> <span class='ocrx_word' id='word_1_225' title='bbox 544 2297 617 2340; x_wconf 89' lang='lat' dir='ltr'><strong>vero</strong></span> <span class='ocrx_word' id='word_1_226' title='bbox 641 2279 792 2340; x_wconf 84' lang='lat' dir='ltr'><strong>terminat</strong></span> <span class='ocrx_word' id='word_1_227' title='bbox 836 2279 1050 2342; x_wconf 88' lang='lat' dir='ltr'><strong>Praestantius</strong></span> <span class='ocrx_word' id='word_1_228' title='bbox 1074 2288 1185 2354; x_wconf 88' lang='lat' dir='ltr'><strong>autem,</strong></span> <span class='ocrx_word' id='word_1_229' title='bbox 1211 2280 1288 2361; x_wconf 90' lang='lat' dir='ltr'><strong>qnod</strong></span> <span class='ocrx_word' id='word_1_230' title='bbox 1304 2279 1504 2359; x_wconf 78' lang='lat' dir='ltr'><strong>comprehen-</strong></span> 
     </span>
     <span class='ocr_line' id='line_1_23' title="bbox 142 2367 1502 2448; baseline -0.001 -18"><span class='ocrx_word' id='word_1_231' title='bbox 142 2369 188 2430; x_wconf 90' lang='lat' dir='ltr'><strong>dit</strong></span> <span class='ocrx_word' id='word_1_232' title='bbox 211 2377 245 2430; x_wconf 90' lang='lat' dir='ltr'><strong>et</strong></span> <span class='ocrx_word' id='word_1_233' title='bbox 265 2367 344 2444; x_wconf 71' lang='lat' dir='ltr'><strong>tium,</strong></span> <span class='ocrx_word' id='word_1_234' title='bbox 375 2385 463 2448; x_wconf 92' lang='lat' dir='ltr'><strong>quam</strong></span> <span class='ocrx_word' id='word_1_235' title='bbox 487 2368 566 2447; x_wconf 92' lang='lat' dir='ltr'><strong>quod</strong></span> <span class='ocrx_word' id='word_1_236' title='bbox 589 2368 697 2431; x_wconf 88' lang='lat' dir='ltr'><strong>finitur.</strong></span> <span class='ocrx_word' id='word_1_237' title='bbox 745 2369 811 2430; x_wconf 89' lang='lat' dir='ltr'><strong>Hoc</strong></span> <span class='ocrx_word' id='word_1_238' title='bbox 836 2368 914 2430; x_wconf 90' lang='lat' dir='ltr'><strong>enim</strong></span> <span class='ocrx_word' id='word_1_239' title='bbox 943 2369 1088 2443; x_wconf 86' lang='lat' dir='ltr'><strong>materia,</strong></span> <span class='ocrx_word' id='word_1_240' title='bbox 1120 2369 1194 2432; x_wconf 90' lang='lat' dir='ltr'><strong>illud</strong></span> <span class='ocrx_word' id='word_1_241' title='bbox 1219 2369 1354 2431; x_wconf 88' lang='lat' dir='ltr'><strong>essentia</strong></span> <span class='ocrx_word' id='word_1_242' title='bbox 1377 2386 1502 2448; x_wconf 83' lang='lat' dir='ltr'><strong>compo-</strong></span> 
     </span>
     <span class='ocr_line' id='line_1_24' title="bbox 143 2455 1503 2539; baseline 0 -19"><span class='ocrx_word' id='word_1_243' title='bbox 143 2458 195 2521; x_wconf 83' lang='lat' dir='ltr'><strong>siti</strong></span> <span class='ocrx_word' id='word_1_244' title='bbox 219 2456 301 2519; x_wconf 89' lang='lat' dir='ltr'><strong>est.“</strong></span> <span class='ocrx_word' id='word_1_245' title='bbox 346 2455 581 2536; x_wconf 81' lang='lat' dir='ltr'><strong>(Aequiuocatio</strong></span> <span class='ocrx_word' id='word_1_246' title='bbox 595 2456 624 2517; x_wconf 93' lang='lat' dir='ltr'><strong>iu</strong></span> <span class='ocrx_word' id='word_1_247' title='bbox 640 2476 714 2518; x_wconf 92' lang='lat' dir='ltr'><strong>voce</strong></span> <span class='ocrx_word' id='word_1_248' title='bbox 737 2456 923 2532; x_wconf 86' lang='lat' dir='ltr'><strong>‚‚medium,“</strong></span> <span class='ocrx_word' id='word_1_249' title='bbox 947 2458 1025 2536; x_wconf 91' lang='lat' dir='ltr'><strong>quod</strong></span> <span class='ocrx_word' id='word_1_250' title='bbox 1039 2458 1261 2539; x_wconf 84' lang='lat' dir='ltr'><strong>Pythagoraeis</strong></span> <span class='ocrx_word' id='word_1_251' title='bbox 1285 2466 1334 2519; x_wconf 87' lang='lat' dir='ltr'><strong>est</strong></span> <span class='ocrx_word' id='word_1_252' title='bbox 1357 2466 1503 2530; x_wconf 86' lang='lat' dir='ltr'><strong>centrum,</strong></span> 
     </span>
     <span class='ocr_line' id='line_1_25' title="bbox 143 2544 1508 2626; baseline -0.001 -16"><span class='ocrx_word' id='word_1_253' title='bbox 143 2545 303 2610; x_wconf 83' lang='lat' dir='ltr'><strong>Aristoteli</strong></span> <span class='ocrx_word' id='word_1_254' title='bbox 328 2545 433 2626; x_wconf 88' lang='lat' dir='ltr'><strong>quovis</strong></span> <span class='ocrx_word' id='word_1_255' title='bbox 457 2545 518 2606; x_wconf 88' lang='lat' dir='ltr'><strong>alio</strong></span> <span class='ocrx_word' id='word_1_256' title='bbox 541 2546 629 2606; x_wconf 89' lang='lat' dir='ltr'><strong>modo</strong></span> <span class='ocrx_word' id='word_1_257' title='bbox 653 2547 789 2609; x_wconf 87' lang='lat' dir='ltr'><strong>sumitur.</strong></span> <span class='ocrx_word' id='word_1_258' title='bbox 837 2544 924 2616; x_wconf 84' lang='lat' dir='ltr'><strong>Quae</strong></span> <span class='ocrx_word' id='word_1_259' title='bbox 947 2546 974 2608; x_wconf 91' lang='lat' dir='ltr'><strong>si</strong></span> <span class='ocrx_word' id='word_1_260' title='bbox 997 2547 1131 2621; x_wconf 84' lang='lat' dir='ltr'><strong>tollatur,</strong></span> <span class='ocrx_word' id='word_1_261' title='bbox 1157 2546 1300 2609; x_wconf 89' lang='lat' dir='ltr'><strong>coincidit</strong></span> <span class='ocrx_word' id='word_1_262' title='bbox 1322 2545 1508 2609; x_wconf 69' lang='lat' dir='ltr'><strong>Aristotelii</strong></span> 
     </span>
     <span class='ocr_line' id='line_1_26' title="bbox 143 2634 1536 2718; baseline -0.001 -20"><span class='ocrx_word' id='word_1_263' title='bbox 143 2642 354 2717; x_wconf 81' lang='lat' dir='ltr'><strong>argumentum</strong></span> <span class='ocrx_word' id='word_1_264' title='bbox 377 2652 444 2696; x_wconf 90' lang='lat' dir='ltr'><strong>eum</strong></span> <span class='ocrx_word' id='word_1_265' title='bbox 468 2635 611 2709; x_wconf 88' lang='lat' dir='ltr'><strong>adverso,</strong></span> <span class='ocrx_word' id='word_1_266' title='bbox 642 2654 755 2716; x_wconf 89' lang='lat' dir='ltr'><strong>proque</strong></span> <span class='ocrx_word' id='word_1_267' title='bbox 779 2635 1001 2718; x_wconf 86' lang='lat' dir='ltr'><strong>Pythagoraeis</strong></span> <span class='ocrx_word' id='word_1_268' title='bbox 1025 2644 1082 2699; x_wconf 90' lang='lat' dir='ltr'><strong>est.</strong></span> <span class='ocrx_word' id='word_1_269' title='bbox 1128 2636 1209 2698; x_wconf 90' lang='lat' dir='ltr'><strong>Nam</strong></span> <span class='ocrx_word' id='word_1_270' title='bbox 1231 2635 1261 2697; x_wconf 95' lang='lat' dir='ltr'><strong>id</strong></span> <span class='ocrx_word' id='word_1_271' title='bbox 1287 2636 1444 2713; x_wconf 84' lang='lat' dir='ltr'><strong>medium,¹</strong></span> <span class='ocrx_word' id='word_1_272' title='bbox 1463 2634 1500 2697; x_wconf 84' lang='lat' dir='ltr'><strong>de</strong></span> <span class='ocrx_word' id='word_1_273' title='bbox 1533 2672 1536 2677; x_wconf 89' lang='lat'><em>·</em></span> 
     </span>
     <span class='ocr_line' id='line_1_27' title="bbox 143 2724 1506 2806; baseline -0.001 -19"><span class='ocrx_word' id='word_1_274' title='bbox 143 2745 200 2806; x_wconf 93' lang='lat' dir='ltr'><strong>quo</strong></span> <span class='ocrx_word' id='word_1_275' title='bbox 223 2725 279 2799; x_wconf 78' lang='lat' dir='ltr'><strong>illi:</strong></span> <span class='ocrx_word' id='word_1_276' title='bbox 301 2724 351 2786; x_wconf 88' lang='lat' dir='ltr'><strong>hic</strong></span> <span class='ocrx_word' id='word_1_277' title='bbox 374 2725 453 2805; x_wconf 91' lang='lat' dir='ltr'><strong>apud</strong></span> <span class='ocrx_word' id='word_1_278' title='bbox 477 2724 675 2786; x_wconf 84' lang='lat' dir='ltr'><strong>Aristotelem</strong></span> <span class='ocrx_word' id='word_1_279' title='bbox 699 2725 825 2787; x_wconf 81' lang='lat' dir='ltr'><strong>extremi</strong></span> <span class='ocrx_word' id='word_1_280' title='bbox 849 2725 997 2786; x_wconf 90' lang='lat' dir='ltr'><strong>rationem</strong></span> <span class='ocrx_word' id='word_1_281' title='bbox 1019 2725 1163 2799; x_wconf 90' lang='lat' dir='ltr'><strong>obtinet.)</strong></span> <span class='ocrx_word' id='word_1_282' title='bbox 1208 2724 1294 2786; x_wconf 88' lang='lat' dir='ltr'><strong>Haec</strong></span> <span class='ocrx_word' id='word_1_283' title='bbox 1323 2725 1374 2787; x_wconf 90' lang='lat' dir='ltr'><strong>ille</strong></span> <span class='ocrx_word' id='word_1_284' title='bbox 1398 2731 1506 2788; x_wconf 82' lang='lat' dir='ltr'><strong>contra</strong></span> 
     </span>
     <span class='ocr_line' id='line_1_28' title="bbox 142 2812 1502 2896; baseline 0.001 -20"><span class='ocrx_word' id='word_1_285' title='bbox 142 2815 387 2896; x_wconf 85' lang='lat' dir='ltr'><strong>Pythagoraeos,</strong></span> <span class='ocrx_word' id='word_1_286' title='bbox 418 2812 458 2874; x_wconf 90' lang='lat' dir='ltr'><strong>ad</strong></span> <span class='ocrx_word' id='word_1_287' title='bbox 482 2832 558 2893; x_wconf 90' lang='lat' dir='ltr'><strong>quae</strong></span> <span class='ocrx_word' id='word_1_288' title='bbox 582 2815 764 2894; x_wconf 90' lang='lat' dir='ltr'><strong>respondere</strong></span> <span class='ocrx_word' id='word_1_289' title='bbox 793 2834 849 2875; x_wconf 91' lang='lat' dir='ltr'><strong>neo</strong></span> <span class='ocrx_word' id='word_1_290' title='bbox 872 2813 993 2875; x_wconf 86' lang='lat' dir='ltr'><strong>difficile</strong></span> <span class='ocrx_word' id='word_1_291' title='bbox 1017 2822 1077 2888; x_wconf 89' lang='lat' dir='ltr'><strong>est,</strong></span> <span class='ocrx_word' id='word_1_292' title='bbox 1108 2832 1163 2875; x_wconf 92' lang='lat' dir='ltr'><strong>uec</strong></span> <span class='ocrx_word' id='word_1_293' title='bbox 1191 2821 1293 2875; x_wconf 89' lang='lat' dir='ltr'><strong>tamen</strong></span> <span class='ocrx_word' id='word_1_294' title='bbox 1322 2814 1410 2893; x_wconf 85' lang='lat' dir='ltr'><strong>hujus</strong></span> <span class='ocrx_word' id='word_1_295' title='bbox 1434 2813 1502 2878; x_wconf 90' lang='lat' dir='ltr'><strong>loci.</strong></span> 
     </span>
     <span class='ocr_line' id='line_1_29' title="bbox 141 2901 1502 2982; baseline -0.001 -17"><span class='ocrx_word' id='word_1_296' title='bbox 141 2902 205 2966; x_wconf 94' lang='lat' dir='ltr'><strong>Sed</strong></span> <span class='ocrx_word' id='word_1_297' title='bbox 227 2902 441 2982; x_wconf 89' lang='lat' dir='ltr'><strong>hincapparet</strong></span> <span class='ocrx_word' id='word_1_298' title='bbox 464 2901 596 2982; x_wconf 89' lang='lat' dir='ltr'><strong>ipsorum</strong></span> <span class='ocrx_word' id='word_1_299' title='bbox 621 2902 774 2965; x_wconf 92' lang='lat' dir='ltr'><strong>sententia</strong></span> <span class='ocrx_word' id='word_1_300' title='bbox 797 2904 833 2964; x_wconf 91' lang='lat' dir='ltr'><strong>de</strong></span> <span class='ocrx_word' id='word_1_301' title='bbox 857 2902 923 2963; x_wconf 91' lang='lat' dir='ltr'><strong>loco</strong></span> <span class='ocrx_word' id='word_1_302' title='bbox 946 2903 1136 2982; x_wconf 89' lang='lat' dir='ltr'><strong>potissimum</strong></span> <span class='ocrx_word' id='word_1_303' title='bbox 1156 2902 1268 2964; x_wconf 84' lang='lat' dir='ltr'><strong>Terrae</strong></span> <span class='ocrx_word' id='word_1_304' title='bbox 1293 2910 1380 2965; x_wconf 82' lang='lat' dir='ltr'><strong>extra</strong></span> <span class='ocrx_word' id='word_1_305' title='bbox 1400 2901 1502 2963; x_wconf 90' lang='lat' dir='ltr'><strong>mundi</strong></span> 
     </span>
     <span class='ocr_line' id='line_1_30' title="bbox 141 2989 1505 3072; baseline -0.002 -18"><span class='ocrx_word' id='word_1_306' title='bbox 141 2990 283 3054; x_wconf 90' lang='lat' dir='ltr'><strong>medium.</strong></span> <span class='ocrx_word' id='word_1_307' title='bbox 329 2989 401 3053; x_wconf 88' lang='lat' dir='ltr'><strong>Jam</strong></span> <span class='ocrx_word' id='word_1_308' title='bbox 425 2998 457 3052; x_wconf 91' lang='lat' dir='ltr'><strong>et</strong></span> <span class='ocrx_word' id='word_1_309' title='bbox 480 2992 517 3052; x_wconf 93' lang='lat' dir='ltr'><strong>de</strong></span> <span class='ocrx_word' id='word_1_310' title='bbox 540 2999 622 3054; x_wconf 91' lang='lat' dir='ltr'><strong>motu</strong></span> <span class='ocrx_word' id='word_1_311' title='bbox 645 2992 728 3072; x_wconf 89' lang='lat' dir='ltr'><strong>ipsos</strong></span> <span class='ocrx_word' id='word_1_312' title='bbox 751 2992 877 3055; x_wconf 90' lang='lat' dir='ltr'><strong>ulterius</strong></span> <span class='ocrx_word' id='word_1_313' title='bbox 909 2992 1079 3054; x_wconf 84' lang='lat' dir='ltr'><strong>audiamus:</strong></span> <span class='ocrx_word' id='word_1_314' title='bbox 1113 2991 1199 3068; x_wconf 85' lang='lat' dir='ltr'><strong>„Sed</strong></span> <span class='ocrx_word' id='word_1_315' title='bbox 1223 2991 1271 3072; x_wconf 91' lang='lat' dir='ltr'><strong>qui</strong></span> <span class='ocrx_word' id='word_1_316' title='bbox 1296 3011 1362 3053; x_wconf 87' lang='lat' dir='ltr'><strong>eam</strong></span> <span class='ocrx_word' id='word_1_317' title='bbox 1384 2991 1415 3052; x_wconf 93' lang='lat' dir='ltr'><strong>in</strong></span> <span class='ocrx_word' id='word_1_318' title='bbox 1438 3008 1505 3051; x_wconf 80' lang='lat' dir='ltr'><strong>me-</strong></span> 
     </span>
    </p>
   </div>
   <div class='ocr_carea' id='block_1_5' title="bbox 142 3076 1597 3160">
    <p class='ocr_par' dir='ltr' id='par_1_5' title="bbox 142 3076 1597 3160">
     <span class='ocr_line' id='line_1_31' title="bbox 142 3076 1597 3160; baseline -0.003 -17"><span class='ocrx_word' id='word_1_319' title='bbox 142 3080 194 3143; x_wconf 86' lang='lat' dir='ltr'><strong>dia</strong></span> <span class='ocrx_word' id='word_1_320' title='bbox 216 3079 317 3141; x_wconf 90' lang='lat' dir='ltr'><strong>muudi</strong></span> <span class='ocrx_word' id='word_1_321' title='bbox 342 3081 415 3142; x_wconf 89' lang='lat' dir='ltr'><strong>sede</strong></span> <span class='ocrx_word' id='word_1_322' title='bbox 442 3080 573 3142; x_wconf 85' lang='lat' dir='ltr'><strong>locatam</strong></span> <span class='ocrx_word' id='word_1_323' title='bbox 597 3100 664 3142; x_wconf 89' lang='lat' dir='ltr'><strong>esse</strong></span> <span class='ocrx_word' id='word_1_324' title='bbox 687 3088 815 3160; x_wconf 83' lang='lat' dir='ltr'><strong>negant,</strong></span> <span class='ocrx_word' id='word_1_325' title='bbox 849 3081 961 3143; x_wconf 89' lang='lat' dir='ltr'><strong>circum</strong></span> <span class='ocrx_word' id='word_1_326' title='bbox 988 3081 1117 3143; x_wconf 91' lang='lat' dir='ltr'><strong>medium</strong></span> <span class='ocrx_word' id='word_1_327' title='bbox 1145 3101 1213 3143; x_wconf 91' lang='lat' dir='ltr'><strong>eam</strong></span> <span class='ocrx_word' id='word_1_328' title='bbox 1235 3080 1316 3142; x_wconf 80' lang='lat' dir='ltr'><strong>volvi</strong></span> <span class='ocrx_word' id='word_1_329' title='bbox 1345 3085 1504 3142; x_wconf 84' lang='lat' dir='ltr'><strong>asaemut:</strong></span> <span class='ocrx_word' id='word_1_330' title='bbox 1591 3076 1597 3086; x_wconf 82' lang='lat'><em>&#39;</em></span> 
     </span>
    </p>
   </div>
   <div class='ocr_carea' id='block_1_6' title="bbox 142 3167 1537 3873">
    <p class='ocr_par' dir='ltr' id='par_1_6' title="bbox 142 3167 1537 3873">
     <span class='ocr_line' id='line_1_32' title="bbox 142 3167 1504 3251; baseline -0.001 -20"><span class='ocrx_word' id='word_1_331' title='bbox 142 3189 238 3250; x_wconf 91' lang='lat' dir='ltr'><strong>neque</strong></span> <span class='ocrx_word' id='word_1_332' title='bbox 261 3170 340 3230; x_wconf 85' lang='lat' dir='ltr'><strong>hauc</strong></span> <span class='ocrx_word' id='word_1_333' title='bbox 363 3169 470 3244; x_wconf 90' lang='lat' dir='ltr'><strong>solnm,</strong></span> <span class='ocrx_word' id='word_1_334' title='bbox 495 3170 548 3230; x_wconf 94' lang='lat' dir='ltr'><strong>sed</strong></span> <span class='ocrx_word' id='word_1_335' title='bbox 573 3189 639 3231; x_wconf 92' lang='lat' dir='ltr'><strong>eam</strong></span> <span class='ocrx_word' id='word_1_336' title='bbox 663 3171 764 3245; x_wconf 86' lang='lat' dir='ltr'><strong>etiam,</strong></span> <span class='ocrx_word' id='word_1_337' title='bbox 791 3189 865 3251; x_wconf 90' lang='lat' dir='ltr'><strong>quae</strong></span> <span class='ocrx_word' id='word_1_338' title='bbox 890 3170 917 3230; x_wconf 93' lang='lat' dir='ltr'><strong>ei</strong></span> <span class='ocrx_word' id='word_1_339' title='bbox 941 3172 1071 3233; x_wconf 88' lang='lat' dir='ltr'><strong>adversa</strong></span> <span class='ocrx_word' id='word_1_340' title='bbox 1095 3179 1144 3233; x_wconf 89' lang='lat' dir='ltr'><strong>est</strong></span> <span class='ocrx_word' id='word_1_341' title='bbox 1159 3171 1291 3244; x_wconf 90' lang='lat' dir='ltr'><strong>(Lunam</strong></span> <span class='ocrx_word' id='word_1_342' title='bbox 1315 3167 1504 3231; x_wconf 77' lang='lat' dir='ltr'><strong>manifestis·</strong></span> 
     </span>
     <span class='ocr_line' id='line_1_33' title="bbox 142 3255 1537 3339; baseline -0.004 -17"><span class='ocrx_word' id='word_1_343' title='bbox 142 3259 232 3332; x_wconf 89' lang='lat' dir='ltr'><strong>sime)</strong></span> <span class='ocrx_word' id='word_1_344' title='bbox 255 3257 504 3339; x_wconf 87' lang='lat' dir='ltr'><strong>quemadmodum</strong></span> <span class='ocrx_word' id='word_1_345' title='bbox 527 3258 618 3339; x_wconf 88' lang='lat' dir='ltr'><strong>paulo</strong></span> <span class='ocrx_word' id='word_1_346' title='bbox 642 3266 713 3320; x_wconf 92' lang='lat' dir='ltr'><strong>ante</strong></span> <span class='ocrx_word' id='word_1_347' title='bbox 738 3259 900 3321; x_wconf 84' lang='lat' dir='ltr'><strong>diximus.“</strong></span> <span class='ocrx_word' id='word_1_348' title='bbox 946 3261 989 3321; x_wconf 85' lang='lat' dir='ltr'><strong>Et</strong></span> <span class='ocrx_word' id='word_1_349' title='bbox 1011 3260 1174 3339; x_wconf 88' lang='lat' dir='ltr'><strong>interjecta</strong></span> <span class='ocrx_word' id='word_1_350' title='bbox 1189 3259 1314 3322; x_wconf 90' lang='lat' dir='ltr'><strong>aliorum</strong></span> <span class='ocrx_word' id='word_1_351' title='bbox 1334 3255 1504 3320; x_wconf 79' lang='lat' dir='ltr'><strong>sententia:</strong></span> <span class='ocrx_word' id='word_1_352' title='bbox 1533 3307 1537 3315; x_wconf 91' lang='lat'><strong>.</strong></span> 
     </span>
     <span class='ocr_line' id='line_1_34' title="bbox 142 3346 1506 3428; baseline -0.003 -18"><span class='ocrx_word' id='word_1_353' title='bbox 142 3348 244 3425; x_wconf 90' lang='lat' dir='ltr'><strong>„Nam</strong></span> <span class='ocrx_word' id='word_1_354' title='bbox 268 3347 337 3428; x_wconf 90' lang='lat' dir='ltr'><strong>qnia</strong></span> <span class='ocrx_word' id='word_1_355' title='bbox 361 3347 456 3408; x_wconf 91' lang='lat' dir='ltr'><strong>Terra</strong></span> <span class='ocrx_word' id='word_1_356' title='bbox 479 3366 537 3409; x_wconf 90' lang='lat' dir='ltr'><strong>uon</strong></span> <span class='ocrx_word' id='word_1_357' title='bbox 562 3355 610 3408; x_wconf 90' lang='lat' dir='ltr'><strong>est</strong></span> <span class='ocrx_word' id='word_1_358' title='bbox 633 3356 768 3409; x_wconf 88' lang='lat' dir='ltr'><strong>centrum</strong></span> <span class='ocrx_word' id='word_1_359' title='bbox 791 3351 981 3427; x_wconf 88' lang='lat' dir='ltr'><strong>(punctum),</strong></span> <span class='ocrx_word' id='word_1_360' title='bbox 1007 3368 1073 3410; x_wconf 89' lang='lat' dir='ltr'><strong>cum</strong></span> <span class='ocrx_word' id='word_1_361' title='bbox 1087 3355 1184 3410; x_wconf 89' lang='lat' dir='ltr'><strong>totum</strong></span> <span class='ocrx_word' id='word_1_362' title='bbox 1199 3346 1294 3427; x_wconf 88' lang='lat' dir='ltr'><strong>ipsius</strong></span> <span class='ocrx_word' id='word_1_363' title='bbox 1310 3346 1506 3426; x_wconf 79' lang='lat' dir='ltr'><strong>hemisphae-</strong></span> 
     </span>
     <span class='ocr_line' id='line_1_35' title="bbox 142 3434 1505 3534; baseline -0.002 -35"><span class='ocrx_word' id='word_1_364' title='bbox 142 3438 219 3500; x_wconf 88' lang='lat' dir='ltr'><strong>rium</strong></span> <span class='ocrx_word' id='word_1_365' title='bbox 248 3436 352 3498; x_wconf 86' lang='lat' dir='ltr'><strong>ubsit“</strong></span> <span class='ocrx_word' id='word_1_366' title='bbox 377 3436 543 3515; x_wconf 89' lang='lat' dir='ltr'><strong>(intellige,</strong></span> <span class='ocrx_word' id='word_1_367' title='bbox 577 3438 670 3499; x_wconf 89' lang='lat' dir='ltr'><strong>etiam</strong></span> <span class='ocrx_word' id='word_1_368' title='bbox 699 3437 818 3499; x_wconf 89' lang='lat' dir='ltr'><strong>illomm</strong></span> <span class='ocrx_word' id='word_1_369' title='bbox 847 3438 1056 3512; x_wconf 90' lang='lat' dir='ltr'><strong>concessione,</strong></span> <span class='ocrx_word' id='word_1_370' title='bbox 1087 3438 1137 3534; x_wconf 88' lang='lat' dir='ltr'><strong>qui</strong></span> <span class='ocrx_word' id='word_1_371' title='bbox 1161 3438 1286 3498; x_wconf 86' lang='lat' dir='ltr'><strong>Terram</strong></span> <span class='ocrx_word' id='word_1_372' title='bbox 1314 3436 1346 3498; x_wconf 93' lang='lat' dir='ltr'><strong>iu</strong></span> <span class='ocrx_word' id='word_1_373' title='bbox 1374 3434 1505 3497; x_wconf 86' lang='lat' dir='ltr'><strong>medinm</strong></span> 
     </span>
     <span class='ocr_line' id='line_1_36' title="bbox 142 3524 1507 3606; baseline -0.002 -18"><span class='ocrx_word' id='word_1_374' title='bbox 142 3526 244 3588; x_wconf 90' lang='lat' dir='ltr'><strong>mundi</strong></span> <span class='ocrx_word' id='word_1_375' title='bbox 269 3526 421 3599; x_wconf 84' lang='lat' dir='ltr'><strong>reiemut)</strong></span> <span class='ocrx_word' id='word_1_376' title='bbox 445 3524 541 3600; x_wconf 87' lang='lat' dir='ltr'><strong>„nihil</strong></span> <span class='ocrx_word' id='word_1_377' title='bbox 566 3534 676 3606; x_wconf 86' lang='lat' dir='ltr'><strong>putant</strong></span> <span class='ocrx_word' id='word_1_378' title='bbox 697 3526 872 3605; x_wconf 91' lang='lat' dir='ltr'><strong>prohibere,</strong></span> <span class='ocrx_word' id='word_1_379' title='bbox 908 3527 1064 3606; x_wconf 90' lang='lat' dir='ltr'><strong>quominus</strong></span> <span class='ocrx_word' id='word_1_380' title='bbox 1096 3527 1304 3606; x_wconf 89' lang='lat' dir='ltr'><strong>phaenomena</strong></span> <span class='ocrx_word' id='word_1_381' title='bbox 1328 3524 1507 3603; x_wconf 89' lang='lat' dir='ltr'><strong>contingant</strong></span> 
     </span>
     <span class='ocr_line' id='line_1_37' title="bbox 143 3614 1506 3693; baseline -0.003 -16"><span class='ocrx_word' id='word_1_382' title='bbox 143 3615 229 3678; x_wconf 90' lang='lat' dir='ltr'><strong>uobis</strong></span> <span class='ocrx_word' id='word_1_383' title='bbox 254 3621 342 3676; x_wconf 87' lang='lat' dir='ltr'><strong>extra</strong></span> <span class='ocrx_word' id='word_1_384' title='bbox 364 3615 522 3676; x_wconf 88' lang='lat' dir='ltr'><strong>centmm“</strong></span> <span class='ocrx_word' id='word_1_385' title='bbox 547 3616 621 3684; x_wconf 85' lang='lat' dir='ltr'><strong>(non</strong></span> <span class='ocrx_word' id='word_1_386' title='bbox 645 3622 763 3677; x_wconf 87' lang='lat' dir='ltr'><strong>tantum</strong></span> <span class='ocrx_word' id='word_1_387' title='bbox 794 3635 852 3676; x_wconf 90' lang='lat' dir='ltr'><strong>una</strong></span> <span class='ocrx_word' id='word_1_388' title='bbox 875 3614 1100 3678; x_wconf 85' lang='lat' dir='ltr'><strong>semidiametro</strong></span> <span class='ocrx_word' id='word_1_389' title='bbox 1124 3615 1253 3688; x_wconf 91' lang='lat' dir='ltr'><strong>Terrae,</strong></span> <span class='ocrx_word' id='word_1_390' title='bbox 1283 3615 1336 3675; x_wconf 90' lang='lat' dir='ltr'><strong>sed</strong></span> <span class='ocrx_word' id='word_1_391' title='bbox 1361 3617 1506 3693; x_wconf 88' lang='lat' dir='ltr'><strong>quantum</strong></span> 
     </span>
     <span class='ocr_line' id='line_1_38' title="bbox 142 3700 1506 3778; baseline -0.004 -12"><span class='ocrx_word' id='word_1_392' title='bbox 142 3703 222 3767; x_wconf 90' lang='lat' dir='ltr'><strong>iuter</strong></span> <span class='ocrx_word' id='word_1_393' title='bbox 248 3703 352 3766; x_wconf 87' lang='lat' dir='ltr'><strong>Solem</strong></span> <span class='ocrx_word' id='word_1_394' title='bbox 381 3710 413 3765; x_wconf 94' lang='lat' dir='ltr'><strong>et</strong></span> <span class='ocrx_word' id='word_1_395' title='bbox 441 3703 565 3766; x_wconf 86' lang='lat' dir='ltr'><strong>Terram</strong></span> <span class='ocrx_word' id='word_1_396' title='bbox 592 3704 736 3775; x_wconf 86' lang='lat' dir='ltr'><strong>interest)</strong></span> <span class='ocrx_word' id='word_1_397' title='bbox 768 3703 1014 3778; x_wconf 88' lang='lat' dir='ltr'><strong>‚,habitantibus,</strong></span> <span class='ocrx_word' id='word_1_398' title='bbox 1047 3702 1189 3766; x_wconf 89' lang='lat' dir='ltr'><strong>similiter</strong></span> <span class='ocrx_word' id='word_1_399' title='bbox 1216 3722 1253 3764; x_wconf 88' lang='lat' dir='ltr'><strong>ac</strong></span> <span class='ocrx_word' id='word_1_400' title='bbox 1285 3705 1311 3765; x_wconf 91' lang='lat' dir='ltr'><strong>si</strong></span> <span class='ocrx_word' id='word_1_401' title='bbox 1344 3703 1374 3764; x_wconf 93' lang='lat' dir='ltr'><strong>iu</strong></span> <span class='ocrx_word' id='word_1_402' title='bbox 1406 3700 1506 3763; x_wconf 87' lang='lat' dir='ltr'><strong>medio</strong></span> 
     </span>
     <span class='ocr_line' id='line_1_39' title="bbox 143 3787 1507 3873; baseline -0.002 -19"><span class='ocrx_word' id='word_1_403' title='bbox 143 3793 239 3855; x_wconf 92' lang='lat' dir='ltr'><strong>Terra</strong></span> <span class='ocrx_word' id='word_1_404' title='bbox 262 3798 355 3854; x_wconf 87' lang='lat' dir='ltr'><strong>esset.</strong></span> <span class='ocrx_word' id='word_1_405' title='bbox 402 3792 482 3854; x_wconf 91' lang='lat' dir='ltr'><strong>Nam</strong></span> <span class='ocrx_word' id='word_1_406' title='bbox 505 3812 542 3854; x_wconf 92' lang='lat' dir='ltr'><strong>ue</strong></span> <span class='ocrx_word' id='word_1_407' title='bbox 565 3811 642 3854; x_wconf 92' lang='lat' dir='ltr'><strong>nnuc</strong></span> <span class='ocrx_word' id='word_1_408' title='bbox 667 3792 808 3872; x_wconf 90' lang='lat' dir='ltr'><strong>quidem“</strong></span> <span class='ocrx_word' id='word_1_409' title='bbox 832 3793 878 3865; x_wconf 90' lang='lat' dir='ltr'><strong>(id</strong></span> <span class='ocrx_word' id='word_1_410' title='bbox 902 3801 960 3866; x_wconf 89' lang='lat' dir='ltr'><strong>est,</strong></span> <span class='ocrx_word' id='word_1_411' title='bbox 984 3812 1020 3854; x_wconf 91' lang='lat' dir='ltr'><strong>ne</strong></span> <span class='ocrx_word' id='word_1_412' title='bbox 1045 3792 1166 3873; x_wconf 89' lang='lat' dir='ltr'><strong>quidem</strong></span> <span class='ocrx_word' id='word_1_413' title='bbox 1190 3792 1216 3854; x_wconf 91' lang='lat' dir='ltr'><strong>si</strong></span> <span class='ocrx_word' id='word_1_414' title='bbox 1237 3792 1331 3853; x_wconf 88' lang='lat' dir='ltr'><strong>Terra</strong></span> <span class='ocrx_word' id='word_1_415' title='bbox 1353 3791 1383 3852; x_wconf 92' lang='lat' dir='ltr'><strong>iu</strong></span> <span class='ocrx_word' id='word_1_416' title='bbox 1407 3787 1507 3851; x_wconf 88' lang='lat' dir='ltr'><strong>medio</strong></span> 
     </span>
    </p>
   </div>
   <div class='ocr_carea' id='block_1_7' title="bbox 142 3876 1604 3963">
    <p class='ocr_par' dir='ltr' id='par_1_7' title="bbox 142 3876 1604 3963">
     <span class='ocr_line' id='line_1_40' title="bbox 142 3876 1604 3963; baseline -0.004 -18"><span class='ocrx_word' id='word_1_417' title='bbox 142 3882 343 3962; x_wconf 89' lang='lat' dir='ltr'><strong>relinquatur)</strong></span> <span class='ocrx_word' id='word_1_418' title='bbox 368 3881 548 3963; x_wconf 87' lang='lat' dir='ltr'><strong>„quicquam</strong></span> <span class='ocrx_word' id='word_1_419' title='bbox 576 3881 710 3943; x_wconf 89' lang='lat' dir='ltr'><strong>notabile</strong></span> <span class='ocrx_word' id='word_1_420' title='bbox 734 3882 826 3955; x_wconf 84' lang='lat' dir='ltr'><strong>ellici,</strong></span> <span class='ocrx_word' id='word_1_421' title='bbox 857 3882 925 3942; x_wconf 93' lang='lat' dir='ltr'><strong>dum</strong></span> <span class='ocrx_word' id='word_1_422' title='bbox 949 3881 1073 3943; x_wconf 90' lang='lat' dir='ltr'><strong>dimidia</strong></span> <span class='ocrx_word' id='word_1_423' title='bbox 1096 3882 1243 3944; x_wconf 89' lang='lat' dir='ltr'><strong>diametro</strong></span> <span class='ocrx_word' id='word_1_424' title='bbox 1274 3887 1418 3941; x_wconf 88' lang='lat' dir='ltr'><strong>acentro</strong></span> <span class='ocrx_word' id='word_1_425' title='bbox 1446 3876 1504 3939; x_wconf 84' lang='lat' dir='ltr'><strong>ab·</strong></span> <span class='ocrx_word' id='word_1_426' title='bbox 1602 3950 1604 3954; x_wconf 23' lang='lat'>¹</span> 
     </span>
    </p>
   </div>
   <div class='ocr_carea' id='block_1_8' title="bbox 143 3967 1507 4409">
    <p class='ocr_par' dir='ltr' id='par_1_8' title="bbox 143 3967 1507 4409">
     <span class='ocr_line' id='line_1_41' title="bbox 143 3967 1506 4052; baseline -0.002 -20"><span class='ocrx_word' id='word_1_427' title='bbox 143 3972 281 4034; x_wconf 88' lang='lat' dir='ltr'><strong>sumus.“</strong></span> <span class='ocrx_word' id='word_1_428' title='bbox 325 3971 411 4032; x_wconf 91' lang='lat' dir='ltr'><strong>Haec</strong></span> <span class='ocrx_word' id='word_1_429' title='bbox 436 3971 472 4032; x_wconf 93' lang='lat' dir='ltr'><strong>de</strong></span> <span class='ocrx_word' id='word_1_430' title='bbox 495 3970 719 4052; x_wconf 87' lang='lat' dir='ltr'><strong>Pythagoraeis</strong></span> <span class='ocrx_word' id='word_1_431' title='bbox 742 3970 943 4040; x_wconf 86' lang='lat' dir='ltr'><strong>Aristoteles,</strong></span> <span class='ocrx_word' id='word_1_432' title='bbox 974 3971 1036 4031; x_wconf 85' lang='lat' dir='ltr'><strong>fere</strong></span> <span class='ocrx_word' id='word_1_433' title='bbox 1060 3971 1180 4051; x_wconf 84' lang='lat' dir='ltr'><strong>quidem</strong></span> <span class='ocrx_word' id='word_1_434' title='bbox 1202 3970 1291 4051; x_wconf 88' lang='lat' dir='ltr'><strong>plura</strong></span> <span class='ocrx_word' id='word_1_435' title='bbox 1314 3976 1345 4031; x_wconf 93' lang='lat' dir='ltr'><strong>et</strong></span> <span class='ocrx_word' id='word_1_436' title='bbox 1368 3967 1506 4048; x_wconf 87' lang='lat' dir='ltr'><strong>explica·</strong></span> 
     </span>
     <span class='ocr_line' id='line_1_42' title="bbox 144 4054 1505 4142; baseline -0.004 -20"><span class='ocrx_word' id='word_1_437' title='bbox 144 4061 235 4132; x_wconf 91' lang='lat' dir='ltr'><strong>tiora,</strong></span> <span class='ocrx_word' id='word_1_438' title='bbox 271 4079 358 4142; x_wconf 89' lang='lat' dir='ltr'><strong>quam</strong></span> <span class='ocrx_word' id='word_1_439' title='bbox 384 4054 427 4121; x_wconf 61' lang='lat' dir='ltr'><strong>de&#39;</strong></span> <span class='ocrx_word' id='word_1_440' title='bbox 445 4060 626 4122; x_wconf 83' lang='lat' dir='ltr'><strong>Aristarcho</strong></span> <span class='ocrx_word' id='word_1_441' title='bbox 649 4060 859 4122; x_wconf 85' lang='lat' dir='ltr'><strong>Archimedes.</strong></span> <span class='ocrx_word' id='word_1_442' title='bbox 907 4058 993 4130; x_wconf 86' lang='lat' dir='ltr'><strong>Quae</strong></span> <span class='ocrx_word' id='word_1_443' title='bbox 1017 4061 1044 4122; x_wconf 88' lang='lat' dir='ltr'><strong>si</strong></span> <span class='ocrx_word' id='word_1_444' title='bbox 1066 4059 1194 4140; x_wconf 86' lang='lat' dir='ltr'><strong>legisset</strong></span> <span class='ocrx_word' id='word_1_445' title='bbox 1216 4059 1329 4128; x_wconf 88' lang='lat' dir='ltr'><strong>Ursus,</strong></span> <span class='ocrx_word' id='word_1_446' title='bbox 1355 4055 1505 4138; x_wconf 86' lang='lat' dir='ltr'><strong>Ooperui-</strong></span> 
     </span>
     <span class='ocr_line' id='line_1_43' title="bbox 144 4148 1507 4230; baseline -0.004 -19"><span class='ocrx_word' id='word_1_447' title='bbox 144 4168 288 4212; x_wconf 89' lang='lat' dir='ltr'><strong>canamm</strong></span> <span class='ocrx_word' id='word_1_448' title='bbox 311 4149 457 4230; x_wconf 85' lang='lat' dir='ltr'><strong>originem</strong></span> <span class='ocrx_word' id='word_1_449' title='bbox 471 4168 529 4210; x_wconf 91' lang='lat' dir='ltr'><strong>non</strong></span> <span class='ocrx_word' id='word_1_450' title='bbox 549 4150 588 4211; x_wconf 90' lang='lat' dir='ltr'><strong>ad</strong></span> <span class='ocrx_word' id='word_1_451' title='bbox 603 4148 815 4211; x_wconf 87' lang='lat' dir='ltr'><strong>Aristarchum</strong></span> <span class='ocrx_word' id='word_1_452' title='bbox 829 4155 901 4229; x_wconf 85' lang='lat' dir='ltr'><strong>poet</strong></span> <span class='ocrx_word' id='word_1_453' title='bbox 914 4149 1124 4223; x_wconf 90' lang='lat' dir='ltr'><strong>Aristotelem,</strong></span> <span class='ocrx_word' id='word_1_454' title='bbox 1149 4149 1203 4211; x_wconf 91' lang='lat' dir='ltr'><strong>sed</strong></span> <span class='ocrx_word' id='word_1_455' title='bbox 1228 4149 1266 4210; x_wconf 87' lang='lat' dir='ltr'><strong>ad</strong></span> <span class='ocrx_word' id='word_1_456' title='bbox 1281 4149 1452 4210; x_wconf 89' lang='lat' dir='ltr'><strong>Philolaum</strong></span> <span class='ocrx_word' id='word_1_457' title='bbox 1474 4151 1507 4206; x_wconf 87' lang='lat' dir='ltr'><strong>et</strong></span> 
     </span>
     <span class='ocr_line' id='line_1_44' title="bbox 143 4234 1506 4321; baseline -0.004 -21"><span class='ocrx_word' id='word_1_458' title='bbox 143 4239 363 4321; x_wconf 86' lang='lat' dir='ltr'><strong>Pythagoricos</strong></span> <span class='ocrx_word' id='word_1_459' title='bbox 387 4238 476 4319; x_wconf 92' lang='lat' dir='ltr'><strong>longe</strong></span> <span class='ocrx_word' id='word_1_460' title='bbox 501 4247 572 4300; x_wconf 85' lang='lat' dir='ltr'><strong>ante</strong></span> <span class='ocrx_word' id='word_1_461' title='bbox 587 4239 787 4301; x_wconf 88' lang='lat' dir='ltr'><strong>Aristotelem</strong></span> <span class='ocrx_word' id='word_1_462' title='bbox 811 4237 975 4299; x_wconf 90' lang='lat' dir='ltr'><strong>retulisset.</strong></span> <span class='ocrx_word' id='word_1_463' title='bbox 1021 4238 1129 4319; x_wconf 87' lang='lat' dir='ltr'><strong>Neque</strong></span> <span class='ocrx_word' id='word_1_464' title='bbox 1152 4246 1254 4300; x_wconf 93' lang='lat' dir='ltr'><strong>tamen</strong></span> <span class='ocrx_word' id='word_1_465' title='bbox 1269 4256 1372 4299; x_wconf 89' lang='lat' dir='ltr'><strong>omues</strong></span> <span class='ocrx_word' id='word_1_466' title='bbox 1385 4234 1506 4318; x_wconf 82' lang='lat' dir='ltr'><strong>Pytha·</strong></span> 
     </span>
     <span class='ocr_line' id='line_1_45' title="bbox 145 4322 1505 4409; baseline -0.004 -19"><span class='ocrx_word' id='word_1_467' title='bbox 145 4327 239 4409; x_wconf 93' lang='lat' dir='ltr'><strong>gorici</strong></span> <span class='ocrx_word' id='word_1_468' title='bbox 264 4327 313 4409; x_wconf 92' lang='lat' dir='ltr'><strong>qui</strong></span> <span class='ocrx_word' id='word_1_469' title='bbox 337 4327 434 4390; x_wconf 90' lang='lat' dir='ltr'><strong>secuti</strong></span> <span class='ocrx_word' id='word_1_470' title='bbox 457 4335 529 4389; x_wconf 90' lang='lat' dir='ltr'><strong>suut</strong></span> <span class='ocrx_word' id='word_1_471' title='bbox 556 4328 633 4390; x_wconf 90' lang='lat' dir='ltr'><strong>hauc</strong></span> <span class='ocrx_word' id='word_1_472' title='bbox 656 4327 787 4390; x_wconf 90' lang='lat' dir='ltr'><strong>Philolai</strong></span> <span class='ocrx_word' id='word_1_473' title='bbox 812 4336 934 4389; x_wconf 88' lang='lat' dir='ltr'><strong>tenuere</strong></span> <span class='ocrx_word' id='word_1_474' title='bbox 959 4327 996 4388; x_wconf 94' lang='lat' dir='ltr'><strong>de</strong></span> <span class='ocrx_word' id='word_1_475' title='bbox 1019 4327 1127 4390; x_wconf 90' lang='lat' dir='ltr'><strong>mundo</strong></span> <span class='ocrx_word' id='word_1_476' title='bbox 1151 4328 1385 4408; x_wconf 87' lang='lat' dir='ltr'><strong>conceptionem.</strong></span> <span class='ocrx_word' id='word_1_477' title='bbox 1432 4322 1505 4385; x_wconf 47' lang='lat' dir='ltr'><strong>uus</strong></span> 
     </span>
    </p>
   </div>
   <div class='ocr_carea' id='block_1_9' title="bbox 143 4411 1506 4947">
    <p class='ocr_par' dir='ltr' id='par_1_9' title="bbox 143 4411 1506 4947">
     <span class='ocr_line' id='line_1_46' title="bbox 144 4411 1505 4496; baseline -0.004 -17"><span class='ocrx_word' id='word_1_478' title='bbox 144 4418 263 4479; x_wconf 88' lang='lat' dir='ltr'><strong>doxus</strong></span> <span class='ocrx_word' id='word_1_479' title='bbox 286 4416 366 4479; x_wconf 92' lang='lat' dir='ltr'><strong>enim</strong></span> <span class='ocrx_word' id='word_1_480' title='bbox 390 4414 525 4490; x_wconf 83' lang='lat' dir='ltr'><strong>Ouidius,</strong></span> <span class='ocrx_word' id='word_1_481' title='bbox 545 4417 611 4496; x_wconf 90' lang='lat' dir='ltr'><strong>jam</strong></span> <span class='ocrx_word' id='word_1_482' title='bbox 634 4416 773 4479; x_wconf 90' lang='lat' dir='ltr'><strong>Platonis</strong></span> <span class='ocrx_word' id='word_1_483' title='bbox 797 4423 830 4478; x_wconf 91' lang='lat' dir='ltr'><strong>et</strong></span> <span class='ocrx_word' id='word_1_484' title='bbox 843 4415 1023 4477; x_wconf 85' lang='lat' dir='ltr'><strong>Aristotelia</strong></span> <span class='ocrx_word' id='word_1_485' title='bbox 1041 4423 1224 4478; x_wconf 89' lang='lat' dir='ltr'><strong>coaetaneus</strong></span> <span class='ocrx_word' id='word_1_486' title='bbox 1249 4423 1280 4477; x_wconf 92' lang='lat' dir='ltr'><strong>et</strong></span> <span class='ocrx_word' id='word_1_487' title='bbox 1299 4415 1363 4494; x_wconf 90' lang='lat' dir='ltr'><strong>ipse</strong></span> <span class='ocrx_word' id='word_1_488' title='bbox 1388 4411 1505 4495; x_wconf 78' lang='lat' dir='ltr'><strong>Pytha·</strong></span> 
     </span>
     <span class='ocr_line' id='line_1_47' title="bbox 144 4500 1505 4587; baseline -0.003 -19"><span class='ocrx_word' id='word_1_489' title='bbox 144 4504 274 4587; x_wconf 86' lang='lat' dir='ltr'><strong>gericus,</strong></span> <span class='ocrx_word' id='word_1_490' title='bbox 299 4505 380 4586; x_wconf 89' lang='lat' dir='ltr'><strong>apud</strong></span> <span class='ocrx_word' id='word_1_491' title='bbox 402 4505 601 4568; x_wconf 88' lang='lat' dir='ltr'><strong>Aristotelem</strong></span> <span class='ocrx_word' id='word_1_492' title='bbox 624 4505 767 4587; x_wconf 90' lang='lat' dir='ltr'><strong>principis</strong></span> <span class='ocrx_word' id='word_1_493' title='bbox 792 4505 985 4587; x_wconf 84' lang='lat' dir='ltr'><strong>Pythagorae</strong></span> <span class='ocrx_word' id='word_1_494' title='bbox 1008 4505 1192 4567; x_wconf 87' lang='lat' dir='ltr'><strong>seutentiam</strong></span> <span class='ocrx_word' id='word_1_495' title='bbox 1214 4505 1337 4584; x_wconf 91' lang='lat' dir='ltr'><strong>propius</strong></span> <span class='ocrx_word' id='word_1_496' title='bbox 1361 4500 1505 4582; x_wconf 85' lang='lat' dir='ltr'><strong>sequitur,</strong></span> 
     </span>
     <span class='ocr_line' id='line_1_48' title="bbox 143 4591 1505 4677; baseline -0.005 -19"><span class='ocrx_word' id='word_1_497' title='bbox 143 4596 174 4658; x_wconf 90' lang='lat' dir='ltr'><strong>in</strong></span> <span class='ocrx_word' id='word_1_498' title='bbox 199 4613 234 4658; x_wconf 91' lang='lat' dir='ltr'><strong>eo</strong></span> <span class='ocrx_word' id='word_1_499' title='bbox 258 4612 381 4677; x_wconf 89' lang='lat' dir='ltr'><strong>nempe,</strong></span> <span class='ocrx_word' id='word_1_500' title='bbox 413 4595 491 4677; x_wconf 91' lang='lat' dir='ltr'><strong>quod</strong></span> <span class='ocrx_word' id='word_1_501' title='bbox 515 4592 575 4657; x_wconf 79' lang='lat' dir='ltr'><strong>uni</strong></span> <span class='ocrx_word' id='word_1_502' title='bbox 602 4615 669 4658; x_wconf 91' lang='lat' dir='ltr'><strong>cum</strong></span> <span class='ocrx_word' id='word_1_503' title='bbox 692 4595 744 4657; x_wconf 88' lang='lat' dir='ltr'><strong>illo</strong></span> <span class='ocrx_word' id='word_1_504' title='bbox 767 4594 893 4667; x_wconf 89' lang='lat' dir='ltr'><strong>statuit,</strong></span> <span class='ocrx_word' id='word_1_505' title='bbox 925 4593 1041 4656; x_wconf 86' lang='lat' dir='ltr'><strong>moveri</strong></span> <span class='ocrx_word' id='word_1_506' title='bbox 1073 4592 1185 4656; x_wconf 87' lang='lat' dir='ltr'><strong>Solem.</strong></span> <span class='ocrx_word' id='word_1_507' title='bbox 1233 4593 1279 4655; x_wconf 93' lang='lat' dir='ltr'><strong>De</strong></span> <span class='ocrx_word' id='word_1_508' title='bbox 1304 4611 1361 4673; x_wconf 94' lang='lat' dir='ltr'><strong>quo</strong></span> <span class='ocrx_word' id='word_1_509' title='bbox 1385 4591 1505 4670; x_wconf 81' lang='lat' dir='ltr'><strong>atejus</strong></span> 
     </span>
     <span class='ocr_line' id='line_1_49' title="bbox 144 4678 1506 4766; baseline -0.006 -18"><span class='ocrx_word' id='word_1_510' title='bbox 144 4693 316 4749; x_wconf 89' lang='lat' dir='ltr'><strong>correctore</strong></span> <span class='ocrx_word' id='word_1_511' title='bbox 341 4683 503 4766; x_wconf 81' lang='lat' dir='ltr'><strong>(ialippo</strong></span> <span class='ocrx_word' id='word_1_512' title='bbox 528 4703 596 4746; x_wconf 91' lang='lat' dir='ltr'><strong>cum</strong></span> <span class='ocrx_word' id='word_1_513' title='bbox 618 4685 715 4748; x_wconf 89' lang='lat' dir='ltr'><strong>Ursus</strong></span> <span class='ocrx_word' id='word_1_514' title='bbox 744 4703 798 4764; x_wconf 87' lang='lat' dir='ltr'><strong>pro</strong></span> <span class='ocrx_word' id='word_1_515' title='bbox 822 4683 965 4745; x_wconf 89' lang='lat' dir='ltr'><strong>libertate</strong></span> <span class='ocrx_word' id='word_1_516' title='bbox 989 4703 1044 4744; x_wconf 86' lang='lat' dir='ltr'><strong>sua</strong></span> <span class='ocrx_word' id='word_1_517' title='bbox 1068 4683 1212 4757; x_wconf 83' lang='lat' dir='ltr'><strong>affirmet,</strong></span> <span class='ocrx_word' id='word_1_518' title='bbox 1245 4682 1350 4762; x_wconf 89' lang='lat' dir='ltr'><strong>quibus</strong></span> <span class='ocrx_word' id='word_1_519' title='bbox 1372 4680 1420 4741; x_wconf 86' lang='lat' dir='ltr'><strong>usi</strong></span> <span class='ocrx_word' id='word_1_520' title='bbox 1443 4678 1506 4741; x_wconf 79' lang='lat' dir='ltr'><strong>siat</strong></span> 
     </span>
     <span class='ocr_line' id='line_1_50' title="bbox 144 4768 1505 4856; baseline -0.005 -20"><span class='ocrx_word' id='word_1_521' title='bbox 144 4774 372 4856; x_wconf 85' lang='lat' dir='ltr'><strong>hypothesibus,</strong></span> <span class='ocrx_word' id='word_1_522' title='bbox 396 4774 543 4854; x_wconf 89' lang='lat' dir='ltr'><strong>ignorari;</strong></span> <span class='ocrx_word' id='word_1_523' title='bbox 568 4781 601 4835; x_wconf 91' lang='lat' dir='ltr'><strong>et</strong></span> <span class='ocrx_word' id='word_1_524' title='bbox 623 4782 724 4856; x_wconf 89' lang='lat' dir='ltr'><strong>tamen</strong></span> <span class='ocrx_word' id='word_1_525' title='bbox 747 4773 852 4853; x_wconf 88' lang='lat' dir='ltr'><strong>paucis</strong></span> <span class='ocrx_word' id='word_1_526' title='bbox 868 4771 1048 4852; x_wconf 66' lang='lat' dir='ltr'><strong>interjectis,</strong></span> <span class='ocrx_word' id='word_1_527' title='bbox 1073 4772 1179 4834; x_wconf 86' lang='lat' dir='ltr'><strong>eadem</strong></span> <span class='ocrx_word' id='word_1_528' title='bbox 1194 4768 1390 4834; x_wconf 78' lang='lat' dir='ltr'><strong>asseverandi</strong></span> <span class='ocrx_word' id='word_1_529' title='bbox 1404 4776 1505 4830; x_wconf 57' lang='lat' dir='ltr'><strong>mma</strong></span> 
     </span>
     <span class='ocr_line' id='line_1_51' title="bbox 144 4858 1505 4947; baseline -0.007 -20"><span class='ocrx_word' id='word_1_530' title='bbox 144 4863 251 4941; x_wconf 82' lang='lat' dir='ltr'><strong>ritate,</strong></span> <span class='ocrx_word' id='word_1_531' title='bbox 283 4869 448 4946; x_wconf 84' lang='lat' dir='ltr'><strong>usurpatos</strong></span> <span class='ocrx_word' id='word_1_532' title='bbox 475 4862 518 4926; x_wconf 77' lang='lat' dir='ltr'><strong>ab</strong></span> <span class='ocrx_word' id='word_1_533' title='bbox 551 4860 613 4927; x_wconf 83' lang='lat' dir='ltr'><strong>illis</strong></span> <span class='ocrx_word' id='word_1_534' title='bbox 644 4861 850 4927; x_wconf 86' lang='lat' dir='ltr'><strong>conuentricos</strong></span> <span class='ocrx_word' id='word_1_535' title='bbox 879 4878 897 4924; x_wconf 88' lang='lat' dir='ltr'><strong>a</strong></span> <span class='ocrx_word' id='word_1_536' title='bbox 923 4860 1145 4947; x_wconf 64' lang='lat' dir='ltr'><strong>Pythagoram»</strong></span> <span class='ocrx_word' id='word_1_537' title='bbox 1175 4868 1208 4944; x_wconf 79' lang='lat' dir='ltr'><strong>et</strong></span> <span class='ocrx_word' id='word_1_538' title='bbox 1234 4858 1408 4941; x_wconf 70' lang='lat' dir='ltr'><strong>Hipparcho</strong></span> <span class='ocrx_word' id='word_1_539' title='bbox 1437 4875 1505 4920; x_wconf 89' lang='lat' dir='ltr'><strong>cnm</strong></span> 
     </span>
    </p>
   </div>
   <div class='ocr_carea' id='block_1_10' title="bbox 0 0 1723 5542">
    <p class='ocr_par' dir='ltr' id='par_1_10' title="bbox 0 0 1723 5542">
     <span class='ocr_line' id='line_1_52' title="bbox 0 0 1723 5542; baseline 0 0"><span class='ocrx_word' id='word_1_540' title='bbox 0 0 1723 5542; x_wconf 95' lang='lat' dir='ltr'><strong> </strong></span> 
     </span>
    </p>
   </div>
  </div>
 </body>
</html>
