3428 5542
724 308 807 375 ⁰⁸9&
823 308 867 360 XL
1061 308 1064 314 ’
1414 309 1477 379 137

116 472 150 524 de
165 469 238 523 tbesi
252 470 330 539 ipsa:
348 485 421 541 quas
434 475 529 525 mmen
543 471 579 524 ad
592 469 762 541 hypothesin
775 472 803 526 in
816 472 870 526 hoe
883 473 991 544 quidem
1005 478 1098 543 caput,
1113 477 1145 527 ιιι
1159 471 1238 542 coepi
1252 472 1351 538 dicere,
1367 492 1422 529 nen
1436 475 1476 530 fe-

116 549 207 603 liciter
228 549 281 602 fuit
301 549 453 619 applicata.

197 624 225 693 o)
243 629 305 683 Hoc
318 631 351 682 de
366 629 399 683 iis
413 629 516 684 dictum
529 636 581 692 est,
597 646 669 699 quae
684 630 712 682 in
725 646 829 699 genere
849 632 1035 694 quantitatum
1055 631 1191 685 rationem
1205 632 1312 686 habant
1334 635 1476 689 materiae.

115 709 202 762 Verbi
216 724 311 773 causa,
331 709 505 779 sphaericum
523 709 612 778 ipsum
630 726 724 779 perse
739 726 823 764 unum
838 718 925 765 totum
946 712 1052 781 sibique
1066 710 1185 781 undique
1204 712 1293 766 simila
1313 720 1358 767 est
1376 713 1477 769 forma·

114 790 194 849 litem
216 796 248 843 at
265 789 457 852 materialiter,
472 795 506 842 ut
522 789 689 858 superficies,
714 790 801 844 babet
821 797 930 860 partem
951 800 1034 846 extra
1053 799 1171 860 partem.
1214 793 1267 847 Hic
1285 809 1346 847 cum
1369 794 1477 848 ratione

115 868 237 938 partium
251 869 406 923 dominetur
419 869 447 923 in
461 867 606 939 sphaerico
627 869 747 923 infinitas
761 871 910 934 divisionis,
935 872 1108 941 sphaericum
1129 871 1215 943 igitur
1231 873 1339 926 ratione
1354 890 1397 936 ea,
1422 889 1478 945 qua

115 950 144 1002 in
157 956 254 1018 partes
269 956 315 1003 est
327 949 473 1012 dividuum,
497 964 553 1002 non
568 948 757 1003 consideratur
770 950 933 1014 formaliter,
955 954 1002 1006 sed
1021 952 1212 1016 materialiter,
1236 953 1295 1006 sire
1315 955 1386 1023 quod
1408 954 1478 1009 idam

114 1035 168 1090 est,
190 1035 286 1098 partes
309 1028 447 1098 sphaerici
472 1028 601 1082 formales
624 1029 717 1082 nullae
738 1037 817 1099 sunt;
842 1044 999 1100 quaerero
1021 1033 1049 1086 in
1072 1032 1120 1086 illo
1144 1033 1352 1087 considerantur
1370 1040 1476 1104 partes,

115 1109 275 1163 materiales
295 1117 368 1172 sunt,
392 1109 420 1162 in
444 1115 577 1179 quantum
600 1109 692 1178 ligura
715 1109 853 1178 sphaerici
877 1111 966 1165 utitur
988 1111 1105 1166 materia
1128 1111 1317 1183 quantitativa
1339 1112 1476 1183 dividique

114 1193 219 1259 potest.
259 1188 324 1243 Jam
341 1205 407 1242 rere
426 1195 491 1242 actu
512 1188 670 1242 inscribitur
683 1190 770 1243 cubus
792 1190 955 1261 sphaerico;
977 1192 1001 1245 si
1022 1192 1197 1261 sphaericum
1220 1192 1375 1246 formaliter
1389 1190 1477 1246 oonsi-

115 1270 230 1322 deratur
243 1274 276 1321 ut
289 1269 388 1339 ligura,
403 1268 480 1322 locus
495 1269 650 1338 quaestioni
666 1286 719 1323 non
734 1276 786 1333 est,
810 1271 974 1341 quibusnam
988 1271 1015 1324 in
1030 1271 1139 1340 punctis
1153 1272 1295 1326 statuendi
1309 1271 1366 1326 sint
1379 1271 1477 1344 anguli

115 1349 187 1410 cubi,
209 1347 251 1402 sin
272 1355 365 1403 autem
387 1347 572 1403 materialiter
594 1349 758 1413 consideres,
781 1358 815 1404 ut
836 1351 1007 1421 superficiem
1030 1351 1194 1406 infinitorum
1215 1359 1390 1421 punctorum:
1413 1360 1478 1406 tuno

115 1428 224 1499 quidem
245 1428 400 1499 quaestioni
421 1428 498 1482 locus
518 1435 569 1492 est,
592 1428 690 1498 quibus
711 1429 739 1483 in
752 1431 882 1500 punctis?
904 1439 936 1485 at
955 1432 1116 1501 responderi
1131 1449 1184 1484 non
1198 1437 1302 1500 potest,
1324 1448 1385 1486 cum
1404 1431 1477 1486 ratio

115 1507 195 1561 nulla
218 1508 264 1571 sit,
291 1525 339 1562 cur
361 1509 454 1579 potius
478 1508 505 1561 in
528 1507 571 1562 his
592 1509 711 1578 punctis,
733 1527 815 1580 quam
839 1510 866 1564 in
890 1510 967 1564 aliis:
990 1511 1091 1581 quippe
1112 1518 1206 1581 potest
1228 1511 1256 1565 in
1278 1511 1389 1565 infinitis
1414 1509 1477 1566 aliis

114 1597 199 1658 atque
219 1587 291 1642 aliis.
1194 1641 1197 1645 .

195 1667 287 1736 Huim
307 1666 421 1740 generis
442 1675 509 1722 sunt
529 1675 560 1722 et
580 1668 652 1722 istae
674 1669 863 1738 quaestiones:
889 1686 949 1724 cum
968 1667 1084 1740 fingitur
1102 1670 1222 1739 spatium
1235 1671 1478 1727 ultramundanum

115 1746 258 1811 infinitum,
280 1758 311 1802 et
330 1750 364 1802 de
379 1763 413 1801 eo
436 1747 587 1818 quaeritur,
610 1765 658 1803 cur
672 1750 764 1819 potius
782 1749 809 1802 in
823 1749 877 1802 bac
890 1757 971 1819 parte
986 1748 1082 1819 spatii,
1104 1765 1186 1820 quam
1204 1750 1232 1804 in
1252 1750 1311 1804 alia
1325 1750 1477 1806 collocatus

115 1828 153 1881 sit
167 1829 298 1891 mundum
320 1828 387 1882 item
407 1844 468 1882 cum
487 1836 596 1899 tempus
611 1819 754 1884 aeterium
769 1826 937 1898 (oppositum
957 1830 984 1884 in
999 1824 1120 1898 adjecto)
1135 1829 1250 1900 fingitur
1264 1830 1475 1902 quaeriturque:

114 1923 163 1961 eur
185 1909 297 1973 denum,
313 1915 380 1962 ants
403 1925 454 1962 sex
475 1908 564 1963 millia
584 1926 718 1963 annorum
741 1909 865 1963 conditus
888 1909 925 1963 sit
945 1910 1073 1972 mundus,
1095 1909 1156 1962 Deo
1171 1910 1208 1963 ab
1222 1910 1294 1964 omni
1309 1911 1477 1965 aeternitate

114 1987 275 2042 abstinente
290 2004 308 2042 a
321 1989 457 2043 creando?
497 1989 570 2043 Nam
585 1997 615 2043 et
628 1989 749 2058 spatium
769 1996 799 2043 et
813 1995 930 2059 tempus,
955 1990 983 2043 in
996 2005 1101 2060 genere
1122 1990 1317 2060 quantitatum,
1343 1990 1478 2045 rationem

113 2068 221 2122 habent
238 2069 382 2132 materiae,
403 2075 534 2138 respectu
556 2070 665 2140 quidem
679 2070 862 2140 dgrnatanrm
882 2069 1077 2138 quantitatum.
1119 2068 1240 2124 Materia
1253 2087 1318 2123 vero
1340 2071 1373 2122 de
1388 2087 1418 2123 se
1431 2085 1477 2124 ra·

114 2149 204 2202 tiones
218 2148 311 2202 nullas
327 2147 496 2218 suppeditat,
525 2149 588 2220 ipsa
610 2149 637 2202 in
651 2166 681 2202 se
704 2165 789 2204 unam
811 2157 841 2203 et
860 2148 949 2203 solam
971 2150 1172 2220 proprietatem
1195 2150 1290 2213 habet,
1315 2149 1479 2205 infinitatem

113 2228 244 2298 partium,
264 2227 404 2283 actualem
418 2229 534 2298 quidem,
556 2230 603 2283 rel
617 2229 722 2284 numeri
736 2229 781 2281 rel
796 2229 970 2298 quantitatis,
993 2229 1016 2283 si
1038 2229 1125 2299 ipsum
1148 2236 1236 2284 totum
1250 2237 1315 2283 actu
1330 2229 1477 2284 inlinitum:

113 2307 296 2377 potentialem
309 2324 376 2374 rero
390 2310 504 2374 numeri,
529 2310 553 2363 si
568 2315 655 2364 totum
670 2315 734 2362 actu
748 2309 862 2370 finitum,
885 2310 956 2378 quod
973 2309 1061 2362 solum
1076 2317 1120 2362 est
1133 2309 1273 2379 possibile,
1299 2325 1359 2362 cum
1368 2308 1478 2380 quanti·

114 2395 159 2440 tas
177 2394 224 2441 est
243 2388 271 2441 in
284 2387 404 2442 materia
416 2389 554 2459 corporali
572 2388 691 2459 physica
712 2389 759 2441 rel
773 2388 896 2442 coelesti.
937 2388 1007 2441 Vide
1025 2389 1144 2458 Epitom.
1159 2392 1235 2442 Astr.
1256 2389 1304 2441 lib.
1319 2388 1349 2450 l,
1371 2389 1418 2442 ubi
1440 2390 1474 2442 ds

113 2467 206 2537 ligura
225 2469 295 2521 coeli
316 2468 421 2539 agitur.

194 2560 225 2633 d)
247 2565 329 2620 Ratio
344 2566 491 2622 Aristoteli
504 2565 648 2620 familiaris
662 2564 707 2618 bie
721 2565 930 2635 impertinenter
944 2565 1104 2627 adhibetur;
1121 2565 1173 2620 imo
1188 2583 1222 2619 ne
1242 2564 1405 2635 principium
1419 2565 1478 2635 qui·

66 2674 70 2681 ν
113 2647 176 2699 dem
189 2646 273 2700 datur
287 2644 407 2714 alicujus
420 2661 565 2718 regressus
580 2646 607 2698 in
622 2645 797 2715 assignandis
812 2646 976 2709 rationibus,
992 2647 1039 2699 ubi
1054 2646 1125 2699 ratio
1140 2646 1225 2714 plana
1239 2644 1319 2698 nulla
1332 2651 1384 2698 est

194 2739 222 2807 e)
243 2742 281 2805 si,
306 2743 425 2813 inquam,
449 2760 503 2796 non
526 2749 571 2796 est
594 2742 701 2796 initium
724 2743 816 2813 operis
839 2743 994 2797 faciendum
1015 2743 1074 2797 sine
1097 2742 1213 2805 ratione,
1238 2743 1344 2795 nullum
1358 2758 1479 2813 unquam

115 2823 224 2877 initium
245 2822 300 2876 erit
322 2822 491 2883 faciendum
512 2822 634 2876 rationes
659 2823 730 2876 enim
754 2824 789 2876 ad
813 2824 865 2877 hoc
887 2824 933 2876 rel
948 2823 1016 2876 illud
1040 2823 1153 2886 initium,
1177 2822 1225 2875 ubi
1248 2824 1349 2875 dantur
1363 2821 1478 2884 infinita,

113 2903 200 2973 plane
219 2902 314 2955 nullae
334 2909 407 2956 sunt.
450 2903 527 2964 Quod
552 2901 638 2971 igitur
661 2903 689 2955 in
710 2902 822 2957 infinitis
842 2903 951 2972 punctis
966 2903 1024 2957 fieri
1045 2919 1132 2972 acque
1147 2910 1250 2971 posset,
1276 2902 1301 2954 id
1322 2918 1382 2955 cum
1405 2901 1438 2955 fit
1451 2901 1479 2954 in
1542 2912 1546 2918 ’

113 2999 209 3036 eorum
221 2999 278 3035 uno
301 2982 403 3052 aliquo,
427 2988 541 3052 praeter
563 2998 670 3034 omnem
689 2981 825 3037 rationem
849 2990 905 3046 est,
931 2984 1001 3052 quod
1025 2983 1054 3035 in
1072 3000 1106 3035 eo
1126 2982 1297 3052 potissimum
1320 2981 1373 3034 tut
1395 2997 1477 3051 prae·

118 3062 208 3116 teritis
230 3062 302 3115 aliis.
952 3112 955 3116 .

195 3135 221 3209 f)
243 3141 329 3211 Atqui
350 3139 506 3211 geometria
524 3142 605 3194 docet
624 3141 790 3196 locationem
813 3141 962 3212 pyramidis
984 3141 1012 3194 in
1033 3141 1102 3194 cubo
1125 3141 1209 3211 longe
1228 3140 1428 3195 concinniorem
1450 3148 1481 3194 et

116 3220 323 3292 perfectiorem:
339 3218 546 3285 concinniorem,
569 3221 635 3290 quia
649 3237 720 3290 quae
733 3222 806 3275 ratio
821 3229 865 3274 est
879 3221 1063 3290 inscriptionis
1077 3220 1265 3290 geometricae
1285 3221 1359 3274 illius
1374 3222 1402 3274 in
1416 3221 1479 3282 isto.

115 3303 212 3355 eadem
231 3301 316 3355 etiam
338 3301 365 3354 in
386 3303 485 3354 mundo
510 3301 642 3354 concinna
656 3301 725 3355 erit:
750 3309 781 3354 at
794 3301 962 3370 geometrice
985 3302 1107 3371 pyramis
1122 3302 1192 3354 cubo
1206 3301 1246 3353 sic
1259 3301 1425 3365 inscribitur,
1449 3309 1482 3355 ut

116 3382 261 3451 quodlibet
275 3381 349 3434 latus
364 3380 516 3450 pyramidis
530 3382 581 3435 liat
594 3382 739 3452 diagonios
753 3380 834 3433 unius
854 3381 931 3448 plani
952 3381 1054 3433 cubici:
1076 3381 1268 3450 perfectiorem
1282 3399 1355 3444 vero,
1379 3382 1444 3450 quia
1457 3380 1481 3434 si

116 3462 236 3515 maxime
251 3461 326 3514 basis
336 3475 398 3513 una
411 3461 561 3529 pyramidis
575 3461 625 3515 tlat
638 3461 779 3530 parallela
793 3460 854 3512 basi
868 3460 915 3513 uni
930 3461 1001 3523 cubi,
1016 3469 1110 3514 tamen
1124 3461 1214 3513 adhuc
1228 3461 1335 3514 incerta
1348 3468 1392 3513 est
1406 3460 1480 3514 loca·

117 3541 156 3594 tio
180 3542 300 3594 laterum
321 3540 397 3594 basis
422 3539 581 3610 triangulae
605 3541 694 3602 trium,
720 3547 850 3609 respectu
874 3540 993 3593 laterum
1021 3540 1095 3593 basis
1119 3541 1328 3610 quadrangulae
1353 3546 1480 3609 quatuor.

117 3621 216 3674 Potest
229 3620 303 3674 enim
317 3620 460 3690 quodlibet
473 3619 583 3674 illorum
604 3620 719 3674 cuilibet
739 3621 835 3674 horum
849 3616 1016 3688 parallelum
1037 3619 1138 3681 statui;
1162 3628 1255 3689 potest
1271 3630 1300 3672 et
1314 3618 1479 3688 angulorum

115 3701 163 3754 uni
178 3699 306 3754 obtendi:
328 3707 363 3753 ut
374 3700 611 3769 perpendicularis
625 3701 718 3769 potius
734 3700 811 3770 plani
826 3699 1007 3769 triangularis
1022 3716 1082 3753 cum
1104 3699 1193 3752 latere
1207 3700 1269 3751 cubi
1293 3700 1318 3751 in
1335 3698 1404 3770 idem
1418 3697 1478 3764 pla·

115 3797 180 3834 num
202 3787 352 3849 competat.
393 3779 520 3849 Denique
533 3781 672 3849 'perfecta
694 3779 796 3833 locatio
817 3797 872 3832 non
895 3787 946 3841 est,
973 3779 1020 3832 ubi
1042 3796 1096 3831 non
1120 3778 1243 3831 omnibus
1264 3779 1353 3846 planis
1376 3777 1478 3831 similes

116 3861 186 3913 situs
202 3860 382 3930 contingunt;
404 3867 437 3912 at
459 3875 519 3912 oum
533 3877 616 3913 unum
637 3860 787 3931 pyramidis
802 3859 916 3929 planum
938 3858 970 3911 fit
990 3858 1155 3929 parallelum
1177 3859 1262 3928 plano
1278 3859 1348 3920 cubi,
1370 3857 1480 3926 reliqua

117 3940 206 4003 illius,
221 3939 292 3992 nulli
306 3938 389 4008 hujus
404 3945 487 3992 erunt
500 3939 658 4009 parallela;
680 3940 752 3993 idem
766 3947 795 3992 et
809 3940 842 3991 de
857 3938 992 3992 lateribus
1007 3940 1084 3992 etde
1099 3939 1211 4007 angulis
1226 3938 1327 3991 dictum
1342 3943 1411 3990 esto.

195 4015 231 4091 g)
255 4019 309 4073 Hic
328 4018 389 4088 jam
408 4019 477 4072 situs
497 4020 533 4072 ab
552 4027 670 4089 utraque
693 4020 785 4090 figura
799 4019 939 4082 abhorret,
962 4027 992 4072 et
1013 4035 1031 4072 a
1049 4018 1191 4088 pyramide
1211 4026 1272 4071 eta
1287 4019 1366 4070 cubo.
1409 4016 1479 4069 Nam

116 4098 259 4169 inscriptio
273 4098 444 4170 geometrica
456 4100 544 4162 docet,
561 4100 678 4169 angulos
693 4099 786 4170 potius
801 4106 919 4170 quatuor
933 4098 1084 4168 pyramidis
1098 4099 1200 4153 debere
1210 4097 1294 4168 jungi
1310 4093 1368 4165 (rel
1382 4111 1478 4164 super·

116 4174 196 4248 poni)
211 4179 327 4233 totidem
340 4179 451 4250 angulis
466 4181 499 4232 de
513 4180 675 4233 dodecatdri
690 4179 797 4251 viginti:
840 4179 884 4233 Sic
903 4180 999 4232 eadem
1022 4178 1162 4248 inscriptio
1181 4178 1353 4249 geometrica
1375 4174 1437 4230 cubi
1451 4175 1479 4228 in

116 4260 306 4313 dodecaddron
326 4261 415 4322 docet,
430 4257 576 4331 diagonios
591 4261 754 4313 dodecaddri
770 4266 831 4313 octo
847 4260 880 4312 de
895 4258 1044 4322 duodecim,
1066 4258 1124 4312 lieri
1144 4267 1206 4313 octo
1221 4258 1314 4311 latera
1329 4256 1404 4309 cubi:
1425 4255 1478 4307 ita·

116 4356 169 4409 que
184 4340 208 4392 si
222 4341 412 4393 dodecaedron
426 4339 545 4392 vicissim
566 4340 604 4393 sit
625 4340 699 4393 intra
718 4340 825 4401 cubum,
851 4344 961 4408 oportet
981 4341 1015 4391 de
1030 4337 1148 4410 triginta
1167 4336 1301 4392 lateribus
1315 4333 1478 4388 dodecaddri

116 4434 185 4473 sena
198 4418 372 4473 subordinari
386 4419 460 4471 senis
473 4419 565 4486 planis
580 4421 642 4473 cubi
658 4420 713 4474 situ
727 4419 874 4488 parallelo.

195 4494 227 4562 b)
246 4498 307 4552 Hoc
320 4504 404 4569 pacto
417 4499 598 4567 respondebit
607 4501 715 4570 quidem
729 4499 798 4552 situs
813 4500 935 4554 oeaedri
950 4497 1037 4552 intimi
1058 4498 1085 4552 in
1101 4498 1170 4551 cubo
1184 4495 1288 4550 extimo
1308 4492 1477 4562 inscriptioni

116 4578 303 4648 geometricae
317 4576 441 4644 ejusdem
454 4577 483 4630 in
497 4578 580 4633 cubo:
596 4588 629 4633 at
636 4579 780 4651 pyramidi,
802 4581 981 4640 dodecatdro,
1006 4579 1148 4631 ieosaedro
1163 4592 1216 4629 non
1232 4572 1357 4646 legitime
1372 4588 1477 4626 accom-

117 4657 281 4720 modabitur,
306 4657 359 4711 nisi
383 4657 452 4711 situs
471 4657 580 4712 illorum
599 4659 626 4712 in
650 4661 721 4713 cubo
744 4661 779 4712 ad
803 4660 881 4728 leges
901 4659 961 4727 jam
984 4657 1171 4726 praescriptas
1191 4654 1360 4708 emendetur.
1403 4652 1479 4705 'luno

116 4738 189 4792 enim
209 4743 376 4793 mucurrent
398 4735 426 4791 in
444 4752 502 4791 una
521 4747 601 4792 recta
623 4739 699 4793 linea
721 4756 758 4792 ex
780 4746 874 4791 centro
897 4737 1030 4791 communi
1057 4737 1208 4807 figurarum
1227 4732 1345 4786 omnium
1368 4732 1476 4794 educta,

120 4813 149 4882 l)
171 4818 295 4895 angulus
308 4817 441 4881 octaedri,
466 4814 499 4888 2)
514 4817 633 4874 laterum
647 4819 790 4887 icosatdri,
813 4814 843 4881 3)
858 4816 1030 4880 dodecaedri,
1053 4812 1083 4880 4)
1098 4813 1247 4888 pyramidis
1262 4811 1352 4866 media
1365 4818 1477 4881 puncta,
