3414 5550
733 295 815 360 capa
833 296 854 346 1·
1409 298 1471 365 tte

111 453 279 533 respondeo
302 455 439 535 primum,
465 453 605 534 antiquas
625 453 808 536 hypotheses
822 454 1048 533 praecipuorum
1069 455 1184 536 aliquot
1205 457 1338 537 capitum
1359 459 1472 522 nullam

110 543 201 621 plane
226 542 374 606 rationem
397 543 534 604 reddere.
583 540 760 622 Cujusmodi
785 552 841 614 est,
868 544 946 623 quod
970 543 1110 623 ignorant
1134 546 1258 615 numeri,
1283 548 1472 626 quantitatis,

111 631 316 713 temporisque
343 631 636 712 retrogradationum
665 650 792 693 causas:
828 641 859 692 et
888 650 979 711 quare
1010 633 1078 695 illae
1107 634 1146 695 ad
1170 635 1313 696 amussim
1336 635 1382 697 ita
1405 656 1473 699 eum

111 721 179 782 loco
204 727 237 783 et
258 729 342 783 motu
365 719 447 783 Solis
475 720 574 782 medio
602 720 792 782 conveniant.
810 723 835 794 ⁰)
883 718 1000 791 Quibus
1032 721 1169 783 omuibus
1202 722 1231 783 in
1263 723 1372 799 rebus,
1406 743 1473 787 eum

110 810 190 888 apud
215 807 414 890 Copernionm
437 810 510 879 ordo
534 809 752 891 pulcherrimus
775 819 937 888 appareat,
962 829 1084 871 causam
1109 811 1201 872 etiarn
1225 811 1325 875 inesse
1349 832 1473 875 necesse

110 907 171 962 est.
202 898 319 962 Deinde
343 918 446 961 earum
461 898 555 961 etiam
568 897 788 981 hypothesium,
814 917 890 978 quae
914 907 1105 961 constantem
1129 899 1374 984 apparentiarum
1398 922 1473 963 ean-

111 1007 179 1049 sam
201 989 340 1063 reddunt,
365 998 398 1050 et
420 1007 487 1050 eum
511 987 576 1050 visu
601 987 801 1062 consentiunt,
825 987 898 1049 nihil
922 995 1016 1069 negat
1031 986 1224 1068 Copemicus,
1249 989 1349 1068 potius
1374 990 1474 1052 omnia

112 1075 205 1139 sumit
228 1085 260 1140 et
283 1077 426 1157 explicat.
460 1078 540 1140 Nam
564 1076 643 1157 quod
666 1076 763 1138 multa
785 1075 814 1138 in
838 1077 1054 1159 hypothesibus
1079 1077 1199 1139 usitatis
1223 1077 1400 1141 immutasse
1423 1080 1472 1141 vi-

111 1166 209 1239 detur,
226 1164 264 1246 ¹id
287 1186 394 1229 revera
416 1184 475 1228 non
500 1166 544 1228 ita
568 1185 600 1227 se
625 1166 727 1226 habet.
766 1164 845 1227 Fieri
869 1186 996 1246 namque
1019 1174 1131 1245 potest,
1158 1175 1190 1227 ut
1213 1165 1292 1228 idem
1316 1167 1475 1248 contingat

111 1254 227 1317 duobus
243 1255 343 1334 speeie
358 1254 564 1317 differentibus
579 1253 829 1334 praesuppositis,
853 1263 1017 1334 propterea
1031 1256 1109 1335 quod
1131 1255 1183 1316 illa
1207 1256 1264 1318 duo
1289 1256 1343 1317 sub
1368 1257 1474 1319 eodem

111 1363 223 1423 genere
251 1353 335 1420 sunt,
365 1344 449 1422 cujus
478 1344 580 1424 gratia
602 1342 721 1424 generis
749 1342 846 1422 primo
875 1343 905 1405 id
933 1343 1094 1424 contingit,
1124 1344 1160 1405 de
1185 1363 1242 1423 quo
1267 1344 1374 1422 agitur.
1422 1344 1474 1408 Sio

112 1433 487 1496 Ptolemaeus-stellarum
511 1442 595 1495 ortus
619 1441 651 1494 et
673 1431 773 1495 obitus
797 1432 1029 1507 demonstravit,
1062 1452 1119 1493 noo
1144 1434 1199 1494 hoo
1223 1433 1321 1497 medio
1345 1435 1474 1497 termino

112 1520 248 1600 proximo
272 1529 304 1584 et
327 1530 505 1603 coaequato,
530 1522 600 1602 quia
623 1520 718 1582 Terra
741 1520 782 1583 ait
805 1520 834 1582 in
858 1521 955 1584 medio
980 1521 1149 1584 immobilis.
1193 1523 1297 1602 Neque
1323 1521 1473 1602 Cuperni-

112 1630 165 1672 uus
189 1610 269 1672 idem
291 1610 347 1672 hoe
371 1611 469 1672 medio
493 1604 690 1684 demonstrat,
717 1609 787 1691 quia
801 1610 895 1671 Terra
912 1611 1043 1672 amedio
1063 1611 1180 1673 distans
1204 1612 1351 1674 volvatur.
1385 1611 1472 1674 Utri-

112 1719 169 1778 que
194 1699 273 1761 enim
297 1700 414 1762 suffecit
437 1699 536 1762 dicere
561 1699 655 1780 (quod
679 1707 710 1761 et
739 1708 863 1779 uterque
892 1699 982 1773 dixit)
1015 1701 1082 1762 ideo
1111 1701 1185 1761 haec
1212 1700 1257 1760 ita
1289 1700 1371 1772 lieri,
1405 1701 1475 1782 quia

112 1788 193 1850 inter
216 1788 332 1851 coelum
355 1798 388 1852 et
410 1789 535 1852 Terram
558 1789 729 1851 intercedat
751 1787 852 1868 aliqua
879 1796 1011 1850 motuum
1040 1789 1208 1869 separatio,
1238 1797 1271 1851 et
1299 1789 1368 1870 quia
1391 1790 1475 1854 nulla

112 1877 192 1940 inter
214 1877 291 1940 linas
314 1879 464 1941 sentiatur
487 1877 616 1940 Telluris
641 1898 660 1938 a
682 1877 780 1939 medio
804 1877 959 1939 distantia.
996 1878 1093 1957 Igitur
1116 1878 1310 1941 Ptolemaeus
1334 1898 1393 1940 non
1417 1878 1473 1940 de-

112 1966 296 2029 monstravit
319 1967 397 2030 falso
413 1976 446 2030 et
460 1967 662 2031 accidentario
678 1966 785 2041 medio,
811 1964 836 2027 si
860 1986 936 2047 quae
961 1967 1180 2030 demonstravit
1203 1989 1372 2046 perrepere.
1407 1968 1475 2030 Hoo

24 2099 28 2104 ,
112 2063 234 2118 tantum
247 2055 277 2118 in
291 2056 391 2138 legem
405 2054 464 2120 aaa*
481 2055 555 2118 uiro
569 2055 717 2137 peccavit,
743 2056 821 2138 quod
836 2054 1030 2132 existimavit,
1056 2059 1130 2120 haec
1145 2056 1189 2119 ita
1202 2066 1328 2137 propter
1342 2057 1476 2136 speeiem

113 2144 244 2221 evenire,
269 2163 346 2226 quae
359 2154 486 2227 propter
502 2164 597 2226 genus
616 2144 766 2207 eveniunt.
800 2144 887 2208 Unde
902 2153 1040 2226 apparet,
1061 2167 1098 2209 ex
1117 2166 1162 2221 eo,
1187 2147 1265 2227 quod
1280 2146 1475 2208 Ptolemaeus

113 2254 152 2295 ex
175 2234 256 2296 falsa
278 2235 379 2297 mundi
403 2235 600 2316 dispositione
623 2254 697 2296 vera
719 2243 820 2297 tamen
853 2242 884 2295 et
911 2235 995 2297 coelo
1027 2235 1197 2317 nostrisque
1226 2235 1319 2297 oculis
1343 2244 1475 2297 c'onsona

114 2322 345 2397 demonstrarit,
360 2342 398 2385 ex
412 2344 458 2400 eo,
474 2324 604 2404 inquam,
618 2325 730 2386 nullam
745 2344 812 2385 esse
828 2342 959 2398 eausam,
977 2324 1071 2387 simile
1087 2325 1157 2406 quid
1171 2324 1263 2386 etiam
1279 2325 1315 2386 de
1325 2323 1474 2404 Cuperni-

114 2411 199 2474 cauis
223 2412 440 2495 hypothesibus
465 2413 647 2493 suspicandi.
695 2411 774 2483 Quin
798 2412 899 2492 potius
923 2423 1034 2488 manet,
1060 2414 1138 2493 quod
1161 2412 1245 2475 initio
1270 2413 1382 2475 dictum
1406 2420 1472 2475 est:

113 2520 172 2563 uon
196 2519 288 2580 posse
303 2502 383 2565 falsa
397 2522 465 2565 esse
481 2501 639 2583 Cupernici
655 2501 810 2581 principia,
836 2521 874 2562 ex
898 2501 1004 2582 quibus
1028 2510 1091 2564 tam
1116 2512 1257 2564 constans
1281 2502 1475 2582 plurimorum

115 2610 300 2667 quoopsvon
321 2591 418 2666 ratio,
449 2591 554 2671 ignota
576 2591 748 2664 veteribus,
778 2591 939 2665 reddatur,
970 2600 1117 2672 quatenus
1143 2611 1180 2653 ex
1203 2590 1263 2652 illis
1287 2590 1431 2653 redditur.
1447 2587 1475 2664 ⁴)

117 2677 204 2741 Vidit
226 2680 282 2741 hoc
307 2679 497 2742 felicissimus
521 2681 571 2743 ille
587 2680 688 2762 Tyrho
704 2680 814 2755 Brahe,
840 2689 1029 2742 astronomus
1049 2681 1127 2743 omni
1143 2681 1344 2741 celebratione
1368 2679 1473 2759 major,

115 2768 165 2847 qui
190 2769 326 2848 quamvis
349 2769 469 2832 omnino
493 2770 530 2831 de
555 2771 621 2831 loco
645 2769 757 2830 Terrae
781 2790 800 2832 a
824 2768 990 2850 Cuperuico
1020 2769 1213 2843 dissentiret,
1248 2779 1349 2831 tamen
1378 2789 1416 2829 ex
1439 2787 1474 2829 eo

115 2856 240 2919 retinuit
262 2857 302 2934 id,
328 2858 413 2938 cnjus
437 2859 537 2939 gratia
555 2879 652 2921 rerum
668 2859 814 2921 hactenus
827 2858 1046 2939 incognitarum
1061 2879 1168 2921 causas
1182 2859 1346 2921 habemus:
1372 2857 1474 2919 Solem

115 2964 223 3025 nempe
247 2965 315 3008 esse
330 2956 465 3010 centrum
480 2947 609 3029 quinque
624 2949 823 3027 planetarum.
857 2949 936 3010 Nam
961 2957 992 3010 et
1014 2949 1071 3010 hoc
1095 2947 1252 3028 angustius
1276 2956 1324 3009 est
1346 2947 1475 3009 medium

115 3035 153 3094 ad
178 3036 431 3099 demonstrandas
455 3037 687 3117 repedationes:
717 3060 753 3099 ao
776 3038 831 3099 Sol
855 3037 883 3099 in
909 3051 1011 3099 centro
1036 3037 1206 3100 immobilis.
1252 3035 1372 3099 Sufficit
1395 3035 1474 3097 enim

114 3125 258 3202 generale
281 3124 371 3188 illud:
397 3124 452 3188 Sol
474 3126 504 3187 in
530 3135 632 3188 centro
656 3127 845 3207 planetarum
870 3126 1005 3207 quinque.
1056 3125 1118 3189 Cur
1142 3135 1242 3188 autem
1266 3126 1397 3205 speciem
1421 3143 1475 3204 pro

115 3232 226 3291 genere
250 3222 384 3277 sumeret
398 3213 593 3297 Cepernicus,
619 3224 650 3277 et
664 3215 767 3278 Solem
792 3215 913 3295 insuper
936 3215 965 3276 in
990 3224 1092 3278 centro
1111 3215 1221 3290 mundi,
1248 3214 1372 3277 Terram
1395 3214 1476 3276 circa

115 3322 184 3364 eum
208 3302 348 3366 mobilem
373 3305 497 3378 iaceret,
522 3305 600 3367 aliae
624 3324 734 3366 causae
759 3305 887 3366 fuerunt.
925 3305 1005 3366 Nam
1030 3314 1062 3367 ut
1086 3326 1125 3366 ex
1143 3304 1328 3367 astronomia
1343 3304 1381 3365 ad
1399 3304 1478 3385 phy·

116 3392 210 3454 sicam
239 3392 303 3454 sive
331 3394 592 3475 cosmographiam
622 3393 794 3468 deveniam,
826 3394 883 3455 hae
908 3391 1068 3473 Copernici
1092 3395 1278 3475 hypotheses
1302 3413 1360 3454 non
1385 3394 1480 3454 solum

117 3482 144 3540 in
170 3488 309 3543 naturam
332 3503 430 3545 rerum
454 3502 511 3545 non
535 3491 677 3563 peccant,
710 3483 764 3544 sed
792 3482 875 3545 illem
904 3483 997 3544 multo
1023 3483 1119 3562 magis
1144 3485 1261 3563 juvant.
1309 3484 1405 3543 Amat
1428 3481 1481 3542 illa

116 3568 353 3650 simplicitatem,
377 3579 462 3634 amat
476 3572 631 3634 unitatem.
664 3572 825 3652 Nunquam
848 3571 877 3631 in
902 3570 969 3650 ipsa
983 3571 1141 3652 quicquam
1155 3572 1284 3633 otiosum
1299 3580 1351 3632 aut
1373 3588 1481 3648 super-

118 3659 209 3720 fluum
232 3660 354 3723 extitit:
379 3668 414 3723 at
437 3661 557 3740 saepius
581 3680 641 3722 una
664 3679 713 3723 res
737 3659 840 3722 multis
864 3660 903 3721 ab
927 3659 979 3722 illa
999 3660 1168 3721 destinatur
1183 3658 1349 3721 effectibus.
1386 3657 1480 3737 Atqui

118 3766 211 3825 penes
234 3748 366 3811 usitatas
389 3749 574 3830 hypotheses
598 3749 712 3811 orbium
736 3749 942 3829 fingendorum
965 3748 1032 3809 linis
1048 3750 1146 3811 nullus
1162 3759 1227 3809 est:
1253 3768 1346 3827 penes
1363 3745 1480 3827 Cepera

118 3836 217 3898 uicum
241 3837 360 3916 plurimi
384 3845 483 3900 motus
507 3857 545 3899 err
568 3838 760 3919 paucissimis
785 3847 949 3917 sequuntur
977 3838 1115 3910 orbibus,
1149 3847 1182 3898 ut
1215 3836 1334 3899 interim
1363 3844 1481 3898 taceam

120 3926 363 4004 penetrationem
377 3927 494 3989 orbium
509 3926 641 3989 Veneris
657 3935 688 3989 et
702 3927 852 4002 Mercurii,
879 3935 911 3988 et
934 3927 1004 4001 alia,
1029 3926 1134 4007 quibus
1155 3927 1277 4006 antiqua
1296 3925 1482 3988 astronomia

118 4014 147 4074 in
176 4022 266 4078 tanta
299 4015 414 4078 orbium
447 4017 652 4096 fingendorum
686 4016 829 4078 libertate
858 4016 1020 4078 etiamnum
1053 4017 1181 4077 laborat.
1229 4018 1331 4096 Atque
1366 4016 1408 4077 sic
1438 4014 1483 4077 vir

118 4104 177 4164 iste
202 4122 260 4166 non
283 4112 403 4168 tantum
419 4114 557 4167 naturam
572 4123 700 4167 onerosa
723 4105 776 4167 illa
800 4114 831 4167 et
855 4106 952 4167 inutili
971 4105 1178 4185 suppellectile
1201 4113 1249 4167 tot
1272 4105 1484 4167 immensorum

118 4191 236 4256 orbium
265 4193 424 4256 liberavit:
460 4196 514 4256 sed
542 4194 664 4274 insuper
692 4195 783 4256 etiam
812 4194 1022 4257 inexhaustum
1052 4194 1136 4255 nobis
1165 4195 1340 4257 thesaurum
1365 4193 1484 4274 aperuit

119 4281 373 4346 divinissimomm
393 4283 616 4346 ratiociniorum
640 4285 676 4345 de
704 4282 798 4346 totius
824 4284 924 4346 mundi
948 4283 1136 4363 omniumque
1161 4303 1316 4364 corporum
1341 4284 1483 4362 pulcher-

119 4371 197 4433 rima
220 4372 398 4453 aptitudine.
444 4373 551 4455 Neque
575 4372 678 4435 dubito
708 4374 872 4447 affirmare,
903 4373 1040 4455 quicquid
1072 4372 1272 4453 aposteriori
1297 4372 1482 4452 Copernicus

119 4461 246 4541 collegit
267 4470 300 4525 et
321 4461 389 4524 risu
412 4462 666 4535 demonstravit,·
683 4462 885 4524 mediantibus
909 4461 1101 4543 geometricis
1126 4461 1303 4536 axiomatis,
1339 4461 1368 4522 id
1397 4478 1484 4521 omne

119 4551 168 4612 vel
192 4549 260 4630 ipso
273 4551 441 4614 Aristotele
457 4558 547 4627 teste,
573 4551 597 4613 si
620 4550 736 4614 viveret
760 4553 854 4633 (quod
869 4553 1041 4632 frequenter
1055 4560 1142 4631 optat
1157 4550 1327 4623 Rheticus),
1353 4571 1372 4610 a
1392 4546 1485 4631 priori

120 4637 212 4701 nullis
236 4640 414 4721 ambagibus
438 4640 638 4703 demonstrari
662 4660 762 4721 posse.
809 4641 924 4704 Verum
948 4643 984 4703 de
1013 4639 1060 4703 his
1089 4641 1225 4704 omnibus
1257 4639 1350 4700 fusius
1374 4647 1407 4701 et
1429 4656 1486 4717 pro

121 4722 272 4808 dignitate
295 4729 412 4812 pridem
434 4729 499 4812 egit
511 4729 634 4792 Rhetiei
648 4730 792 4804 narratio,
819 4739 851 4792 et
865 4729 1050 4812 Copemious
1070 4730 1157 4811 ipse:
1181 4739 1213 4791 et
1236 4728 1260 4790 si
1285 4727 1356 4807 quid
1379 4726 1484 4807 copio-

120 4816 186 4881 sius
209 4817 355 4899 sxplieari
375 4827 489 4902 puteat,
513 4818 591 4883 alius
613 4819 644 4882 id
667 4820 724 4884 loci
748 4828 781 4882 et
804 4820 948 4902 temporis
972 4820 1039 4896 erit,
1055 4823 1083 4895 ⁰)
1107 4840 1183 4883 nunc
1204 4816 1344 4898 attigisse
1361 4816 1484 4879 suffieit:

192 4921 283 4977 ΜΗ
296 4923 397 4977 limi·
1256 4922 1273 4975 8
