3428 5542
241 244 308 369 2td
388 358 390 362 ,
788 305 911 373 aalma
929 305 1053 370 nnana
1110 392 1112 397 ⁴

242 462 345 527 Solem
368 461 502 541 proxime
517 481 606 541 super
619 463 737 526 Lunam
752 464 882 526 infimam
897 465 1063 540 collocarit,
1079 463 1167 544 idque
1182 464 1221 527 ab
1235 482 1272 526 eo
1287 469 1321 526 ut
1334 462 1604 529 ceteraAristote-

242 552 288 614 les
311 550 455 613 hauserit.
502 551 569 612 Hoc
583 558 674 630 pacto
695 552 862 615 sischema
882 554 1018 634 superins
1037 554 1091 615 liat
1114 553 1231 616 theoria
1244 551 1335 626 Solis,
1360 551 1496 617 manebit
1517 551 1606 632 primi

243 640 346 703 circuli
370 639 442 700 ILK
465 640 543 700 situs
567 650 598 701 et
621 649 729 714 motus,
755 643 902 704 secundus
918 640 1008 713 NOQ
1028 651 1110 704 motu
1130 642 1248 706 carebit
1270 643 1343 705 lere.
1390 639 1511 704 Tertius
1524 639 1607 703 Rsn

243 729 345 792 Solam
369 728 460 790 vehet
482 735 514 788 et
538 748 635 791 annno
659 730 759 809 spatio
784 733 822 792 ad
846 731 924 793 idem
945 730 1033 812 primi
1061 733 1110 800 vel
1130 730 1246 794 zodiaci
1259 738 1403 810 punctum
1416 729 1605 792 restituetur.

249 846 255 853 ·
332 816 477 888 Quamvis
511 836 569 879 non
598 819 771 897 negaverim
803 820 866 882 fieri
888 821 1038 901 potuisse,
1071 832 1104 883 ut
1132 840 1199 882 oum
1220 820 1365 883 Eudoxus
1392 819 1424 880 in
1451 815 1525 880 Sole
1548 818 1606 880 de·

243 907 372 971 lineares
400 907 532 968 colurum
561 907 777 984 solstitiorum,
807 909 918 990 inquo
948 911 1172 972 demonstraret
1199 909 1359 972 maximam
1383 908 1447 986 ejus
1469 906 1607 969 declina-

243 997 364 1071 tionem,
394 995 580 1058 Aristoteles
604 1014 671 1058 enm
696 998 828 1061 colurum
847 1017 901 1079 pro
925 999 1056 1079 sphaera
1070 998 1173 1060 mobili
1193 1005 1339 1061 censeret.
1388 994 1451 1059 Sed
1466 1014 1522 1059 nec
1538 1015 1609 1058 um

243 1086 446 1166 conjecturam
469 1084 640 1163 rejicerem,
671 1104 758 1166 quam
781 1087 969 1149 Fracastorii
996 1087 1089 1148 verba
1112 1087 1322 1170 suppeditant,
1343 1103 1412 1146 cum
1435 1083 1495 1149 ait:
1529 1083 1610 1160 „sol

244 1193 315 1237 vero
339 1174 368 1236 in
393 1174 526 1237 maxima
550 1193 607 1235 sua
630 1174 830 1238 declinatione
854 1176 1014 1238 videbatur
1028 1196 1104 1237 nunc
1118 1177 1216 1257 magis
1241 1176 1280 1238 ab
1294 1181 1458 1254 aequatura
1482 1173 1609 1246 distare,

243 1282 320 1327 nuuc
343 1263 473 1326 minus.“
518 1262 662 1325 Eudoxus
691 1266 794 1344 itaque
817 1284 871 1326 seu
894 1265 1137 1348 observationum
1162 1263 1369 1329 solstitialium
1397 1262 1472 1325 vitio
1495 1270 1529 1324 et
1550 1281 1609 1324 vv

243 1351 364 1426 metata,
388 1372 441 1413 seu
467 1359 602 1414 veterum
626 1354 662 1414 de
687 1353 865 1434 obliquitate
888 1354 1004 1415 zodiaci
1027 1355 1240 1418 traditionibus
1265 1357 1368 1428 (erant
1382 1353 1461 1415 enim
1476 1350 1609 1432 diligen·

243 1450 292 1505 tes
324 1442 354 1503 in
387 1441 444 1503 hoc
476 1439 651 1519 inquirendo
681 1452 805 1523 propter
835 1441 1050 1525 Olympiadum
1083 1444 1185 1520 initia)
1216 1462 1282 1507 cum
1310 1461 1366 1504 sua
1395 1440 1611 1504 observatione

244 1530 378 1604 collatis,
412 1548 464 1590 seu
489 1528 636 1608 suspicari
669 1550 722 1593 seu
750 1552 820 1594 vere
851 1532 1073 1612 deprehendere
1106 1534 1205 1613 potuit
1233 1531 1441 1594 diversitatem
1477 1529 1612 1610 aliquam

245 1617 456 1681 declinationis
480 1617 667 1693 solstitialis,
697 1621 745 1683 cui
769 1621 944 1683 efficiendae
965 1619 1068 1684 Solem
1098 1623 1126 1684 iu
1159 1619 1327 1685 latitudinis
1355 1618 1468 1681 circulo
1492 1617 1611 1682 consti-

244 1708 361 1770 tuebat.
409 1707 455 1766 De
479 1706 606 1785 lphito
630 1709 749 1789 quidem
774 1711 939 1772 communis
963 1719 1013 1771 est
1041 1713 1142 1788 fama,
1171 1730 1296 1775 cansam
1319 1708 1363 1771 illi
1388 1706 1481 1770 inisse
1505 1713 1610 1770 astro-

244 1796 393 1859 numioam
416 1794 667 1859 instituendarum
691 1796 913 1879 Olympiadum.
934 1793 974 1872 ¹¹)
1022 1801 1064 1862 Et
1078 1801 1146 1881 ipsa
1160 1803 1256 1863 forma
1275 1797 1344 1860 anni
1358 1795 1439 1858 illius
1460 1796 1612 1867 clamitat,

245 1893 348 1948 uotam
382 1883 474 1945 fuisse
500 1884 598 1962 lphito
622 1887 771 1949 rationem
794 1888 918 1950 solstitii
948 1887 1082 1971 adeoque
1107 1887 1319 1952 declinationis
1342 1884 1493 1948 maximae
1516 1883 1611 1957 Solis,

245 1975 352 2056 utqui
376 1992 486 2034 annum
510 1973 548 2035 ah
573 1993 608 2035 eo
631 1975 794 2054 plenilunio
818 1977 991 2056 incipiebat,
1018 1979 1096 2057 quod
1111 1980 1246 2059 proxime
1269 1974 1433 2037 solstitium
1457 1974 1611 2054 sequeba-

245 2069 304 2125 tur.
351 2063 401 2124 Ab
430 2081 465 2122 eo
489 2081 560 2124 vero
584 2065 623 2125 ad
646 2060 804 2127 Eudoxum
827 2074 898 2127 snnt
922 2066 991 2126 anni
1013 2064 1089 2130 400.
1137 2068 1217 2129 Vide
1241 2065 1334 2127 etiam
1356 2080 1432 2142 quae
1457 2081 1552 2143 supra
1575 2062 1613 2123 de

246 2151 384 2227 Thalete,
409 2151 458 2232 qui
483 2153 597 2213 medius
623 2153 679 2214 fnit
702 2155 780 2217 inter
803 2155 934 2234 Iphitum
960 2163 992 2215 et
1012 2157 1184 2232 Eudoxum,
1210 2157 1284 2218 item
1308 2155 1344 2216 de
1360 2151 1437 2213 Lino
1460 2151 1614 2232 antiquis-

245 2238 322 2304 simo
346 2259 384 2303 ex
407 2241 531 2302 Laertio
556 2242 724 2304 retulimus.

334 2330 551 2406 „Plauetarum
575 2350 646 2394 vero
669 2333 796 2394 aliorum
820 2331 962 2412 cujusque
986 2329 1052 2395 ind
1072 2334 1218 2412 sphaeris,
1244 2349 1368 2413 quarum
1383 2327 1480 2408 prima
1504 2336 1536 2391 et
1558 2347 1612 2389 se·

246 2418 345 2483 cunda
368 2419 474 2480 eadem
498 2426 560 2490 est,
590 2440 666 2501 qnae
690 2430 722 2483 et
744 2422 897 2493 inerrans,
930 2421 1030 2483 serens
1054 2441 1174 2496 omnes,
1205 2429 1237 2484 et
1260 2438 1336 2501 quaa
1363 2417 1420 2479 sub
1444 2437 1482 2478 ea
1510 2416 1616 2497 posita

245 2515 296 2571 est
327 2528 403 2590 qnae
437 2526 493 2586 per
516 2509 645 2571 medium
668 2510 783 2571 zodiaci
808 2519 921 2571 motum
946 2509 1053 2584 habet,
1084 2530 1268 2573 communem
1291 2506 1468 2582 omnibus,“
1499 2505 1615 2570 habore

246 2592 348 2661 omues
372 2597 512 2676 planetas
536 2617 626 2660 unum
650 2599 761 2673 orbem,
788 2598 836 2678 qni
861 2599 1021 2678 sphaeram
1046 2599 1240 2663 inerrantium
1266 2599 1297 2659 in
1312 2604 1394 2658 motu
1418 2605 1450 2656 et
1468 2594 1531 2657 situ
1555 2595 1613 2657 ob·

246 2695 367 2750 sorsat:
397 2686 488 2747 alium
520 2687 608 2762 item,
639 2688 688 2767 qui
719 2688 774 2749 snb
804 2687 928 2749 zodiaco
952 2698 1089 2751 movetur
1123 2691 1151 2751 in
1176 2685 1359 2751 contrarium
1387 2683 1482 2764 primo
1513 2691 1545 2746 et
1575 2703 1613 2747 ex

247 2776 379 2856 obliquo.
428 2776 458 2837 ls
479 2775 536 2836 fnit
559 2795 652 2856 supra
670 2775 769 2852 hoo,
795 2796 885 2858 super
908 2778 986 2857 polis
1009 2777 1053 2852 N,
1079 2776 1106 2840 Ο
1130 2779 1283 2842 incedens.
1329 2771 1392 2836 sad
1416 2772 1463 2835 hic
1482 2772 1546 2841 alia
1564 2773 1613 2853 ip-
