3428 5542
777 329 889 393 Mysustt
908 316 1107 396 Cosmo'grapbiet

795 541 915 641 Caput
940 539 1082 615 XVIII.

291 703 350 765 De
368 699 533 765 discordia
550 705 845 780 spontequmscsur
862 719 903 762 ac
921 703 1105 784 emporibus
1123 719 1145 761 o
1165 697 1393 782 Copauiouuie
1409 701 1445 764 in
1461 719 1587 783 mmm,

673 797 703 853 et
725 788 765 851 de
787 791 999 851 aemonomioe
1020 787 1202 852 subtilitate.

347 929 447 1010 Supra
469 950 535 1011 cap.
563 927 613 992 tl.
639 938 671 991 et
696 927 746 991 15.
778 949 846 991 cum
869 928 997 1008 alicujus
1021 947 1113 1009 prope
1138 927 1284 991 falsitatis
1307 927 1405 990 teneri
1426 927 1549 991 viderer
1572 929 1624 990 in·

256 1020 334 1085 dicio
362 1019 593 1092 distantiarum,
629 1037 703 1098 quas
728 1016 914 1098 Copemicus
942 1018 1079 1079 diversas
1111 1019 1150 1079 ab
1183 1016 1435 1096 his-figuralibus
1463 1015 1623 1097 prodidit:

256 1108 420 1191 provocavi
443 1107 482 1168 ad
505 1110 785 1188 προσθαφαιρισεις
815 1105 971 1185 increase:
1005 1125 1100 1186 neque
1131 1105 1408 1168 condemnationem
1438 1105 1624 1185 deprecatus

258 1216 338 1268 sum,
367 1197 393 1258 si
416 1215 502 1257 meae
527 1216 546 1256 a
569 1194 786 1274 Copemicanis
811 1195 997 1274 aliquantum
1021 1194 1209 1257 recederent.
1255 1191 1350 1273 Atqui
1377 1200 1540 1274 postqum
1563 1191 1622 1255 sub

257 1286 346 1349 bnem
372 1281 423 1346 ib.
448 1284 557 1364 capitis
581 1303 667 1345 arcus
697 1283 812 1344 similes
841 1287 1142 1363 npoobuqmpsuems
1169 1302 1205 1343 ex
1235 1281 1478 1360 elongationibus
1505 1300 1526 1342 a
1549 1279 1624 1344 Sole

259 1373 352 1436 veluti
376 1380 474 1434 testes
498 1391 599 1434 coram
625 1373 680 1432 hoc
704 1372 819 1452 judicio
848 1372 935 1433 stiti:
968 1373 1027 1433 visi
1059 1382 1130 1433 sunt
1163 1371 1206 1432 illi
1239 1378 1345 1431 contra
1377 1389 1425 1432 me
1459 1370 1622 1450 deponere.

258 1463 368 1525 Nullos
401 1461 479 1522 enim
512 1462 702 1539 planetarum
735 1460 809 1535 snit,
844 1461 892 1541 qui
925 1459 1069 1521 tributum
1097 1480 1116 1520 a
1140 1457 1309 1539 Copemico
1339 1476 1440 1520 arcum
1463 1458 1621 1521 retineret

259 1549 391 1615 Saturno
415 1549 513 1610 ademi
538 1545 602 1619 lt‘,
625 1546 695 1609 Jovi
713 1544 753 1622 θ’,
779 1548 873 1610 Marti
896 1549 1023 1628 apposui
1047 1544 1110 1622 30¹,
1136 1546 1250 1609 Veneri
1273 1565 1344 1608 vero
1367 1546 1497 1610 immane
1522 1566 1622 1628 quan·

259 1646 323 1702 tum
348 1637 442 1698 demsi
466 1633 584 1712 2⁰18‘,
610 1644 641 1697 et
655 1636 805 1698 Mercurio
824 1632 888 1700 61⁴.
921 1636 1149 1698 Existimabunt
1171 1636 1262 1715 igitur
1286 1635 1335 1714 qui
1359 1635 1496 1697 exactius
1520 1635 1623 1698 omnia

260 1727 433 1789 examinare
462 1725 577 1797 volunt,
610 1724 679 1804 qnia
707 1744 764 1786 non
794 1725 833 1786 ad
861 1743 988 1804 unguem
1017 1725 1187 1792 consentiat
1214 1724 1347 1785 calculus
1371 1742 1529 1803 corporum
1551 1741 1620 1785 cnm

258 1815 381 1897 placitis
406 1812 566 1892 Copemici
589 1830 715 1892 cumque
740 1813 804 1893 ejus
834 1813 979 1887 numeris,
1010 1831 1128 1875 omnem
1156 1831 1278 1892 operam
1306 1831 1326 1873 a
1348 1831 1395 1874 me
1419 1813 1518 1875 lusam
1540 1830 1622 1874 esse.

260 1902 349 1976 Quod
373 1903 430 1964 nisi
455 1912 561 1963 contra
584 1920 740 1981 excepero,
766 1909 885 1980 meapte
909 1902 1061 1963 sententia
1075 1920 1199 1964 cansam
1217 1899 1386 1982 perdidero.
1419 1899 1464 1962 Et
1484 1899 1623 1983 physicis

259 1992 380 2075 quidem
394 1991 458 2052 sive
473 1990 709 2070 cosmographis,
736 1992 853 2070 qualem
877 1989 932 2051 hoc
955 1990 1058 2051 libello
1081 2008 1241 2070 personam
1261 2007 1317 2068 ego
1337 1989 1482 2063 sustineo,
1507 1988 1623 2051 unllam

260 2081 297 2144 de
321 2080 378 2142 bac
402 2079 574 2141 differentia
597 2079 745 2140 rationem
769 2079 873 2141 debeo.
919 2078 998 2140 Nam
1022 2080 1080 2140 etsi
1103 2079 1148 2140 illi
1177 2096 1297 2139 suorum
1325 2078 1505 2158 placitorum
1529 2096 1623 2157 arqu-

261 2178 364 2231 menta
387 2176 562 2230 mutuantur
587 2167 624 2229 ab
648 2168 845 2239 astronomis,
878 2186 915 2228 ea
938 2175 1038 2228 tamen
1062 2186 1120 2229 uon
1144 2167 1190 2228 ita
1218 2165 1369 2228 subtiliter
1395 2173 1429 2227 ut
1456 2165 1624 2227 astronomi

262 2258 301 2321 ad
326 2256 458 2319 calculos
481 2264 645 2320 revocant:
676 2275 730 2317 nec
759 2255 834 2317 adeo
865 2266 933 2317 sunt
957 2256 1150 2336 perspicaces
1174 2264 1228 2317 aut
1250 2254 1374 2328 morosi,
1406 2263 1442 2315 ut
1463 2255 1521 2316 bac
1544 2253 1624 2316 levi·

260 2348 333 2451 oula
352 2345 525 2410 differentia
547 2352 735 2408 moveantur.
783 2342 885 2415 Quare
910 2363 1032 2406 causam
1056 2363 1152 2406 meam
1185 2363 1285 2406 coram
1314 2342 1543 2423 cosmographis
1565 2343 1623 2403 ob-

258 2444 600 2586 ιωωᾏειτοιιοιιιοηιιη
623 2540 695 2584 nero
714 2521 821 2601 vulgus
840 2519 898 2581 etsi
918 2520 987 2598 jure
1007 2528 1118 2595 metuo,
1145 2529 1245 2599 tameq
1265 2538 1332 2581 cum
1350 2486 1465 2599 indicio
1489 2517 1624 2580 artifices

258 2633 403 2696 praeesse
426 2612 561 2691 parsit,
591 2631 648 2673 non
672 2612 815 2692 despero,
844 2627 939 2688 neque
963 2620 1069 2670 contra
1092 2608 1178 2681 illud,
1210 2608 1377 2670 victoriam.
1424 2609 1471 2669 Ac
1493 2606 1623 2685 primum

259 2704 343 2785 ipsos
367 2703 443 2763 bene
468 2700 505 2762 de
529 2700 644 2761 calculo
670 2717 793 2778 sperare
817 2699 920 2780 jubeo.
968 2698 1048 2760 b'am
1076 2696 1135 2757 etsi
1162 2696 1310 2758 interdum
1339 2695 1553 2777 grandiuscula
1576 2704 1624 2756 est

260 2789 440 2864 differentia,
464 2787 656 2850 meminerint
679 2797 790 2862 tamen,
815 2805 953 2849 numeros
972 2794 1132 2866 excerptos
1151 2803 1188 2845 ex
1212 2784 1286 2847 locis
1309 2784 1403 2847 totius
1426 2782 1531 2848 circuli
1555 2784 1623 2846 evi-

260 2876 445 2942 dentissimis
470 2884 562 2957 atque
585 2895 622 2937 ex
642 2895 787 2937 concursu
811 2874 940 2937 omnium
964 2872 1225 2954 inaequalitatum.
1259 2874 1324 2936 Nec
1348 2874 1426 2934 eninr
1448 2891 1503 2953 per
1526 2880 1624 2935 totum

261 2966 403 3029 circulum
428 2973 516 3026 tanta
539 2975 588 3025 est
611 2963 763 3024 discordia
787 2964 919 3025 locorum
943 2982 979 3023 ex
1004 2962 1178 3041 corporibus
1201 2971 1233 3024 et
1251 2981 1289 3024 ex
1304 2959 1471 3043 Coperuico
1490 2961 1624 3040 planetis

261 3055 497 3133 assignatorum,
522 3071 577 3113 uec
602 3052 737 3131 aequalis
761 3051 852 3112 etiam
877 3052 906 3111 iu
931 3052 1067 3113 omnibns
1091 3051 1337 3112 revolutionibus.
1370 3052 1474 3131 Atque
1497 3068 1555 3130 ego
1578 3050 1625 3113 sic

261 3142 413 3217 existimo,
438 3141 497 3201 etsi
521 3140 710 3201 certissImae
733 3147 837 3200 essent
859 3139 1055 3215 Pruteuicae,
1079 3149 1170 3219 atque
1193 3139 1350 3201 verissime
1372 3139 1529 3219 perhanc
1552 3157 1623 3201 cor·

260 3250 365 3312 porum
389 3229 651 3307 interpositionem
675 3246 792 3289 errores
816 3227 866 3289 isti
897 3229 1174 3300 committerentur,
1209 3246 1267 3289 nou
1299 3245 1391 3306 posse
1423 3236 1527 3290 tamen
1552 3228 1623 3308 jure

260 3319 351 3399 abjici
376 3328 439 3381 tam
463 3317 638 3379 concinnum
662 3315 841 3399 ἐπιχειρημα,
864 3324 1035 3396 propterea,
1061 3315 1139 3396 quod
1163 3335 1247 3377 error
1270 3316 1320 3378 ille
1339 3317 1370 3378 iu
1384 3315 1516 3378 minimis
1529 3326 1624 3381 esset

261 3409 355 3489 Atqui
380 3427 439 3468 uon
464 3414 582 3467 tautum
609 3407 753 3468 incertum
777 3416 841 3481 est,
866 3414 1000 3467 utrorum
1023 3405 1098 3466 vitio
1122 3403 1293 3467 differentia
1315 3406 1392 3467 baec
1415 3405 1546 3482 existat,
1570 3403 1625 3467 sed

261 3507 368 3559 contra
391 3516 502 3576 magna
525 3494 656 3574 suspicio
680 3503 712 3556 et
742 3495 837 3556 multa
866 3502 1058 3574 argumenta,
1091 3494 1238 3556 calculum
1266 3494 1363 3574 ipsum
1392 3501 1424 3555 et
1445 3494 1626 3556 Protectoas

261 3584 383 3649 tabulas
408 3586 436 3647 in
461 3585 551 3665 culpa
574 3583 707 3645 versari:
742 3584 818 3645 adeo
847 3592 881 3645 ut
903 3602 1013 3664 magna
1036 3582 1209 3661 conjectura
1233 3591 1338 3646 contm
1365 3601 1412 3644 me
1441 3582 1567 3658 fuisset,
1598 3580 1626 3643 si

261 3694 327 3738 cum
352 3675 484 3737 numeris
509 3672 666 3751 Copcrnici
691 3672 811 3751 penitus
835 3673 1066 3733 consensissem.
1082 3674 1109 3745 ⁸)

349 3762 462 3825 Eomm
486 3772 588 3824 autem
611 3770 854 3839 argumentorum
874 3761 930 3821 hoc
948 3761 1073 3840 primum
1093 3769 1170 3833 esto,
1196 3760 1275 3840 qnod
1293 3760 1471 3822 Prutenicns
1490 3758 1626 3822 calculus

264 3869 321 3912 non
345 3870 414 3913 raro
437 3852 467 3912 in
492 3850 669 3929 colligendis
691 3849 882 3929 planetarum
906 3849 980 3909 locis
1006 3850 1128 3911 fallitur.
1174 3849 1274 3910 Multa
1297 3849 1417 3930 quidem
1441 3848 1626 3912 restaurarit

264 3938 350 3999 uobis
365 3937 552 4018 Copernicns
571 3941 600 4001 iu
624 3939 760 4018 collapsa
779 3945 910 3999 motuum
929 3938 1067 4013 scientia,
1091 3938 1243 4018 multoque
1258 3949 1373 4010 nostra,
1397 3955 1486 4019 qnam
1504 3947 1626 4019 patrum

266 4026 426 4100 memoria,
456 4027 558 4105 purior
581 4035 629 4087 est
653 4026 848 4087 astronomia.
896 4025 1101 4088 Veruntamen
1126 4027 1152 4087 si
1176 4044 1238 4088 rem
1263 4027 1359 4106 ipsam
1382 4027 1504 4107 penitus
1526 4027 1625 4108 inspi-

265 4114 390 4186 ciamus,
416 4113 506 4173 fateri
521 4115 623 4195 ntique
638 4132 787 4193 cogemur,
813 4133 867 4174 nos
891 4114 930 4174 ab
953 4114 1006 4176 illa
1027 4117 1118 4177 beata
1136 4125 1168 4177 et
1186 4115 1312 4195 optabili
1335 4115 1521 4195 perfectione
1545 4116 1626 4179 baud

265 4200 359 4264 multo
384 4201 506 4280 propius
535 4202 661 4276 abesse,
696 4221 783 4282 qnam
813 4202 852 4263 ab
880 4202 1025 4266 hodierna
1052 4215 1140 4266 vetus
1164 4205 1253 4267 abest
1275 4203 1471 4266 astronomia.
1517 4204 1627 4285 Longa

263 4291 314 4351 ria
347 4301 413 4362 est,
448 4300 479 4350 et
512 4291 613 4351 variae
645 4291 787 4371 ambages
816 4291 854 4351 ad
884 4290 960 4351 hanc
983 4294 1154 4355 veritatem.
1201 4293 1410 4356 Monstramnt
1432 4293 1516 4356 illam
1539 4292 1627 4356 uobis

266 4387 401 4453 veteres,
425 4378 553 4458 ingressi
577 4388 647 4442 sunt
669 4380 801 4458 majores
825 4379 936 4451 nostri,
961 4400 1014 4443 nos
1039 4382 1107 4444 illos
1132 4383 1348 4444 antevertimns
1376 4390 1409 4444 et
1431 4382 1528 4463 gradu
1551 4400 1625 4463 pro-

265 4467 342 4547 piori
366 4465 575 4540 consistimus,
606 4467 660 4528 aed
688 4478 799 4530 metam
828 4469 956 4529 nondum
985 4470 1149 4550 attigimus.
1195 4472 1263 4533 Non
1288 4489 1345 4551 ego
1368 4471 1443 4533 haec
1466 4470 1497 4533 in
1521 4480 1625 4534 astro-

266 4555 385 4616 nomiae
409 4564 590 4616 contemtum
615 4556 691 4616 dico.
729 4556 788 4617 Est
812 4556 913 4636 aliqua
936 4560 1054 4636 prodire
1078 4571 1176 4633 tenus,
1201 4559 1225 4620 si
1249 4577 1308 4621 nou
1333 4561 1422 4622 datur
1444 4561 1545 4622 ultra:
1570 4559 1626 4621 sed

268 4643 349 4715 iden,
380 4663 416 4704 ne
440 4643 507 4723 quis
532 4651 644 4706 temere
667 4644 789 4722 gravius
813 4645 881 4724 quid
905 4645 934 4705 in
958 4648 1034 4708 hanc
1059 4648 1238 4710 discordiam
1262 4655 1396 4722 statuat,
1428 4657 1460 4711 et
1483 4647 1554 4711 dum
1576 4667 1626 4710 me

268 4732 346 4811 petit
369 4743 400 4792 et
424 4732 497 4792 haec
518 4730 537 4794 5
557 4750 697 4813 corpora,
721 4732 750 4793 iu
776 4733 842 4812 ipsa
865 4732 1060 4798 fundamenta
1083 4738 1284 4799 astronomiae
1308 4737 1443 4799 insultet.
1482 4737 1532 4799 Ad
1557 4756 1625 4798 om-

266 4819 347 4880 nium
371 4820 517 4883 artificum
541 4821 768 4884 observationes
795 4838 943 4902 provoco:
973 4842 1010 4887 ox
1039 4826 1145 4906 quibus
1173 4826 1275 4889 vidore
1298 4835 1361 4901 est,
1390 4834 1505 4909 quauta
1531 4843 1626 4909 saepe
