<?xml version="1.0" encoding="UTF-8"?>
<!DOCTYPE html PUBLIC "-//W3C//DTD XHTML 1.0 Transitional//EN"
    "http://www.w3.org/TR/xhtml1/DTD/xhtml1-transitional.dtd">
<html xmlns="http://www.w3.org/1999/xhtml" xml:lang="en" lang="en">
 <head>
  <title>
</title>
<meta http-equiv="Content-Type" content="text/html;charset=utf-8" />
  <meta name='ocr-system' content='tesseract 3.04.00' />
  <meta name='ocr-capabilities' content='ocr_page ocr_carea ocr_par ocr_line ocrx_word'/>
</head>
<body>
  <div class='ocr_page' id='page_1' title='image "./joanniskepleria10frisgoog/joanniskepleria10frisgoog_0398.png"; bbox 0 0 3428 5542; ppageno 0'>
   <div class='ocr_carea' id='block_1_1' title="bbox 714 319 1542 393">
    <p class='ocr_par' dir='ltr' id='par_1_1' title="bbox 714 319 1542 393">
     <span class='ocr_line' id='line_1_1' title="bbox 714 319 1542 393; baseline 0.012 -14"><span class='ocrx_word' id='word_1_1' title='bbox 714 327 835 379; x_wconf 77' lang='lat' dir='ltr'><strong>derebus</strong></span> <span class='ocrx_word' id='word_1_2' title='bbox 853 326 1014 393; x_wconf 67' lang='lat' dir='ltr'><strong>astrologicis.</strong></span> <span class='ocrx_word' id='word_1_3' title='bbox 1477 319 1542 390; x_wconf 78' lang='grc'><strong>375</strong></span> 
     </span>
    </p>
   </div>
   <div class='ocr_carea' id='block_1_2' title="bbox 178 478 1597 2519">
    <p class='ocr_par' dir='ltr' id='par_1_2' title="bbox 178 478 1597 2519">
     <span class='ocr_line' id='line_1_2' title="bbox 186 478 1542 552; baseline -0.003 -2"><span class='ocrx_word' id='word_1_4' title='bbox 186 488 329 551; x_wconf 79' lang='lat' dir='ltr'><strong>discimus</strong></span> <span class='ocrx_word' id='word_1_5' title='bbox 363 488 455 550; x_wconf 88' lang='lat' dir='ltr'><strong>etiam</strong></span> <span class='ocrx_word' id='word_1_6' title='bbox 485 486 629 549; x_wconf 83' lang='lat' dir='ltr'><strong>iuferiora</strong></span> <span class='ocrx_word' id='word_1_7' title='bbox 660 487 821 549; x_wconf 90' lang='lat' dir='ltr'><strong>intervalia</strong></span> <span class='ocrx_word' id='word_1_8' title='bbox 855 486 994 549; x_wconf 88' lang='lat' dir='ltr'><strong>similiter</strong></span> <span class='ocrx_word' id='word_1_9' title='bbox 1023 483 1166 546; x_wconf 86' lang='lat' dir='ltr'><strong>dividere.</strong></span> <span class='ocrx_word' id='word_1_10' title='bbox 1215 478 1295 552; x_wconf 88' lang='lat' dir='ltr'><strong>Quia</strong></span> <span class='ocrx_word' id='word_1_11' title='bbox 1322 485 1401 547; x_wconf 90' lang='lat' dir='ltr'><strong>enim</strong></span> <span class='ocrx_word' id='word_1_12' title='bbox 1433 493 1542 548; x_wconf 88' lang='lat' dir='ltr'><strong>natura</strong></span> 
     </span>
     <span class='ocr_line' id='line_1_3' title="bbox 183 571 1597 660; baseline -0.002 -22"><span class='ocrx_word' id='word_1_13' title='bbox 183 579 294 656; x_wconf 88' lang='lat' dir='ltr'><strong>probat</strong></span> <span class='ocrx_word' id='word_1_14' title='bbox 316 577 507 639; x_wconf 90' lang='lat' dir='ltr'><strong>intervallum</strong></span> <span class='ocrx_word' id='word_1_15' title='bbox 533 576 720 655; x_wconf 84' lang='lat' dir='ltr'><strong>,paschali“‚</strong></span> <span class='ocrx_word' id='word_1_16' title='bbox 746 576 794 650; x_wconf 85' lang='lat' dir='ltr'><strong>fa,</strong></span> <span class='ocrx_word' id='word_1_17' title='bbox 826 575 889 660; x_wconf 82' lang='lat' dir='ltr'><strong>sol,</strong></span> <span class='ocrx_word' id='word_1_18' title='bbox 923 577 970 649; x_wconf 87' lang='lat' dir='ltr'><strong>fa,</strong></span> <span class='ocrx_word' id='word_1_19' title='bbox 1000 574 1049 635; x_wconf 91' lang='lat' dir='ltr'><strong>ubi</strong></span> <span class='ocrx_word' id='word_1_20' title='bbox 1070 583 1119 634; x_wconf 91' lang='lat' dir='ltr'><strong>est</strong></span> <span class='ocrx_word' id='word_1_21' title='bbox 1141 580 1230 634; x_wconf 89' lang='lat' dir='ltr'><strong>tonus</strong></span> <span class='ocrx_word' id='word_1_22' title='bbox 1254 571 1366 648; x_wconf 89' lang='lat' dir='ltr'><strong>minor,</strong></span> <span class='ocrx_word' id='word_1_23' title='bbox 1398 574 1541 653; x_wconf 78' lang='lat' dir='ltr'><strong>probabit</strong></span> <span class='ocrx_word' id='word_1_24' title='bbox 1589 576 1597 586; x_wconf 84' lang='lat'>&#39;</span> 
     </span>
     <span class='ocr_line' id='line_1_4' title="bbox 184 660 1539 743; baseline -0.001 -17"><span class='ocrx_word' id='word_1_25' title='bbox 184 667 291 741; x_wconf 90' lang='lat' dir='ltr'><strong>etiam,</strong></span> <span class='ocrx_word' id='word_1_26' title='bbox 322 673 355 727; x_wconf 90' lang='lat' dir='ltr'><strong>ut</strong></span> <span class='ocrx_word' id='word_1_27' title='bbox 378 666 417 726; x_wconf 89' lang='lat' dir='ltr'><strong>ab</strong></span> <span class='ocrx_word' id='word_1_28' title='bbox 441 665 601 726; x_wconf 89' lang='lat' dir='ltr'><strong>intervallo</strong></span> <span class='ocrx_word' id='word_1_29' title='bbox 625 685 672 738; x_wconf 92' lang='lat' dir='ltr'><strong>re,</strong></span> <span class='ocrx_word' id='word_1_30' title='bbox 699 665 743 738; x_wconf 84' lang='lat' dir='ltr'><strong>fa,</strong></span> <span class='ocrx_word' id='word_1_31' title='bbox 776 663 937 739; x_wconf 87' lang='lat' dir='ltr'><strong>„victimae</strong></span> <span class='ocrx_word' id='word_1_32' title='bbox 961 661 1086 743; x_wconf 82' lang='lat' dir='ltr'><strong>pascb.“</strong></span> <span class='ocrx_word' id='word_1_33' title='bbox 1113 660 1284 723; x_wconf 78' lang='lat' dir='ltr'><strong>auferamus</strong></span> <span class='ocrx_word' id='word_1_34' title='bbox 1308 660 1413 725; x_wconf 86' lang='lat' dir='ltr'><strong>itidem</strong></span> <span class='ocrx_word' id='word_1_35' title='bbox 1436 671 1539 725; x_wconf 89' lang='lat' dir='ltr'><strong>tonum</strong></span> 
     </span>
     <span class='ocr_line' id='line_1_5' title="bbox 182 749 1537 832; baseline -0.001 -16"><span class='ocrx_word' id='word_1_36' title='bbox 182 754 326 816; x_wconf 77' lang='lat' dir='ltr'><strong>minorem</strong></span> <span class='ocrx_word' id='word_1_37' title='bbox 350 753 524 828; x_wconf 53' lang='lat' dir='ltr'><strong>„violarint</strong></span> <span class='ocrx_word' id='word_1_38' title='bbox 549 760 620 817; x_wconf 89' lang='lat' dir='ltr'><strong>tuuc</strong></span> <span class='ocrx_word' id='word_1_39' title='bbox 644 753 724 816; x_wconf 92' lang='lat' dir='ltr'><strong>enim</strong></span> <span class='ocrx_word' id='word_1_40' title='bbox 747 760 850 814; x_wconf 90' lang='lat' dir='ltr'><strong>manet</strong></span> <span class='ocrx_word' id='word_1_41' title='bbox 872 752 1008 832; x_wconf 90' lang='lat' dir='ltr'><strong>superius</strong></span> <span class='ocrx_word' id='word_1_42' title='bbox 1028 749 1218 812; x_wconf 88' lang='lat' dir='ltr'><strong>semitonium</strong></span> <span class='ocrx_word' id='word_1_43' title='bbox 1244 752 1376 823; x_wconf 84' lang='lat' dir='ltr'><strong>„vidist“</strong></span> <span class='ocrx_word' id='word_1_44' title='bbox 1403 751 1537 832; x_wconf 88' lang='lat' dir='ltr'><strong>ejusdem</strong></span> 
     </span>
     <span class='ocr_line' id='line_1_6' title="bbox 183 838 1538 922; baseline 0.001 -19"><span class='ocrx_word' id='word_1_45' title='bbox 183 842 363 922; x_wconf 71' lang='lat' dir='ltr'><strong>quantitatis</strong></span> <span class='ocrx_word' id='word_1_46' title='bbox 395 861 464 903; x_wconf 90' lang='lat' dir='ltr'><strong>cum</strong></span> <span class='ocrx_word' id='word_1_47' title='bbox 493 843 819 920; x_wconf 89' lang='lat' dir='ltr'><strong>superiusconstituto</strong></span> <span class='ocrx_word' id='word_1_48' title='bbox 844 841 980 916; x_wconf 87' lang='lat' dir='ltr'><strong>interd,</strong></span> <span class='ocrx_word' id='word_1_49' title='bbox 1016 840 1072 901; x_wconf 90' lang='lat' dir='ltr'><strong>dis.</strong></span> <span class='ocrx_word' id='word_1_50' title='bbox 1121 838 1184 900; x_wconf 85' lang='lat' dir='ltr'><strong>Sed</strong></span> <span class='ocrx_word' id='word_1_51' title='bbox 1208 859 1300 917; x_wconf 87' lang='lat' dir='ltr'><strong>quare</strong></span> <span class='ocrx_word' id='word_1_52' title='bbox 1331 859 1391 902; x_wconf 93' lang='lat' dir='ltr'><strong>non</strong></span> <span class='ocrx_word' id='word_1_53' title='bbox 1414 840 1538 904; x_wconf 85' lang='lat' dir='ltr'><strong>inferius</strong></span> 
     </span>
     <span class='ocr_line' id='line_1_7' title="bbox 184 920 1538 1012; baseline 0.001 -20"><span class='ocrx_word' id='word_1_54' title='bbox 184 932 368 993; x_wconf 77' lang='lat' dir='ltr'><strong>collocamus</strong></span> <span class='ocrx_word' id='word_1_55' title='bbox 397 931 588 992; x_wconf 89' lang='lat' dir='ltr'><strong>semitonium</strong></span> <span class='ocrx_word' id='word_1_56' title='bbox 619 926 703 1012; x_wconf 74' lang='lat' dir='ltr'><strong>¹⁵l„,</strong></span> <span class='ocrx_word' id='word_1_57' title='bbox 738 931 875 1010; x_wconf 88' lang='lat' dir='ltr'><strong>superius</strong></span> <span class='ocrx_word' id='word_1_58' title='bbox 908 931 1052 992; x_wconf 90' lang='lat' dir='ltr'><strong>minorem</strong></span> <span class='ocrx_word' id='word_1_59' title='bbox 1082 936 1185 989; x_wconf 91' lang='lat' dir='ltr'><strong>tonum</strong></span> <span class='ocrx_word' id='word_1_60' title='bbox 1220 920 1295 1008; x_wconf 57' lang='lat' dir='ltr'><strong>iso?</strong></span> <span class='ocrx_word' id='word_1_61' title='bbox 1341 927 1538 1008; x_wconf 88' lang='lat' dir='ltr'><strong>Respondeo:</strong></span> 
     </span>
     <span class='ocr_line' id='line_1_8' title="bbox 184 1017 1540 1099; baseline 0 -18"><span class='ocrx_word' id='word_1_62' title='bbox 184 1020 213 1082; x_wconf 90' lang='lat' dir='ltr'><strong>id</strong></span> <span class='ocrx_word' id='word_1_63' title='bbox 238 1020 360 1099; x_wconf 89' lang='lat' dir='ltr'><strong>quidem</strong></span> <span class='ocrx_word' id='word_1_64' title='bbox 383 1020 475 1081; x_wconf 90' lang='lat' dir='ltr'><strong>etiam</strong></span> <span class='ocrx_word' id='word_1_65' title='bbox 500 1020 542 1095; x_wconf 91' lang='lat' dir='ltr'><strong>lit,</strong></span> <span class='ocrx_word' id='word_1_66' title='bbox 566 1020 621 1081; x_wconf 91' lang='lat' dir='ltr'><strong>sed</strong></span> <span class='ocrx_word' id='word_1_67' title='bbox 645 1039 702 1081; x_wconf 92' lang='lat' dir='ltr'><strong>non</strong></span> <span class='ocrx_word' id='word_1_68' title='bbox 726 1038 859 1098; x_wconf 91' lang='lat' dir='ltr'><strong>semper;</strong></span> <span class='ocrx_word' id='word_1_69' title='bbox 884 1027 916 1080; x_wconf 92' lang='lat' dir='ltr'><strong>et</strong></span> <span class='ocrx_word' id='word_1_70' title='bbox 939 1019 1032 1080; x_wconf 89' lang='lat' dir='ltr'><strong>habet</strong></span> <span class='ocrx_word' id='word_1_71' title='bbox 1055 1036 1177 1078; x_wconf 91' lang='lat' dir='ltr'><strong>causam</strong></span> <span class='ocrx_word' id='word_1_72' title='bbox 1202 1017 1378 1092; x_wconf 82' lang='lat' dir='ltr'><strong>naturalem,</strong></span> <span class='ocrx_word' id='word_1_73' title='bbox 1403 1026 1438 1080; x_wconf 93' lang='lat' dir='ltr'><strong>nt</strong></span> <span class='ocrx_word' id='word_1_74' title='bbox 1461 1019 1540 1081; x_wconf 87' lang='lat' dir='ltr'><strong>inter</strong></span> 
     </span>
     <span class='ocr_line' id='line_1_9' title="bbox 184 1105 1539 1188; baseline 0 -18"><span class='ocrx_word' id='word_1_75' title='bbox 184 1109 307 1188; x_wconf 82' lang='lat' dir='ltr'><strong>gradus,</strong></span> <span class='ocrx_word' id='word_1_76' title='bbox 333 1108 383 1187; x_wconf 91' lang='lat' dir='ltr'><strong>qui</strong></span> <span class='ocrx_word' id='word_1_77' title='bbox 406 1127 498 1186; x_wconf 87' lang='lat' dir='ltr'><strong>saepe</strong></span> <span class='ocrx_word' id='word_1_78' title='bbox 522 1109 686 1180; x_wconf 84' lang='lat' dir='ltr'><strong>calcantur,</strong></span> <span class='ocrx_word' id='word_1_79' title='bbox 711 1109 773 1170; x_wconf 92' lang='lat' dir='ltr'><strong>sint</strong></span> <span class='ocrx_word' id='word_1_80' title='bbox 795 1108 1020 1169; x_wconf 88' lang='lat' dir='ltr'><strong>consonantiae.</strong></span> <span class='ocrx_word' id='word_1_81' title='bbox 1068 1105 1196 1176; x_wconf 85' lang='lat' dir='ltr'><strong>Quando</strong></span> <span class='ocrx_word' id='word_1_82' title='bbox 1213 1125 1283 1185; x_wconf 87' lang='lat' dir='ltr'><strong>ergo</strong></span> <span class='ocrx_word' id='word_1_83' title='bbox 1303 1106 1332 1168; x_wconf 92' lang='lat' dir='ltr'><strong>in</strong></span> <span class='ocrx_word' id='word_1_84' title='bbox 1348 1105 1441 1186; x_wconf 67' lang='grc' dir='ltr'><em>ἀγωγῃ</em></span> <span class='ocrx_word' id='word_1_85' title='bbox 1455 1108 1539 1170; x_wconf 89' lang='lat' dir='ltr'><strong>vocis</strong></span> 
     </span>
     <span class='ocr_line' id='line_1_10' title="bbox 183 1195 1540 1278; baseline 0 -19"><span class='ocrx_word' id='word_1_86' title='bbox 183 1217 216 1259; x_wconf 87' lang='lat' dir='ltr'><strong>re</strong></span> <span class='ocrx_word' id='word_1_87' title='bbox 239 1197 417 1278; x_wconf 84' lang='lat' dir='ltr'><strong>respicimus</strong></span> <span class='ocrx_word' id='word_1_88' title='bbox 441 1197 480 1257; x_wconf 91' lang='lat' dir='ltr'><strong>ad</strong></span> <span class='ocrx_word' id='word_1_89' title='bbox 504 1198 536 1269; x_wconf 89' lang='lat' dir='ltr'><strong>d,</strong></span> <span class='ocrx_word' id='word_1_90' title='bbox 562 1206 596 1259; x_wconf 92' lang='lat' dir='ltr'><strong>ut</strong></span> <span class='ocrx_word' id='word_1_91' title='bbox 617 1217 655 1258; x_wconf 90' lang='lat' dir='ltr'><strong>sa</strong></span> <span class='ocrx_word' id='word_1_92' title='bbox 674 1198 787 1260; x_wconf 89' lang='lat' dir='ltr'><strong>chorda</strong></span> <span class='ocrx_word' id='word_1_93' title='bbox 810 1197 930 1276; x_wconf 88' lang='lat' dir='ltr'><strong>saepius</strong></span> <span class='ocrx_word' id='word_1_94' title='bbox 955 1197 1100 1276; x_wconf 88' lang='lat' dir='ltr'><strong>pulsetur,</strong></span> <span class='ocrx_word' id='word_1_95' title='bbox 1125 1203 1194 1254; x_wconf 90' lang='lat' dir='ltr'><strong>tunc</strong></span> <span class='ocrx_word' id='word_1_96' title='bbox 1216 1215 1273 1256; x_wconf 92' lang='lat' dir='ltr'><strong>uon</strong></span> <span class='ocrx_word' id='word_1_97' title='bbox 1289 1195 1381 1257; x_wconf 88' lang='lat' dir='ltr'><strong>debet</strong></span> <span class='ocrx_word' id='word_1_98' title='bbox 1403 1213 1462 1258; x_wconf 85' lang='lat' dir='ltr'><strong>vox</strong></span> <span class='ocrx_word' id='word_1_99' title='bbox 1484 1215 1540 1278; x_wconf 90' lang='lat' dir='ltr'><strong>per</strong></span> 
     </span>
     <span class='ocr_line' id='line_1_11' title="bbox 181 1281 1537 1365; baseline 0 -18"><span class='ocrx_word' id='word_1_100' title='bbox 181 1307 213 1365; x_wconf 79' lang='lat' dir='ltr'><strong>g,</strong></span> <span class='ocrx_word' id='word_1_101' title='bbox 238 1286 294 1364; x_wconf 80' lang='lat' dir='ltr'><strong>gis,</strong></span> <span class='ocrx_word' id='word_1_102' title='bbox 320 1286 348 1358; x_wconf 94' lang='lat' dir='ltr'><strong>b,</strong></span> <span class='ocrx_word' id='word_1_103' title='bbox 373 1304 400 1360; x_wconf 91' lang='lat' dir='ltr'><strong>c,</strong></span> <span class='ocrx_word' id='word_1_104' title='bbox 426 1285 521 1359; x_wconf 91' lang='lat' dir='ltr'><strong>dire,</strong></span> <span class='ocrx_word' id='word_1_105' title='bbox 554 1286 624 1365; x_wconf 91' lang='lat' dir='ltr'><strong>quia</strong></span> <span class='ocrx_word' id='word_1_106' title='bbox 657 1286 732 1346; x_wconf 90' lang='lat' dir='ltr'><strong>det</strong></span> <span class='ocrx_word' id='word_1_107' title='bbox 754 1286 801 1365; x_wconf 87' lang='lat' dir='ltr'><strong>gis</strong></span> <span class='ocrx_word' id='word_1_108' title='bbox 825 1304 883 1346; x_wconf 92' lang='lat' dir='ltr'><strong>non</strong></span> <span class='ocrx_word' id='word_1_109' title='bbox 908 1292 1085 1347; x_wconf 87' lang='lat' dir='ltr'><strong>consonant.</strong></span> <span class='ocrx_word' id='word_1_110' title='bbox 1133 1281 1262 1353; x_wconf 71' lang='lat' dir='ltr'><strong>Quando</strong></span> <span class='ocrx_word' id='word_1_111' title='bbox 1291 1291 1393 1346; x_wconf 86' lang='lat' dir='ltr'><strong>autem</strong></span> <span class='ocrx_word' id='word_1_112' title='bbox 1415 1304 1475 1347; x_wconf 84' lang='lat' dir='ltr'><strong>vox</strong></span> <span class='ocrx_word' id='word_1_113' title='bbox 1499 1287 1537 1347; x_wconf 88' lang='lat' dir='ltr'><strong>ad</strong></span> 
     </span>
     <span class='ocr_line' id='line_1_12' title="bbox 184 1371 1536 1454; baseline 0.001 -20"><span class='ocrx_word' id='word_1_114' title='bbox 184 1374 213 1449; x_wconf 91' lang='lat' dir='ltr'><strong>b,</strong></span> <span class='ocrx_word' id='word_1_115' title='bbox 239 1393 265 1448; x_wconf 93' lang='lat' dir='ltr'><strong>c,</strong></span> <span class='ocrx_word' id='word_1_116' title='bbox 290 1374 309 1434; x_wconf 94' lang='lat' dir='ltr'><strong>d</strong></span> <span class='ocrx_word' id='word_1_117' title='bbox 333 1393 392 1436; x_wconf 92' lang='lat' dir='ltr'><strong>non</strong></span> <span class='ocrx_word' id='word_1_118' title='bbox 417 1384 467 1435; x_wconf 88' lang='lat' dir='ltr'><strong>est</strong></span> <span class='ocrx_word' id='word_1_119' title='bbox 490 1393 663 1448; x_wconf 84' lang='lat' dir='ltr'><strong>ascensura,</strong></span> <span class='ocrx_word' id='word_1_120' title='bbox 688 1374 919 1454; x_wconf 87' lang='lat' dir='ltr'><strong>nihilprohibet,</strong></span> <span class='ocrx_word' id='word_1_121' title='bbox 945 1395 962 1434; x_wconf 89' lang='lat' dir='ltr'><strong>a</strong></span> <span class='ocrx_word' id='word_1_122' title='bbox 987 1374 1053 1453; x_wconf 87' lang='lat' dir='ltr'><strong>gin</strong></span> <span class='ocrx_word' id='word_1_123' title='bbox 1078 1371 1125 1451; x_wconf 85' lang='lat' dir='ltr'><strong>gis</strong></span> <span class='ocrx_word' id='word_1_124' title='bbox 1148 1372 1322 1445; x_wconf 89' lang='lat' dir='ltr'><strong>ascendere,</strong></span> <span class='ocrx_word' id='word_1_125' title='bbox 1344 1373 1471 1453; x_wconf 89' lang='lat' dir='ltr'><strong>indeque</strong></span> <span class='ocrx_word' id='word_1_126' title='bbox 1486 1393 1536 1436; x_wconf 92' lang='lat' dir='ltr'><strong>re·</strong></span> 
     </span>
     <span class='ocr_line' id='line_1_13' title="bbox 182 1454 1537 1546; baseline -0.001 -25"><span class='ocrx_word' id='word_1_127' title='bbox 182 1463 270 1524; x_wconf 75' lang='lat' dir='ltr'><strong>vend.</strong></span> <span class='ocrx_word' id='word_1_128' title='bbox 316 1462 467 1541; x_wconf 89' lang='lat' dir='ltr'><strong>Denique,</strong></span> <span class='ocrx_word' id='word_1_129' title='bbox 499 1463 526 1523; x_wconf 89' lang='lat' dir='ltr'><strong>si</strong></span> <span class='ocrx_word' id='word_1_130' title='bbox 549 1482 757 1542; x_wconf 89' lang='lat' dir='ltr'><strong>comparemus</strong></span> <span class='ocrx_word' id='word_1_131' title='bbox 781 1462 953 1524; x_wconf 86' lang='lat' dir='ltr'><strong>harmonias</strong></span> <span class='ocrx_word' id='word_1_132' title='bbox 981 1459 1177 1523; x_wconf 86' lang='lat' dir='ltr'><strong>secundariae</strong></span> <span class='ocrx_word' id='word_1_133' title='bbox 1209 1454 1263 1541; x_wconf 62' lang='lat'><strong>7„</strong></span> <span class='ocrx_word' id='word_1_134' title='bbox 1301 1455 1353 1542; x_wconf 53' lang='grc' dir='ltr'><strong>Ἃ,</strong></span> <span class='ocrx_word' id='word_1_135' title='bbox 1395 1457 1449 1542; x_wconf 63' lang='lat' dir='ltr'><strong>is„</strong></span> <span class='ocrx_word' id='word_1_136' title='bbox 1487 1456 1537 1546; x_wconf 69' lang='lat' dir='ltr'><strong>il„</strong></span> 
     </span>
     <span class='ocr_line' id='line_1_14' title="bbox 182 1543 1536 1636; baseline 0.001 -25"><span class='ocrx_word' id='word_1_137' title='bbox 182 1570 240 1612; x_wconf 90' lang='lat' dir='ltr'><strong>non</strong></span> <span class='ocrx_word' id='word_1_138' title='bbox 263 1570 330 1613; x_wconf 92' lang='lat' dir='ltr'><strong>cum</strong></span> <span class='ocrx_word' id='word_1_139' title='bbox 352 1551 504 1630; x_wconf 86' lang='lat' dir='ltr'><strong>primariis</strong></span> <span class='ocrx_word' id='word_1_140' title='bbox 535 1545 586 1633; x_wconf 56' lang='lat' dir='ltr'><strong>i„</strong></span> <span class='ocrx_word' id='word_1_141' title='bbox 617 1547 670 1636; x_wconf 56' lang='grc' dir='ltr'><strong>Ἄ,</strong></span> <span class='ocrx_word' id='word_1_142' title='bbox 695 1553 748 1613; x_wconf 84' lang='lat' dir='ltr'><strong>sed</strong></span> <span class='ocrx_word' id='word_1_143' title='bbox 772 1571 839 1613; x_wconf 90' lang='lat' dir='ltr'><strong>cum</strong></span> <span class='ocrx_word' id='word_1_144' title='bbox 864 1551 947 1630; x_wconf 88' lang='lat' dir='ltr'><strong>ipsis,</strong></span> <span class='ocrx_word' id='word_1_145' title='bbox 971 1559 1007 1611; x_wconf 92' lang='lat' dir='ltr'><strong>ut</strong></span> <span class='ocrx_word' id='word_1_146' title='bbox 1033 1544 1068 1628; x_wconf 58' lang='grc' dir='ltr'><strong>Ἴ,</strong></span> <span class='ocrx_word' id='word_1_147' title='bbox 1098 1557 1130 1610; x_wconf 92' lang='lat' dir='ltr'><strong>et</strong></span> <span class='ocrx_word' id='word_1_148' title='bbox 1158 1543 1210 1631; x_wconf 58' lang='grc' dir='ltr'><strong>Ἃ,</strong></span> <span class='ocrx_word' id='word_1_149' title='bbox 1235 1549 1283 1610; x_wconf 89' lang='lat' dir='ltr'><strong>vel</strong></span> <span class='ocrx_word' id='word_1_150' title='bbox 1313 1543 1381 1635; x_wconf 61' lang='lat'><strong>²7„</strong></span> <span class='ocrx_word' id='word_1_151' title='bbox 1401 1558 1434 1613; x_wconf 91' lang='lat' dir='ltr'><strong>et</strong></span> <span class='ocrx_word' id='word_1_152' title='bbox 1453 1546 1536 1635; x_wconf 74' lang='lat' dir='ltr'><strong>²⁶l„,</strong></span> 
     </span>
     <span class='ocr_line' id='line_1_15' title="bbox 182 1631 1536 1719; baseline 0.003 -18"><span class='ocrx_word' id='word_1_153' title='bbox 182 1640 288 1701; x_wconf 86' lang='lat' dir='ltr'><strong>existit</strong></span> <span class='ocrx_word' id='word_1_154' title='bbox 309 1639 499 1702; x_wconf 88' lang='lat' dir='ltr'><strong>intervallum</strong></span> <span class='ocrx_word' id='word_1_155' title='bbox 524 1640 602 1702; x_wconf 88' lang='lat' dir='ltr'><strong>inter</strong></span> <span class='ocrx_word' id='word_1_156' title='bbox 625 1642 645 1701; x_wconf 91' lang='lat' dir='ltr'>h</span> <span class='ocrx_word' id='word_1_157' title='bbox 668 1651 700 1702; x_wconf 92' lang='lat' dir='ltr'><strong>et</strong></span> <span class='ocrx_word' id='word_1_158' title='bbox 718 1642 736 1701; x_wconf 92' lang='lat' dir='ltr'><strong>b</strong></span> <span class='ocrx_word' id='word_1_159' title='bbox 761 1641 865 1702; x_wconf 90' lang='lat' dir='ltr'><strong>durum</strong></span> <span class='ocrx_word' id='word_1_160' title='bbox 888 1648 920 1701; x_wconf 94' lang='lat' dir='ltr'><strong>et</strong></span> <span class='ocrx_word' id='word_1_161' title='bbox 935 1640 1032 1712; x_wconf 88' lang='lat' dir='ltr'><strong>molle,</strong></span> <span class='ocrx_word' id='word_1_162' title='bbox 1058 1658 1102 1699; x_wconf 83' lang='lat' dir='ltr'><strong>sc.</strong></span> <span class='ocrx_word' id='word_1_163' title='bbox 1123 1631 1212 1719; x_wconf 60' lang='lat' dir='ltr'><strong>“lm</strong></span> <span class='ocrx_word' id='word_1_164' title='bbox 1238 1657 1326 1718; x_wconf 91' lang='lat' dir='ltr'><strong>quam</strong></span> <span class='ocrx_word' id='word_1_165' title='bbox 1341 1641 1424 1703; x_wconf 90' lang='lat' dir='ltr'><strong>soleo</strong></span> <span class='ocrx_word' id='word_1_166' title='bbox 1440 1642 1536 1705; x_wconf 90' lang='lat' dir='ltr'><strong>diesin</strong></span> 
     </span>
     <span class='ocr_line' id='line_1_16' title="bbox 184 1727 1534 1808; baseline 0.003 -19"><span class='ocrx_word' id='word_1_167' title='bbox 184 1728 351 1808; x_wconf 87' lang='lat' dir='ltr'><strong>appellare,</strong></span> <span class='ocrx_word' id='word_1_168' title='bbox 387 1736 493 1806; x_wconf 89' lang='lat' dir='ltr'><strong>estque</strong></span> <span class='ocrx_word' id='word_1_169' title='bbox 518 1729 688 1792; x_wconf 85' lang='lat' dir='ltr'><strong>differentia</strong></span> <span class='ocrx_word' id='word_1_170' title='bbox 710 1729 860 1790; x_wconf 90' lang='lat' dir='ltr'><strong>semitonii</strong></span> <span class='ocrx_word' id='word_1_171' title='bbox 892 1740 1004 1790; x_wconf 89' lang='lat' dir='ltr'><strong>atone</strong></span> <span class='ocrx_word' id='word_1_172' title='bbox 1029 1727 1153 1788; x_wconf 84' lang='lat' dir='ltr'><strong>minore.</strong></span> <span class='ocrx_word' id='word_1_173' title='bbox 1199 1727 1242 1788; x_wconf 83' lang='lat' dir='ltr'><strong>Et</strong></span> <span class='ocrx_word' id='word_1_174' title='bbox 1269 1727 1339 1805; x_wconf 93' lang='lat' dir='ltr'><strong>quia</strong></span> <span class='ocrx_word' id='word_1_175' title='bbox 1361 1749 1417 1791; x_wconf 88' lang='lat' dir='ltr'><strong>usu</strong></span> <span class='ocrx_word' id='word_1_176' title='bbox 1440 1731 1534 1806; x_wconf 88' lang='lat' dir='ltr'><strong>venit,</strong></span> 
     </span>
     <span class='ocr_line' id='line_1_17' title="bbox 181 1815 1537 1899; baseline 0.003 -20"><span class='ocrx_word' id='word_1_177' title='bbox 181 1826 215 1879; x_wconf 87' lang='lat' dir='ltr'><strong>ut</strong></span> <span class='ocrx_word' id='word_1_178' title='bbox 242 1817 334 1879; x_wconf 90' lang='lat' dir='ltr'><strong>etiam</strong></span> <span class='ocrx_word' id='word_1_179' title='bbox 362 1817 391 1878; x_wconf 93' lang='lat' dir='ltr'><strong>in</strong></span> <span class='ocrx_word' id='word_1_180' title='bbox 415 1825 486 1878; x_wconf 92' lang='lat' dir='ltr'><strong>tono</strong></span> <span class='ocrx_word' id='word_1_181' title='bbox 510 1819 622 1897; x_wconf 87' lang='lat' dir='ltr'><strong>majore</strong></span> <span class='ocrx_word' id='word_1_182' title='bbox 656 1819 874 1880; x_wconf 85' lang='lat' dir='ltr'><strong>constituamus</strong></span> <span class='ocrx_word' id='word_1_183' title='bbox 903 1815 1092 1878; x_wconf 88' lang='lat' dir='ltr'><strong>semitonium</strong></span> <span class='ocrx_word' id='word_1_184' title='bbox 1117 1816 1298 1889; x_wconf 88' lang='lat' dir='ltr'><strong>imitatione,</strong></span> <span class='ocrx_word' id='word_1_185' title='bbox 1333 1819 1411 1898; x_wconf 90' lang='lat' dir='ltr'><strong>quod</strong></span> <span class='ocrx_word' id='word_1_186' title='bbox 1444 1819 1537 1899; x_wconf 80' lang='lat' dir='ltr'><strong>igitur</strong></span> 
     </span>
     <span class='ocr_line' id='line_1_18' title="bbox 180 1901 1535 1987; baseline 0.003 -20"><span class='ocrx_word' id='word_1_187' title='bbox 180 1905 372 1985; x_wconf 88' lang='lat' dir='ltr'><strong>relinquitur,</strong></span> <span class='ocrx_word' id='word_1_188' title='bbox 412 1909 520 1981; x_wconf 75' lang='grc' dir='ltr'>λιιμμα</span> <span class='ocrx_word' id='word_1_189' title='bbox 551 1907 616 1968; x_wconf 91' lang='lat' dir='ltr'><strong>dico</strong></span> <span class='ocrx_word' id='word_1_190' title='bbox 655 1907 702 1968; x_wconf 81' lang='lat' dir='ltr'><strong>rel</strong></span> <span class='ocrx_word' id='word_1_191' title='bbox 735 1907 831 1968; x_wconf 89' lang='lat' dir='ltr'><strong>diesin</strong></span> <span class='ocrx_word' id='word_1_192' title='bbox 863 1907 1019 1985; x_wconf 91' lang='lat' dir='ltr'><strong>majorem,</strong></span> <span class='ocrx_word' id='word_1_193' title='bbox 1060 1904 1129 1984; x_wconf 90' lang='lat' dir='ltr'><strong>quia</strong></span> <span class='ocrx_word' id='word_1_194' title='bbox 1166 1912 1289 1984; x_wconf 90' lang='lat' dir='ltr'><strong>superat</strong></span> <span class='ocrx_word' id='word_1_195' title='bbox 1326 1901 1410 1987; x_wconf 72' lang='lat' dir='ltr'><strong>’‘l„.</strong></span> <span class='ocrx_word' id='word_1_196' title='bbox 1459 1908 1535 1971; x_wconf 84' lang='lat' dir='ltr'><strong>Ola-</strong></span> 
     </span>
     <span class='ocr_line' id='line_1_19' title="bbox 183 1994 1536 2075; baseline 0.005 -22"><span class='ocrx_word' id='word_1_197' title='bbox 183 1994 228 2054; x_wconf 86' lang='lat' dir='ltr'><strong>vis</strong></span> <span class='ocrx_word' id='word_1_198' title='bbox 262 1994 436 2055; x_wconf 88' lang='lat' dir='ltr'><strong>necessaria</strong></span> <span class='ocrx_word' id='word_1_199' title='bbox 469 1996 599 2073; x_wconf 86' lang='lat' dir='ltr'><strong>organis,</strong></span> <span class='ocrx_word' id='word_1_200' title='bbox 632 1995 659 2055; x_wconf 92' lang='lat' dir='ltr'><strong>in</strong></span> <span class='ocrx_word' id='word_1_201' title='bbox 685 1996 790 2075; x_wconf 90' lang='lat' dir='ltr'><strong>quibus</strong></span> <span class='ocrx_word' id='word_1_202' title='bbox 813 1994 938 2055; x_wconf 89' lang='lat' dir='ltr'><strong>alternis</strong></span> <span class='ocrx_word' id='word_1_203' title='bbox 962 2002 1069 2054; x_wconf 91' lang='lat' dir='ltr'><strong>cantus</strong></span> <span class='ocrx_word' id='word_1_204' title='bbox 1092 1995 1183 2056; x_wconf 89' lang='lat' dir='ltr'><strong>durus</strong></span> <span class='ocrx_word' id='word_1_205' title='bbox 1216 2002 1248 2055; x_wconf 89' lang='lat' dir='ltr'><strong>et</strong></span> <span class='ocrx_word' id='word_1_206' title='bbox 1280 1996 1379 2059; x_wconf 90' lang='lat' dir='ltr'><strong>mollis</strong></span> <span class='ocrx_word' id='word_1_207' title='bbox 1403 1999 1536 2060; x_wconf 88' lang='lat' dir='ltr'><strong>exerceri</strong></span> 
     </span>
     <span class='ocr_line' id='line_1_20' title="bbox 180 2082 1536 2163; baseline 0.004 -20"><span class='ocrx_word' id='word_1_208' title='bbox 180 2083 281 2156; x_wconf 88' lang='lat' dir='ltr'><strong>debet,</strong></span> <span class='ocrx_word' id='word_1_209' title='bbox 307 2082 521 2163; x_wconf 87' lang='lat' dir='ltr'><strong>quamvisper</strong></span> <span class='ocrx_word' id='word_1_210' title='bbox 545 2092 701 2162; x_wconf 89' lang='lat' dir='ltr'><strong>utramque</strong></span> <span class='ocrx_word' id='word_1_211' title='bbox 726 2085 812 2145; x_wconf 91' lang='lat' dir='ltr'><strong>simul</strong></span> <span class='ocrx_word' id='word_1_212' title='bbox 837 2083 1027 2145; x_wconf 87' lang='lat' dir='ltr'><strong>ascendendo</strong></span> <span class='ocrx_word' id='word_1_213' title='bbox 1051 2084 1099 2143; x_wconf 90' lang='lat' dir='ltr'><strong>vel</strong></span> <span class='ocrx_word' id='word_1_214' title='bbox 1115 2082 1326 2146; x_wconf 88' lang='lat' dir='ltr'><strong>descendendo</strong></span> <span class='ocrx_word' id='word_1_215' title='bbox 1350 2092 1458 2147; x_wconf 90' lang='lat' dir='ltr'><strong>cantus</strong></span> <span class='ocrx_word' id='word_1_216' title='bbox 1477 2107 1536 2148; x_wconf 92' lang='lat' dir='ltr'><strong>non</strong></span> 
     </span>
     <span class='ocr_line' id='line_1_21' title="bbox 182 2170 1538 2252; baseline 0.003 -20"><span class='ocrx_word' id='word_1_217' title='bbox 182 2171 359 2233; x_wconf 88' lang='lat' dir='ltr'><strong>traducatur</strong></span> <span class='ocrx_word' id='word_1_218' title='bbox 367 2189 376 2244; x_wconf 80' lang='lat'><em>3</em></span> <span class='ocrx_word' id='word_1_219' title='bbox 400 2191 494 2232; x_wconf 89' lang='lat' dir='ltr'><strong>causa</strong></span> <span class='ocrx_word' id='word_1_220' title='bbox 518 2180 605 2251; x_wconf 90' lang='lat' dir='ltr'><strong>patet</strong></span> <span class='ocrx_word' id='word_1_221' title='bbox 628 2192 666 2233; x_wconf 82' lang='lat' dir='ltr'><strong>ex</strong></span> <span class='ocrx_word' id='word_1_222' title='bbox 690 2173 813 2252; x_wconf 81' lang='lat' dir='ltr'><strong>origine.</strong></span> <span class='ocrx_word' id='word_1_223' title='bbox 860 2170 1085 2232; x_wconf 88' lang='lat' dir='ltr'><strong>Portiuncuiam</strong></span> <span class='ocrx_word' id='word_1_224' title='bbox 1099 2192 1180 2245; x_wconf 87' lang='lat' dir='ltr'><strong>vero,</strong></span> <span class='ocrx_word' id='word_1_225' title='bbox 1207 2190 1264 2250; x_wconf 92' lang='lat' dir='ltr'><strong>qua</strong></span> <span class='ocrx_word' id='word_1_226' title='bbox 1284 2170 1426 2235; x_wconf 82' lang='lat' dir='ltr'><strong>differunt</strong></span> <span class='ocrx_word' id='word_1_227' title='bbox 1448 2182 1538 2237; x_wconf 90' lang='lat' dir='ltr'><strong>tonus</strong></span> 
     </span>
     <span class='ocr_line' id='line_1_22' title="bbox 179 2253 1536 2344; baseline 0.004 -24"><span class='ocrx_word' id='word_1_228' title='bbox 179 2260 274 2337; x_wconf 88' lang='lat' dir='ltr'><strong>major</strong></span> <span class='ocrx_word' id='word_1_229' title='bbox 298 2269 330 2319; x_wconf 94' lang='lat' dir='ltr'><strong>et</strong></span> <span class='ocrx_word' id='word_1_230' title='bbox 353 2259 448 2321; x_wconf 85' lang='lat' dir='ltr'><strong>minor·</strong></span> <span class='ocrx_word' id='word_1_231' title='bbox 476 2253 512 2341; x_wconf 59' lang='grc' dir='ltr'><strong>Ὗ,</strong></span> <span class='ocrx_word' id='word_1_232' title='bbox 541 2270 570 2321; x_wconf 88' lang='lat' dir='ltr'><strong>et</strong></span> <span class='ocrx_word' id='word_1_233' title='bbox 601 2255 672 2341; x_wconf 75' lang='lat' dir='ltr'><strong>⁹s„,</strong></span> <span class='ocrx_word' id='word_1_234' title='bbox 703 2260 751 2322; x_wconf 89' lang='lat' dir='ltr'><strong>vel</strong></span> <span class='ocrx_word' id='word_1_235' title='bbox 779 2254 847 2340; x_wconf 51' lang='grc' dir='ltr'><strong>δοίη</strong></span> <span class='ocrx_word' id='word_1_236' title='bbox 876 2268 908 2322; x_wconf 93' lang='lat' dir='ltr'><strong>et</strong></span> <span class='ocrx_word' id='word_1_237' title='bbox 935 2253 1022 2341; x_wconf 62' lang='lat'><strong>⁸70„</strong></span> <span class='ocrx_word' id='word_1_238' title='bbox 1052 2276 1094 2320; x_wconf 89' lang='lat' dir='ltr'><strong>sc.</strong></span> <span class='ocrx_word' id='word_1_239' title='bbox 1123 2253 1212 2338; x_wconf 50' lang='grc' dir='ltr'><strong>ΨΜ,</strong></span> <span class='ocrx_word' id='word_1_240' title='bbox 1245 2259 1362 2338; x_wconf 89' lang='lat' dir='ltr'><strong>placuit</strong></span> <span class='ocrx_word' id='word_1_241' title='bbox 1383 2263 1456 2324; x_wconf 89' lang='lat' dir='ltr'><strong>mihi</strong></span> <span class='ocrx_word' id='word_1_242' title='bbox 1480 2284 1536 2344; x_wconf 89' lang='lat' dir='ltr'><strong>ap·</strong></span> 
     </span>
     <span class='ocr_line' id='line_1_23' title="bbox 178 2348 1536 2428; baseline 0.005 -21"><span class='ocrx_word' id='word_1_243' title='bbox 178 2349 292 2427; x_wconf 89' lang='lat' dir='ltr'><strong>pellare</strong></span> <span class='ocrx_word' id='word_1_244' title='bbox 318 2350 489 2422; x_wconf 84' lang='lat' dir='ltr'><strong>„comma“.</strong></span> <span class='ocrx_word' id='word_1_245' title='bbox 536 2349 644 2422; x_wconf 88' lang='lat' dir='ltr'><strong>Vides,</strong></span> <span class='ocrx_word' id='word_1_246' title='bbox 668 2349 782 2428; x_wconf 89' lang='lat' dir='ltr'><strong>opinor,</strong></span> <span class='ocrx_word' id='word_1_247' title='bbox 812 2349 889 2409; x_wconf 90' lang='lat' dir='ltr'><strong>haec</strong></span> <span class='ocrx_word' id='word_1_248' title='bbox 913 2348 1074 2410; x_wconf 87' lang='lat' dir='ltr'><strong>intervalla</strong></span> <span class='ocrx_word' id='word_1_249' title='bbox 1097 2349 1126 2410; x_wconf 89' lang='lat' dir='ltr'><strong>in</strong></span> <span class='ocrx_word' id='word_1_250' title='bbox 1151 2349 1231 2411; x_wconf 90' lang='lat' dir='ltr'><strong>nullo</strong></span> <span class='ocrx_word' id='word_1_251' title='bbox 1257 2348 1376 2411; x_wconf 91' lang='lat' dir='ltr'><strong>minimo</strong></span> <span class='ocrx_word' id='word_1_252' title='bbox 1400 2370 1536 2414; x_wconf 89' lang='lat' dir='ltr'><strong>commn-</strong></span> 
     </span>
     <span class='ocr_line' id='line_1_24' title="bbox 179 2435 1534 2519; baseline 0.005 -23"><span class='ocrx_word' id='word_1_253' title='bbox 179 2437 296 2497; x_wconf 89' lang='lat' dir='ltr'><strong>nicare:</strong></span> <span class='ocrx_word' id='word_1_254' title='bbox 321 2437 432 2498; x_wconf 91' lang='lat' dir='ltr'><strong>nuliius</strong></span> <span class='ocrx_word' id='word_1_255' title='bbox 456 2437 533 2498; x_wconf 91' lang='lat' dir='ltr'><strong>enim</strong></span> <span class='ocrx_word' id='word_1_256' title='bbox 568 2457 604 2498; x_wconf 91' lang='lat' dir='ltr'><strong>ne</strong></span> <span class='ocrx_word' id='word_1_257' title='bbox 629 2439 787 2499; x_wconf 91' lang='lat' dir='ltr'><strong>commatis</strong></span> <span class='ocrx_word' id='word_1_258' title='bbox 811 2437 929 2517; x_wconf 89' lang='lat' dir='ltr'><strong>quidem</strong></span> <span class='ocrx_word' id='word_1_259' title='bbox 961 2435 1210 2514; x_wconf 90' lang='lat' dir='ltr'><strong>multiplicatione</strong></span> <span class='ocrx_word' id='word_1_260' title='bbox 1233 2436 1326 2498; x_wconf 91' lang='lat' dir='ltr'><strong>ullum</strong></span> <span class='ocrx_word' id='word_1_261' title='bbox 1349 2458 1386 2499; x_wconf 77' lang='lat' dir='ltr'><strong>eu</strong></span> <span class='ocrx_word' id='word_1_262' title='bbox 1410 2441 1534 2519; x_wconf 86' lang='lat' dir='ltr'><strong>majori·</strong></span> 
     </span>
    </p>
   </div>
   <div class='ocr_carea' id='block_1_3' title="bbox 178 2523 591 2605">
    <p class='ocr_par' dir='ltr' id='par_1_3' title="bbox 178 2523 591 2605">
     <span class='ocr_line' id='line_1_25' title="bbox 178 2523 591 2605; baseline 0.005 -20"><span class='ocrx_word' id='word_1_263' title='bbox 178 2523 234 2585; x_wconf 90' lang='lat' dir='ltr'><strong>bus</strong></span> <span class='ocrx_word' id='word_1_264' title='bbox 258 2525 426 2586; x_wconf 89' lang='lat' dir='ltr'><strong>intervallis</strong></span> <span class='ocrx_word' id='word_1_265' title='bbox 449 2526 591 2605; x_wconf 89' lang='lat' dir='ltr'><strong>prodibit.</strong></span> 
     </span>
    </p>
   </div>
   <div class='ocr_carea' id='block_1_4' title="bbox 174 2647 1536 3918">
    <p class='ocr_par' dir='ltr' id='par_1_4' title="bbox 176 2647 1536 3209">
     <span class='ocr_line' id='line_1_26' title="bbox 248 2647 1534 2713; baseline 0.005 -16"><span class='ocrx_word' id='word_1_266' title='bbox 248 2647 320 2698; x_wconf 83' lang='lat' dir='ltr'><strong>Haec</strong></span> <span class='ocrx_word' id='word_1_267' title='bbox 339 2647 475 2711; x_wconf 83' lang='lat' dir='ltr'><strong>Keplerns;</strong></span> <span class='ocrx_word' id='word_1_268' title='bbox 495 2650 590 2713; x_wconf 87' lang='lat' dir='ltr'><strong>reliqna</strong></span> <span class='ocrx_word' id='word_1_269' title='bbox 608 2650 704 2698; x_wconf 88' lang='lat' dir='ltr'><strong>desunt.</strong></span> <span class='ocrx_word' id='word_1_270' title='bbox 742 2648 782 2697; x_wconf 91' lang='lat' dir='ltr'><strong>De</strong></span> <span class='ocrx_word' id='word_1_271' title='bbox 800 2650 864 2703; x_wconf 79' lang='lat' dir='ltr'><strong>viro,</strong></span> <span class='ocrx_word' id='word_1_272' title='bbox 892 2662 948 2696; x_wconf 90' lang='lat' dir='ltr'><strong>cum</strong></span> <span class='ocrx_word' id='word_1_273' title='bbox 967 2662 1014 2711; x_wconf 91' lang='lat' dir='ltr'><strong>qno</strong></span> <span class='ocrx_word' id='word_1_274' title='bbox 1032 2649 1085 2712; x_wconf 81' lang='lat' dir='ltr'><strong>egit</strong></span> <span class='ocrx_word' id='word_1_275' title='bbox 1109 2648 1147 2696; x_wconf 87' lang='lat' dir='ltr'><strong>his</strong></span> <span class='ocrx_word' id='word_1_276' title='bbox 1165 2649 1303 2713; x_wconf 87' lang='lat' dir='ltr'><strong>Keplems,</strong></span> <span class='ocrx_word' id='word_1_277' title='bbox 1329 2650 1393 2701; x_wconf 89' lang='lat' dir='ltr'><strong>baec</strong></span> <span class='ocrx_word' id='word_1_278' title='bbox 1411 2656 1534 2704; x_wconf 88' lang='lat' dir='ltr'><strong>notamus.</strong></span> 
     </span>
     <span class='ocr_line' id='line_1_27' title="bbox 176 2714 1534 2787; baseline 0.003 -18"><span class='ocrx_word' id='word_1_279' title='bbox 176 2718 274 2769; x_wconf 87' lang='lat' dir='ltr'><strong>Nomen</strong></span> <span class='ocrx_word' id='word_1_280' title='bbox 287 2720 512 2783; x_wconf 79' lang='lat' dir='ltr'><strong>Regulontiua</strong></span> <span class='ocrx_word' id='word_1_281' title='bbox 525 2722 637 2783; x_wconf 89' lang='lat' dir='ltr'><strong>nuspiam</strong></span> <span class='ocrx_word' id='word_1_282' title='bbox 651 2722 757 2770; x_wconf 87' lang='lat' dir='ltr'><strong>occurrit</strong></span> <span class='ocrx_word' id='word_1_283' title='bbox 766 2733 839 2783; x_wconf 87' lang='lat' dir='ltr'><strong>quam</strong></span> <span class='ocrx_word' id='word_1_284' title='bbox 853 2714 1030 2768; x_wconf 70' lang='lat' dir='ltr'><strong>iu&#39;Hanschio:</strong></span> <span class='ocrx_word' id='word_1_285' title='bbox 1043 2721 1067 2768; x_wconf 90' lang='lat' dir='ltr'><strong>iu</strong></span> <span class='ocrx_word' id='word_1_286' title='bbox 1079 2717 1139 2767; x_wconf 82' lang='lat' dir='ltr'><strong>lisa.</strong></span> <span class='ocrx_word' id='word_1_287' title='bbox 1154 2719 1336 2772; x_wconf 86' lang='lat' dir='ltr'><strong>Viennensibus</strong></span> <span class='ocrx_word' id='word_1_288' title='bbox 1348 2724 1385 2773; x_wconf 90' lang='lat' dir='ltr'><strong>bis</strong></span> <span class='ocrx_word' id='word_1_289' title='bbox 1399 2722 1534 2787; x_wconf 85' lang='lat' dir='ltr'><strong>deprehen·</strong></span> 
     </span>
     <span class='ocr_line' id='line_1_28' title="bbox 177 2790 1533 2862; baseline 0.004 -24"><span class='ocrx_word' id='word_1_290' title='bbox 177 2791 258 2839; x_wconf 87' lang='lat' dir='ltr'><strong>dimus</strong></span> <span class='ocrx_word' id='word_1_291' title='bbox 269 2791 379 2852; x_wconf 89' lang='lat' dir='ltr'><strong>ejusdem</strong></span> <span class='ocrx_word' id='word_1_292' title='bbox 392 2791 476 2840; x_wconf 88' lang='lat' dir='ltr'><strong>literas</strong></span> <span class='ocrx_word' id='word_1_293' title='bbox 486 2805 547 2855; x_wconf 88' lang='lat' dir='ltr'><strong>quas</strong></span> <span class='ocrx_word' id='word_1_294' title='bbox 560 2807 634 2855; x_wconf 89' lang='lat' dir='ltr'><strong>supra</strong></span> <span class='ocrx_word' id='word_1_295' title='bbox 646 2793 822 2854; x_wconf 85' lang='lat' dir='ltr'><strong>proposuimus.</strong></span> <span class='ocrx_word' id='word_1_296' title='bbox 837 2790 928 2839; x_wconf 89' lang='lat' dir='ltr'><strong>alteras</strong></span> <span class='ocrx_word' id='word_1_297' title='bbox 943 2792 1094 2853; x_wconf 87' lang='lat' dir='ltr'><strong>subscriptas</strong></span> <span class='ocrx_word' id='word_1_298' title='bbox 1108 2790 1310 2855; x_wconf 81' lang='lat' dir='ltr'><strong>„Christophorns</strong></span> <span class='ocrx_word' id='word_1_299' title='bbox 1323 2795 1424 2859; x_wconf 78' lang='lat' dir='ltr'><strong>Hegul</strong></span> <span class='ocrx_word' id='word_1_300' title='bbox 1433 2797 1533 2862; x_wconf 83' lang='lat' dir='ltr'><strong>ouns“,</strong></span> 
     </span>
     <span class='ocr_line' id='line_1_29' title="bbox 178 2858 1533 2929; baseline 0.003 -18"><span class='ocrx_word' id='word_1_301' title='bbox 178 2861 285 2911; x_wconf 89' lang='lat' dir='ltr'><strong>alteras:</strong></span> <span class='ocrx_word' id='word_1_302' title='bbox 307 2860 460 2924; x_wconf 77' lang='lat' dir='ltr'><strong>,Chrismpu</strong></span> <span class='ocrx_word' id='word_1_303' title='bbox 481 2862 676 2924; x_wconf 80' lang='lat' dir='ltr'><strong>Heydonus“.</strong></span> <span class='ocrx_word' id='word_1_304' title='bbox 714 2860 849 2910; x_wconf 84' lang='lat' dir='ltr'><strong>Joecherus</strong></span> <span class='ocrx_word' id='word_1_305' title='bbox 873 2859 939 2920; x_wconf 83' lang='lat' dir='ltr'><strong>(Gal.</strong></span> <span class='ocrx_word' id='word_1_306' title='bbox 960 2858 1081 2921; x_wconf 84' lang='lat' dir='ltr'><strong>Lexicon)</strong></span> <span class='ocrx_word' id='word_1_307' title='bbox 1107 2861 1167 2910; x_wconf 88' lang='lat' dir='ltr'><strong>dicit</strong></span> <span class='ocrx_word' id='word_1_308' title='bbox 1187 2863 1353 2929; x_wconf 82' lang='lat' dir='ltr'><strong>,astrologum</strong></span> <span class='ocrx_word' id='word_1_309' title='bbox 1379 2873 1405 2914; x_wconf 90' lang='lat' dir='ltr'><strong>et</strong></span> <span class='ocrx_word' id='word_1_310' title='bbox 1424 2866 1533 2917; x_wconf 87' lang='lat' dir='ltr'><strong>cabbali-</strong></span> 
     </span>
     <span class='ocr_line' id='line_1_30' title="bbox 177 2930 1535 3000; baseline 0.005 -20"><span class='ocrx_word' id='word_1_311' title='bbox 177 2939 243 2980; x_wconf 89' lang='lat' dir='ltr'><strong>stam</strong></span> <span class='ocrx_word' id='word_1_312' title='bbox 261 2931 369 2996; x_wconf 73' lang='lat' dir='ltr'><strong>ungium</strong></span> <span class='ocrx_word' id='word_1_313' title='bbox 388 2930 555 2981; x_wconf 84' lang='lat' dir='ltr'><strong>Christianum</strong></span> <span class='ocrx_word' id='word_1_314' title='bbox 574 2933 731 2994; x_wconf 85' lang='lat' dir='ltr'><strong>Haydon“,</strong></span> <span class='ocrx_word' id='word_1_315' title='bbox 752 2947 823 2996; x_wconf 91' lang='lat' dir='ltr'><strong>quem</strong></span> <span class='ocrx_word' id='word_1_316' title='bbox 849 2931 954 2980; x_wconf 84' lang='lat' dir='ltr'><strong>eun&#39;dem</strong></span> <span class='ocrx_word' id='word_1_317' title='bbox 983 2947 1037 2980; x_wconf 89' lang='lat' dir='ltr'><strong>esse</strong></span> <span class='ocrx_word' id='word_1_318' title='bbox 1064 2946 1208 2989; x_wconf 83' lang='lat' dir='ltr'><strong>censemus,</strong></span> <span class='ocrx_word' id='word_1_319' title='bbox 1234 2937 1274 2998; x_wconf 89' lang='lat' dir='ltr'><strong>qni</strong></span> <span class='ocrx_word' id='word_1_320' title='bbox 1299 2936 1376 2985; x_wconf 89' lang='lat' dir='ltr'><strong>literis</strong></span> <span class='ocrx_word' id='word_1_321' title='bbox 1400 2937 1535 3000; x_wconf 85' lang='lat' dir='ltr'><strong>Keplerum</strong></span> 
     </span>
     <span class='ocr_line' id='line_1_31' title="bbox 176 3000 1535 3070; baseline 0.004 -19"><span class='ocrx_word' id='word_1_322' title='bbox 176 3003 247 3059; x_wconf 87' lang='lat' dir='ltr'><strong>adiit,</strong></span> <span class='ocrx_word' id='word_1_323' title='bbox 267 3017 322 3052; x_wconf 91' lang='lat' dir='ltr'><strong>cum</strong></span> <span class='ocrx_word' id='word_1_324' title='bbox 340 3009 406 3051; x_wconf 84' lang='lat' dir='ltr'><strong>toste</strong></span> <span class='ocrx_word' id='word_1_325' title='bbox 424 3002 545 3052; x_wconf 86' lang='lat' dir='ltr'><strong>ioschero</strong></span> <span class='ocrx_word' id='word_1_326' title='bbox 566 3003 672 3052; x_wconf 88' lang='lat' dir='ltr'><strong>ediderit</strong></span> <span class='ocrx_word' id='word_1_327' title='bbox 691 3017 758 3052; x_wconf 86' lang='lat' dir='ltr'><strong>anna</strong></span> <span class='ocrx_word' id='word_1_328' title='bbox 778 3000 846 3051; x_wconf 81' lang='lat'><strong>1603</strong></span> <span class='ocrx_word' id='word_1_329' title='bbox 866 3003 953 3051; x_wconf 89' lang='lat' dir='ltr'><strong>librum</strong></span> <span class='ocrx_word' id='word_1_330' title='bbox 972 3005 1127 3066; x_wconf 87' lang='lat' dir='ltr'><strong>inscriptum:</strong></span> <span class='ocrx_word' id='word_1_331' title='bbox 1148 3019 1164 3052; x_wconf 90' lang='lat' dir='ltr'><strong>a</strong></span> <span class='ocrx_word' id='word_1_332' title='bbox 1177 3005 1280 3055; x_wconf 79' lang='lat' dir='ltr'><strong>delente</strong></span> <span class='ocrx_word' id='word_1_333' title='bbox 1292 3007 1320 3054; x_wconf 83' lang='lat' dir='ltr'><strong>oi</strong></span> <span class='ocrx_word' id='word_1_334' title='bbox 1334 3008 1437 3070; x_wconf 81' lang='lat' dir='ltr'><strong>judicia}</strong></span> <span class='ocrx_word' id='word_1_335' title='bbox 1450 3010 1535 3058; x_wconf 81' lang='lat' dir='ltr'><strong>Astro-</strong></span> 
     </span>
     <span class='ocr_line' id='line_1_32' title="bbox 176 3072 1536 3141; baseline 0.005 -20"><span class='ocrx_word' id='word_1_336' title='bbox 176 3073 242 3138; x_wconf 75' lang='lat' dir='ltr'><strong>logie</strong></span> <span class='ocrx_word' id='word_1_337' title='bbox 256 3072 268 3095; x_wconf 75' lang='lat'><strong>‘⁴</strong></span> <span class='ocrx_word' id='word_1_338' title='bbox 307 3073 410 3136; x_wconf 85' lang='lat' dir='ltr'><strong>Kepleri</strong></span> <span class='ocrx_word' id='word_1_339' title='bbox 428 3074 503 3123; x_wconf 85' lang='lat' dir='ltr'><strong>rerba</strong></span> <span class='ocrx_word' id='word_1_340' title='bbox 521 3072 557 3136; x_wconf 87' lang='lat' dir='ltr'><strong>(p.</strong></span> <span class='ocrx_word' id='word_1_341' title='bbox 580 3072 644 3135; x_wconf 80' lang='lat'><strong>³70)</strong></span> <span class='ocrx_word' id='word_1_342' title='bbox 663 3075 802 3138; x_wconf 77' lang='lat' dir='ltr'><strong>significare</strong></span> <span class='ocrx_word' id='word_1_343' title='bbox 821 3075 946 3130; x_wconf 83' lang='lat' dir='ltr'><strong>ridentur,</strong></span> <span class='ocrx_word' id='word_1_344' title='bbox 973 3075 1121 3136; x_wconf 85' lang='lat' dir='ltr'><strong>Heydonum</strong></span> <span class='ocrx_word' id='word_1_345' title='bbox 1141 3090 1196 3125; x_wconf 90' lang='lat' dir='ltr'><strong>cum</strong></span> <span class='ocrx_word' id='word_1_346' title='bbox 1215 3092 1274 3141; x_wconf 80' lang='lat' dir='ltr'><strong>rege</strong></span> <span class='ocrx_word' id='word_1_347' title='bbox 1293 3078 1388 3129; x_wconf 84' lang='lat' dir='ltr'><strong>iacebo</strong></span> <span class='ocrx_word' id='word_1_348' title='bbox 1414 3079 1536 3130; x_wconf 87' lang='lat' dir='ltr'><strong>derebus</strong></span> 
     </span>
     <span class='ocr_line' id='line_1_33' title="bbox 179 3144 441 3209; baseline -0.011 -14"><span class='ocrx_word' id='word_1_349' title='bbox 179 3144 333 3209; x_wconf 80' lang='lat' dir='ltr'><strong>astrologicis</strong></span> <span class='ocrx_word' id='word_1_350' title='bbox 353 3146 441 3209; x_wconf 76' lang='lat' dir='ltr'><strong>egisse.</strong></span> 
     </span>
    </p>

    <p class='ocr_par' dir='ltr' id='par_1_5' title="bbox 176 3214 1535 3423">
     <span class='ocr_line' id='line_1_34' title="bbox 250 3214 1534 3286; baseline 0.006 -23"><span class='ocrx_word' id='word_1_351' title='bbox 250 3214 321 3274; x_wconf 86' lang='lat' dir='ltr'><strong>Quae</strong></span> <span class='ocrx_word' id='word_1_352' title='bbox 349 3216 419 3264; x_wconf 90' lang='lat' dir='ltr'><strong>addit</strong></span> <span class='ocrx_word' id='word_1_353' title='bbox 444 3214 567 3278; x_wconf 87' lang='lat' dir='ltr'><strong>Keplems</strong></span> <span class='ocrx_word' id='word_1_354' title='bbox 594 3214 746 3280; x_wconf 80' lang='lat' dir='ltr'><strong>astrologicis</strong></span> <span class='ocrx_word' id='word_1_355' title='bbox 770 3216 908 3270; x_wconf 84' lang='lat' dir='ltr'><strong>musicalia,</strong></span> <span class='ocrx_word' id='word_1_356' title='bbox 937 3214 975 3264; x_wconf 90' lang='lat' dir='ltr'><strong>his</strong></span> <span class='ocrx_word' id='word_1_357' title='bbox 1002 3215 1090 3264; x_wconf 89' lang='lat' dir='ltr'><strong>similia</strong></span> <span class='ocrx_word' id='word_1_358' title='bbox 1110 3217 1278 3280; x_wconf 87' lang='lat' dir='ltr'><strong>deprehendes</strong></span> <span class='ocrx_word' id='word_1_359' title='bbox 1297 3220 1321 3267; x_wconf 92' lang='lat' dir='ltr'><strong>in</strong></span> <span class='ocrx_word' id='word_1_360' title='bbox 1348 3221 1480 3271; x_wconf 87' lang='lat' dir='ltr'><strong>Prodromo</strong></span> <span class='ocrx_word' id='word_1_361' title='bbox 1499 3221 1534 3286; x_wconf 90' lang='lat' dir='ltr'><strong>(p.</strong></span> 
     </span>
     <span class='ocr_line' id='line_1_35' title="bbox 178 3281 1535 3356; baseline 0.009 -24"><span class='ocrx_word' id='word_1_362' title='bbox 178 3281 229 3333; x_wconf 78' lang='lat' dir='ltr'><strong>tet</strong></span> <span class='ocrx_word' id='word_1_363' title='bbox 249 3299 284 3348; x_wconf 89' lang='lat' dir='ltr'><strong>sq.</strong></span> <span class='ocrx_word' id='word_1_364' title='bbox 304 3293 330 3335; x_wconf 88' lang='lat' dir='ltr'><strong>et</strong></span> <span class='ocrx_word' id='word_1_365' title='bbox 350 3283 413 3346; x_wconf 77' lang='grc'>197)</span> <span class='ocrx_word' id='word_1_366' title='bbox 434 3293 459 3336; x_wconf 88' lang='lat' dir='ltr'><strong>st</strong></span> <span class='ocrx_word' id='word_1_367' title='bbox 477 3288 502 3334; x_wconf 92' lang='lat' dir='ltr'><strong>iu</strong></span> <span class='ocrx_word' id='word_1_368' title='bbox 521 3286 581 3334; x_wconf 92' lang='lat' dir='ltr'><strong>libro</strong></span> <span class='ocrx_word' id='word_1_369' title='bbox 600 3287 631 3334; x_wconf 90' lang='lat' dir='ltr'><strong>de</strong></span> <span class='ocrx_word' id='word_1_370' title='bbox 651 3285 722 3335; x_wconf 81' lang='lat' dir='ltr'><strong>Nora</strong></span> <span class='ocrx_word' id='word_1_371' title='bbox 741 3285 819 3334; x_wconf 88' lang='lat' dir='ltr'><strong>Stella</strong></span> <span class='ocrx_word' id='word_1_372' title='bbox 838 3283 885 3344; x_wconf 83' lang='lat' dir='ltr'><strong>(lit.</strong></span> <span class='ocrx_word' id='word_1_373' title='bbox 907 3287 938 3335; x_wconf 90' lang='lat' dir='ltr'><strong>ad</strong></span> <span class='ocrx_word' id='word_1_374' title='bbox 957 3286 1148 3351; x_wconf 82' lang='lat' dir='ltr'><strong>Brenggemm).</strong></span> <span class='ocrx_word' id='word_1_375' title='bbox 1186 3288 1283 3339; x_wconf 88' lang='lat' dir='ltr'><strong>Similia</strong></span> <span class='ocrx_word' id='word_1_376' title='bbox 1300 3297 1394 3341; x_wconf 88' lang='lat' dir='ltr'><strong>tractat</strong></span> <span class='ocrx_word' id='word_1_377' title='bbox 1412 3293 1535 3356; x_wconf 87' lang='lat' dir='ltr'><strong>Keplems</strong></span> 
     </span>
     <span class='ocr_line' id='line_1_36' title="bbox 176 3357 1319 3423; baseline 0.003 -17"><span class='ocrx_word' id='word_1_378' title='bbox 176 3358 203 3406; x_wconf 93' lang='lat' dir='ltr'><strong>in</strong></span> <span class='ocrx_word' id='word_1_379' title='bbox 221 3357 297 3405; x_wconf 87' lang='lat' dir='ltr'><strong>literis</strong></span> <span class='ocrx_word' id='word_1_380' title='bbox 316 3358 349 3407; x_wconf 92' lang='lat' dir='ltr'><strong>ad</strong></span> <span class='ocrx_word' id='word_1_381' title='bbox 366 3358 381 3407; x_wconf 90' lang='lat' dir='ltr'>J</span> <span class='ocrx_word' id='word_1_382' title='bbox 387 3357 475 3407; x_wconf 91' lang='lat' dir='ltr'><strong>oach.</strong></span> <span class='ocrx_word' id='word_1_383' title='bbox 496 3357 689 3414; x_wconf 83' lang='lat' dir='ltr'><strong>Tancklnm,</strong></span> <span class='ocrx_word' id='word_1_384' title='bbox 709 3358 795 3420; x_wconf 89' lang='lat' dir='ltr'><strong>quibua</strong></span> <span class='ocrx_word' id='word_1_385' title='bbox 814 3359 950 3417; x_wconf 89' lang='lat' dir='ltr'><strong>praemissa</strong></span> <span class='ocrx_word' id='word_1_386' title='bbox 969 3358 1150 3420; x_wconf 86' lang='lat' dir='ltr'><strong>quadamtenus</strong></span> <span class='ocrx_word' id='word_1_387' title='bbox 1168 3362 1319 3423; x_wconf 86' lang='lat' dir='ltr'><strong>supplentur.</strong></span> 
     </span>
    </p>

    <p class='ocr_par' dir='ltr' id='par_1_6' title="bbox 174 3426 1536 3918">
     <span class='ocr_line' id='line_1_37' title="bbox 247 3426 1531 3496; baseline 0.005 -19"><span class='ocrx_word' id='word_1_388' title='bbox 247 3427 263 3477; x_wconf 84' lang='lat' dir='ltr'>J</span> <span class='ocrx_word' id='word_1_389' title='bbox 270 3429 439 3478; x_wconf 88' lang='lat' dir='ltr'><strong>oachimus</strong></span> <span class='ocrx_word' id='word_1_390' title='bbox 457 3428 620 3477; x_wconf 83' lang='lat' dir='ltr'><strong>Tanokins</strong></span> <span class='ocrx_word' id='word_1_391' title='bbox 640 3429 774 3491; x_wconf 86' lang='lat' dir='ltr'><strong>Lipsiensis</strong></span> <span class='ocrx_word' id='word_1_392' title='bbox 795 3426 932 3487; x_wconf 77' lang='lat' dir='ltr'><strong>(Professor</strong></span> <span class='ocrx_word' id='word_1_393' title='bbox 951 3436 1020 3477; x_wconf 90' lang='lat' dir='ltr'><strong>anat.</strong></span> <span class='ocrx_word' id='word_1_394' title='bbox 1040 3435 1066 3477; x_wconf 91' lang='lat' dir='ltr'><strong>et</strong></span> <span class='ocrx_word' id='word_1_395' title='bbox 1085 3430 1208 3494; x_wconf 61' lang='lat' dir='ltr'><strong>chit-urg„</strong></span> <span class='ocrx_word' id='word_1_396' title='bbox 1228 3440 1299 3481; x_wconf 91' lang='lat' dir='ltr'><strong>mort.</strong></span> <span class='ocrx_word' id='word_1_397' title='bbox 1313 3431 1390 3491; x_wconf 80' lang='lat' dir='ltr'><strong>istc,</strong></span> <span class='ocrx_word' id='word_1_398' title='bbox 1410 3441 1453 3483; x_wconf 88' lang='lat' dir='ltr'><strong>aet</strong></span> <span class='ocrx_word' id='word_1_399' title='bbox 1465 3433 1531 3496; x_wconf 58' lang='grc' dir='ltr'><strong>ὄλ),</strong></span> 
     </span>
     <span class='ocr_line' id='line_1_38' title="bbox 177 3495 1536 3567; baseline 0.008 -22"><span class='ocrx_word' id='word_1_400' title='bbox 177 3501 244 3546; x_wconf 76' lang='lat' dir='ltr'><strong>reue</strong></span> <span class='ocrx_word' id='word_1_401' title='bbox 263 3515 318 3548; x_wconf 91' lang='lat' dir='ltr'><strong>cum</strong></span> <span class='ocrx_word' id='word_1_402' title='bbox 337 3499 445 3562; x_wconf 87' lang='lat' dir='ltr'><strong>Keplero</strong></span> <span class='ocrx_word' id='word_1_403' title='bbox 465 3501 517 3564; x_wconf 78' lang='lat' dir='ltr'><strong>egit</strong></span> <span class='ocrx_word' id='word_1_404' title='bbox 534 3515 579 3562; x_wconf 89' lang='lat' dir='ltr'><strong>per</strong></span> <span class='ocrx_word' id='word_1_405' title='bbox 596 3499 680 3548; x_wconf 87' lang='lat' dir='ltr'><strong>literas</strong></span> <span class='ocrx_word' id='word_1_406' title='bbox 700 3514 766 3548; x_wconf 89' lang='lat' dir='ltr'><strong>anno</strong></span> <span class='ocrx_word' id='word_1_407' title='bbox 783 3495 856 3551; x_wconf 81' lang='grc'>1608.</span> <span class='ocrx_word' id='word_1_408' title='bbox 878 3500 986 3548; x_wconf 72' lang='lat' dir='ltr'><strong>ulamma</strong></span> <span class='ocrx_word' id='word_1_409' title='bbox 1006 3515 1035 3549; x_wconf 82' lang='lat' dir='ltr'><strong>ex</strong></span> <span class='ocrx_word' id='word_1_410' title='bbox 1054 3507 1125 3563; x_wconf 87' lang='lat' dir='ltr'><strong>parte</strong></span> <span class='ocrx_word' id='word_1_411' title='bbox 1145 3502 1175 3550; x_wconf 90' lang='lat' dir='ltr'><strong>de</strong></span> <span class='ocrx_word' id='word_1_412' title='bbox 1194 3502 1254 3551; x_wconf 91' lang='lat' dir='ltr'><strong>libro</strong></span> <span class='ocrx_word' id='word_1_413' title='bbox 1267 3503 1368 3567; x_wconf 87' lang='lat' dir='ltr'><strong>Kepleri</strong></span> <span class='ocrx_word' id='word_1_414' title='bbox 1386 3506 1416 3554; x_wconf 90' lang='lat' dir='ltr'><strong>de</strong></span> <span class='ocrx_word' id='word_1_415' title='bbox 1431 3505 1536 3556; x_wconf 87' lang='lat' dir='ltr'><strong>Cometa</strong></span> 
     </span>
     <span class='ocr_line' id='line_1_39' title="bbox 178 3567 1534 3640; baseline 0.006 -23"><span class='ocrx_word' id='word_1_416' title='bbox 178 3572 237 3619; x_wconf 89' lang='lat' dir='ltr'><strong>anni</strong></span> <span class='ocrx_word' id='word_1_417' title='bbox 270 3567 352 3625; x_wconf 80' lang='lat'><strong>1607,</strong></span> <span class='ocrx_word' id='word_1_418' title='bbox 385 3585 457 3635; x_wconf 92' lang='lat' dir='ltr'><strong>quem</strong></span> <span class='ocrx_word' id='word_1_419' title='bbox 475 3569 576 3633; x_wconf 89' lang='lat' dir='ltr'><strong>Lipsiae</strong></span> <span class='ocrx_word' id='word_1_420' title='bbox 606 3570 792 3633; x_wconf 86' lang='lat' dir='ltr'><strong>imprimendum</strong></span> <span class='ocrx_word' id='word_1_421' title='bbox 823 3572 930 3626; x_wconf 83' lang='lat' dir='ltr'><strong>curarit,</strong></span> <span class='ocrx_word' id='word_1_422' title='bbox 958 3570 1109 3620; x_wconf 88' lang='lat' dir='ltr'><strong>concedente</strong></span> <span class='ocrx_word' id='word_1_423' title='bbox 1134 3572 1217 3621; x_wconf 88' lang='lat' dir='ltr'><strong>ordine</strong></span> <span class='ocrx_word' id='word_1_424' title='bbox 1243 3573 1318 3622; x_wconf 83' lang='lat' dir='ltr'><strong>theol.</strong></span> <span class='ocrx_word' id='word_1_425' title='bbox 1347 3583 1372 3623; x_wconf 90' lang='lat' dir='ltr'><strong>et</strong></span> <span class='ocrx_word' id='word_1_426' title='bbox 1400 3575 1534 3640; x_wconf 88' lang='lat' dir='ltr'><strong>philosoph.</strong></span> 
     </span>
     <span class='ocr_line' id='line_1_40' title="bbox 174 3639 1536 3711; baseline 0.006 -23"><span class='ocrx_word' id='word_1_427' title='bbox 174 3639 304 3691; x_wconf 86' lang='lat' dir='ltr'><strong>Nnuclaus</strong></span> <span class='ocrx_word' id='word_1_428' title='bbox 331 3641 441 3704; x_wconf 85' lang='lat' dir='ltr'><strong>Keplero</strong></span> <span class='ocrx_word' id='word_1_429' title='bbox 468 3641 555 3689; x_wconf 88' lang='lat' dir='ltr'><strong>librum</strong></span> <span class='ocrx_word' id='word_1_430' title='bbox 583 3641 648 3689; x_wconf 89' lang='lat' dir='ltr'><strong>huuc</strong></span> <span class='ocrx_word' id='word_1_431' title='bbox 676 3643 784 3705; x_wconf 85' lang='lat' dir='ltr'><strong>proxime</strong></span> <span class='ocrx_word' id='word_1_432' title='bbox 813 3641 950 3689; x_wconf 91' lang='lat' dir='ltr'><strong>absolutum</strong></span> <span class='ocrx_word' id='word_1_433' title='bbox 979 3641 1062 3690; x_wconf 91' lang='lat' dir='ltr'><strong>addit:</strong></span> <span class='ocrx_word' id='word_1_434' title='bbox 1095 3643 1149 3690; x_wconf 90' lang='lat' dir='ltr'><strong>misi</strong></span> <span class='ocrx_word' id='word_1_435' title='bbox 1176 3644 1207 3692; x_wconf 90' lang='lat' dir='ltr'><strong>ad</strong></span> <span class='ocrx_word' id='word_1_436' title='bbox 1232 3650 1257 3692; x_wconf 92' lang='lat' dir='ltr'><strong>te</strong></span> <span class='ocrx_word' id='word_1_437' title='bbox 1285 3646 1536 3711; x_wconf 75' lang='lat' dir='ltr'><strong>monochordum</strong></span> 
     </span>
     <span class='ocr_line' id='line_1_41' title="bbox 176 3710 1534 3776; baseline 0.006 -17"><span class='ocrx_word' id='word_1_438' title='bbox 176 3710 368 3767; x_wconf 83' lang='lat' dir='ltr'><strong>Reinhardi,</strong></span> <span class='ocrx_word' id='word_1_439' title='bbox 398 3713 438 3776; x_wconf 90' lang='lat' dir='ltr'><strong>qui</strong></span> <span class='ocrx_word' id='word_1_440' title='bbox 457 3713 572 3761; x_wconf 88' lang='lat' dir='ltr'><strong>dissentit</strong></span> <span class='ocrx_word' id='word_1_441' title='bbox 595 3714 620 3760; x_wconf 90' lang='lat' dir='ltr'><strong>in</strong></span> <span class='ocrx_word' id='word_1_442' title='bbox 638 3714 737 3760; x_wconf 87' lang='lat' dir='ltr'><strong>musicis</strong></span> <span class='ocrx_word' id='word_1_443' title='bbox 757 3726 773 3761; x_wconf 90' lang='lat' dir='ltr'><strong>a</strong></span> <span class='ocrx_word' id='word_1_444' title='bbox 790 3719 873 3761; x_wconf 90' lang='lat' dir='ltr'><strong>nostro</strong></span> <span class='ocrx_word' id='word_1_445' title='bbox 893 3711 1044 3761; x_wconf 82' lang='lat' dir='ltr'><strong>Calvisio.</strong></span> <span class='ocrx_word' id='word_1_446' title='bbox 1081 3713 1219 3763; x_wconf 87' lang='lat' dir='ltr'><strong>Pleniorem</strong></span> <span class='ocrx_word' id='word_1_447' title='bbox 1238 3715 1275 3763; x_wconf 89' lang='lat' dir='ltr'><strong>bis</strong></span> <span class='ocrx_word' id='word_1_448' title='bbox 1293 3716 1408 3765; x_wconf 86' lang='lat' dir='ltr'><strong>nundinis</strong></span> <span class='ocrx_word' id='word_1_449' title='bbox 1427 3719 1534 3767; x_wconf 79' lang='lat' dir='ltr'><strong>instruc·</strong></span> 
     </span>
     <span class='ocr_line' id='line_1_42' title="bbox 176 3783 1535 3850; baseline 0.007 -20"><span class='ocrx_word' id='word_1_450' title='bbox 176 3783 269 3831; x_wconf 71' lang='lat' dir='ltr'><strong>monem</strong></span> <span class='ocrx_word' id='word_1_451' title='bbox 294 3783 327 3832; x_wconf 88' lang='lat' dir='ltr'><strong>ad</strong></span> <span class='ocrx_word' id='word_1_452' title='bbox 345 3798 385 3833; x_wconf 88' lang='lat' dir='ltr'><strong>ms</strong></span> <span class='ocrx_word' id='word_1_453' title='bbox 404 3785 486 3840; x_wconf 89' lang='lat' dir='ltr'><strong>misit,</strong></span> <span class='ocrx_word' id='word_1_454' title='bbox 514 3798 588 3847; x_wconf 88' lang='lat' dir='ltr'><strong>quam</strong></span> <span class='ocrx_word' id='word_1_455' title='bbox 607 3784 689 3833; x_wconf 89' lang='lat' dir='ltr'><strong>obiter</strong></span> <span class='ocrx_word' id='word_1_456' title='bbox 707 3786 746 3832; x_wconf 77' lang='lat' dir='ltr'><strong>rix</strong></span> <span class='ocrx_word' id='word_1_457' title='bbox 763 3784 872 3848; x_wconf 77' lang='lat' dir='ltr'><strong>perlegi3</strong></span> <span class='ocrx_word' id='word_1_458' title='bbox 892 3786 1022 3833; x_wconf 87' lang='lat' dir='ltr'><strong>occasione</strong></span> <span class='ocrx_word' id='word_1_459' title='bbox 1042 3784 1091 3833; x_wconf 89' lang='lat' dir='ltr'><strong>hac</strong></span> <span class='ocrx_word' id='word_1_460' title='bbox 1110 3786 1194 3835; x_wconf 90' lang='lat' dir='ltr'><strong>oblata</strong></span> <span class='ocrx_word' id='word_1_461' title='bbox 1212 3787 1244 3835; x_wconf 90' lang='lat' dir='ltr'><strong>ad</strong></span> <span class='ocrx_word' id='word_1_462' title='bbox 1264 3796 1288 3836; x_wconf 89' lang='lat' dir='ltr'><strong>te</strong></span> <span class='ocrx_word' id='word_1_463' title='bbox 1307 3788 1390 3838; x_wconf 84' lang='lat' dir='ltr'><strong>mitto.</strong></span> <span class='ocrx_word' id='word_1_464' title='bbox 1415 3788 1535 3850; x_wconf 85' lang='lat' dir='ltr'><strong>judicium</strong></span> 
     </span>
     <span class='ocr_line' id='line_1_43' title="bbox 178 3852 806 3918; baseline -0.006 -17"><span class='ocrx_word' id='word_1_465' title='bbox 178 3859 248 3903; x_wconf 81' lang='lat' dir='ltr'><strong>taum</strong></span> <span class='ocrx_word' id='word_1_466' title='bbox 265 3862 352 3917; x_wconf 87' lang='lat' dir='ltr'><strong>petens</strong></span> <span class='ocrx_word' id='word_1_467' title='bbox 372 3852 417 3903; x_wconf 81' lang='lat' dir='ltr'><strong>dte.</strong></span> <span class='ocrx_word' id='word_1_468' title='bbox 438 3853 535 3918; x_wconf 79' lang='lat' dir='ltr'><strong>(comp.</strong></span> <span class='ocrx_word' id='word_1_469' title='bbox 555 3855 667 3904; x_wconf 89' lang='lat' dir='ltr'><strong>Hansch.</strong></span> <span class='ocrx_word' id='word_1_470' title='bbox 687 3872 711 3918; x_wconf 89' lang='lat' dir='ltr'><strong>p.</strong></span> <span class='ocrx_word' id='word_1_471' title='bbox 732 3853 806 3914; x_wconf 68' lang='lat'><strong>408.)</strong></span> 
     </span>
    </p>
   </div>
   <div class='ocr_carea' id='block_1_5' title="bbox 177 3944 1563 4472">
    <p class='ocr_par' dir='ltr' id='par_1_7' title="bbox 177 3944 1563 4379">
     <span class='ocr_line' id='line_1_44' title="bbox 247 3944 1534 4021; baseline 0.007 -20"><span class='ocrx_word' id='word_1_472' title='bbox 247 3951 410 4015; x_wconf 82' lang='lat' dir='ltr'><strong>Keplsrus</strong></span> <span class='ocrx_word' id='word_1_473' title='bbox 437 3952 576 4015; x_wconf 81' lang='lat' dir='ltr'><strong>respondit:</strong></span> <span class='ocrx_word' id='word_1_474' title='bbox 605 3944 672 4005; x_wconf 76' lang='lat' dir='ltr'><strong>Non</strong></span> <span class='ocrx_word' id='word_1_475' title='bbox 698 3945 853 4005; x_wconf 86' lang='lat' dir='ltr'><strong>tbrtuitum</strong></span> <span class='ocrx_word' id='word_1_476' title='bbox 879 3945 933 4005; x_wconf 87' lang='lat' dir='ltr'><strong>tibi</strong></span> <span class='ocrx_word' id='word_1_477' title='bbox 958 3963 1063 4005; x_wconf 90' lang='lat' dir='ltr'><strong>nomen</strong></span> <span class='ocrx_word' id='word_1_478' title='bbox 1088 3952 1136 4006; x_wconf 92' lang='lat' dir='ltr'><strong>est</strong></span> <span class='ocrx_word' id='word_1_479' title='bbox 1159 3966 1177 4005; x_wconf 94' lang='lat' dir='ltr'><strong>a</strong></span> <span class='ocrx_word' id='word_1_480' title='bbox 1202 3944 1328 4021; x_wconf 85' lang='lat' dir='ltr'><strong>Gratiis,</strong></span> <span class='ocrx_word' id='word_1_481' title='bbox 1356 3948 1534 4010; x_wconf 86' lang='lat' dir='ltr'><strong>suavissime</strong></span> 
     </span>
     <span class='ocr_line' id='line_1_45' title="bbox 177 4031 1534 4112; baseline 0.007 -22"><span class='ocrx_word' id='word_1_482' title='bbox 177 4031 305 4106; x_wconf 80' lang='lat' dir='ltr'><strong>Tanclri,</strong></span> <span class='ocrx_word' id='word_1_483' title='bbox 341 4052 433 4111; x_wconf 89' lang='lat' dir='ltr'><strong>usque</strong></span> <span class='ocrx_word' id='word_1_484' title='bbox 458 4033 533 4092; x_wconf 83' lang='lat' dir='ltr'><strong>adeo</strong></span> <span class='ocrx_word' id='word_1_485' title='bbox 558 4050 682 4091; x_wconf 85' lang='lat' dir='ltr'><strong>suavem</strong></span> <span class='ocrx_word' id='word_1_486' title='bbox 712 4040 742 4094; x_wconf 85' lang='lat' dir='ltr'><strong>et</strong></span> <span class='ocrx_word' id='word_1_487' title='bbox 767 4031 1032 4112; x_wconf 86' lang='lat' dir='ltr'><strong>Gratiis-plenam</strong></span> <span class='ocrx_word' id='word_1_488' title='bbox 1057 4035 1095 4096; x_wconf 90' lang='lat' dir='ltr'><strong>ad</strong></span> <span class='ocrx_word' id='word_1_489' title='bbox 1120 4035 1310 4097; x_wconf 87' lang='lat' dir='ltr'><strong>collationem</strong></span> <span class='ocrx_word' id='word_1_490' title='bbox 1339 4055 1385 4098; x_wconf 90' lang='lat' dir='ltr'><strong>me</strong></span> <span class='ocrx_word' id='word_1_491' title='bbox 1410 4036 1534 4112; x_wconf 85' lang='lat' dir='ltr'><strong>invitas,</strong></span> 
     </span>
     <span class='ocr_line' id='line_1_46' title="bbox 177 4120 1532 4203; baseline 0.006 -23"><span class='ocrx_word' id='word_1_492' title='bbox 177 4120 364 4181; x_wconf 86' lang='lat' dir='ltr'><strong>transmissis</strong></span> <span class='ocrx_word' id='word_1_493' title='bbox 383 4120 551 4183; x_wconf 90' lang='lat' dir='ltr'><strong>Reinhardi</strong></span> <span class='ocrx_word' id='word_1_494' title='bbox 574 4120 829 4200; x_wconf 88' lang='lat' dir='ltr'><strong>speculationibus</strong></span> <span class='ocrx_word' id='word_1_495' title='bbox 853 4122 1043 4184; x_wconf 87' lang='lat' dir='ltr'><strong>harmonicis.</strong></span> <span class='ocrx_word' id='word_1_496' title='bbox 1089 4123 1136 4184; x_wconf 90' lang='lat' dir='ltr'><strong>De</strong></span> <span class='ocrx_word' id='word_1_497' title='bbox 1160 4124 1197 4185; x_wconf 89' lang='lat' dir='ltr'><strong>iis</strong></span> <span class='ocrx_word' id='word_1_498' title='bbox 1227 4125 1297 4203; x_wconf 91' lang='lat' dir='ltr'><strong>quid</strong></span> <span class='ocrx_word' id='word_1_499' title='bbox 1320 4126 1468 4200; x_wconf 90' lang='lat' dir='ltr'><strong>videatur,</strong></span> <span class='ocrx_word' id='word_1_500' title='bbox 1502 4127 1532 4188; x_wconf 93' lang='lat' dir='ltr'><strong>in</strong></span> 
     </span>
     <span class='ocr_line' id='line_1_47' title="bbox 178 4206 1563 4293; baseline 0.006 -24"><span class='ocrx_word' id='word_1_501' title='bbox 178 4227 343 4288; x_wconf 88' lang='lat' dir='ltr'><strong>progressu</strong></span> <span class='ocrx_word' id='word_1_502' title='bbox 366 4210 509 4290; x_wconf 88' lang='lat' dir='ltr'><strong>aperiam,</strong></span> <span class='ocrx_word' id='word_1_503' title='bbox 535 4209 712 4289; x_wconf 88' lang='lat' dir='ltr'><strong>principium</strong></span> <span class='ocrx_word' id='word_1_504' title='bbox 735 4230 806 4270; x_wconf 89' lang='lat' dir='ltr'><strong>vero</strong></span> <span class='ocrx_word' id='word_1_505' title='bbox 831 4210 940 4273; x_wconf 87' lang='lat' dir='ltr'><strong>faciam</strong></span> <span class='ocrx_word' id='word_1_506' title='bbox 964 4213 1002 4273; x_wconf 92' lang='lat' dir='ltr'><strong>ab</strong></span> <span class='ocrx_word' id='word_1_507' title='bbox 1026 4231 1162 4289; x_wconf 83' lang='lat' dir='ltr'><strong>excursu,</strong></span> <span class='ocrx_word' id='word_1_508' title='bbox 1188 4214 1227 4274; x_wconf 90' lang='lat' dir='ltr'><strong>ad</strong></span> <span class='ocrx_word' id='word_1_509' title='bbox 1242 4232 1328 4293; x_wconf 88' lang='lat' dir='ltr'><strong>quem</strong></span> <span class='ocrx_word' id='word_1_510' title='bbox 1352 4215 1535 4278; x_wconf 84' lang='lat' dir='ltr'><strong>auctoriate</strong></span> <span class='ocrx_word' id='word_1_511' title='bbox 1560 4206 1563 4211; x_wconf 57' lang='grc'><em>’</em></span> 
     </span>
     <span class='ocr_line' id='line_1_48' title="bbox 179 4298 984 4379; baseline 0.004 -21"><span class='ocrx_word' id='word_1_512' title='bbox 179 4316 253 4359; x_wconf 89' lang='lat' dir='ltr'><strong>suae</strong></span> <span class='ocrx_word' id='word_1_513' title='bbox 277 4298 425 4377; x_wconf 87' lang='lat' dir='ltr'><strong>epistolae</strong></span> <span class='ocrx_word' id='word_1_514' title='bbox 449 4299 594 4379; x_wconf 89' lang='lat' dir='ltr'><strong>principio</strong></span> <span class='ocrx_word' id='word_1_515' title='bbox 618 4307 737 4376; x_wconf 89' lang='lat' dir='ltr'><strong>portam</strong></span> <span class='ocrx_word' id='word_1_516' title='bbox 760 4299 832 4360; x_wconf 90' lang='lat' dir='ltr'><strong>mihi</strong></span> <span class='ocrx_word' id='word_1_517' title='bbox 856 4301 984 4379; x_wconf 87' lang='lat' dir='ltr'><strong>aperuit.</strong></span> 
     </span>
    </p>

    <p class='ocr_par' dir='ltr' id='par_1_8' title="bbox 265 4387 1535 4472">
     <span class='ocr_line' id='line_1_49' title="bbox 265 4387 1535 4472; baseline 0.003 -23"><span class='ocrx_word' id='word_1_518' title='bbox 265 4389 406 4468; x_wconf 84' lang='lat' dir='ltr'><strong>Apparet</strong></span> <span class='ocrx_word' id='word_1_519' title='bbox 429 4389 548 4466; x_wconf 90' lang='lat' dir='ltr'><strong>quidem</strong></span> <span class='ocrx_word' id='word_1_520' title='bbox 579 4407 615 4448; x_wconf 82' lang='lat' dir='ltr'><strong>ex</strong></span> <span class='ocrx_word' id='word_1_521' title='bbox 639 4387 692 4448; x_wconf 94' lang='lat' dir='ltr'><strong>illo</strong></span> <span class='ocrx_word' id='word_1_522' title='bbox 717 4388 822 4449; x_wconf 90' lang='lat' dir='ltr'><strong>statim</strong></span> <span class='ocrx_word' id='word_1_523' title='bbox 853 4389 998 4468; x_wconf 89' lang='lat' dir='ltr'><strong>principio</strong></span> <span class='ocrx_word' id='word_1_524' title='bbox 1023 4390 1155 4451; x_wconf 87' lang='lat' dir='ltr'><strong>auctoris</strong></span> <span class='ocrx_word' id='word_1_525' title='bbox 1183 4391 1239 4452; x_wconf 86' lang='lat' dir='ltr'><strong>hac</strong></span> <span class='ocrx_word' id='word_1_526' title='bbox 1263 4391 1292 4451; x_wconf 92' lang='lat' dir='ltr'><strong>in</strong></span> <span class='ocrx_word' id='word_1_527' title='bbox 1317 4410 1348 4452; x_wconf 89' lang='lat' dir='ltr'><strong>re</strong></span> <span class='ocrx_word' id='word_1_528' title='bbox 1377 4392 1535 4472; x_wconf 86' lang='lat' dir='ltr'><strong>multiplex</strong></span> 
     </span>
    </p>
   </div>
   <div class='ocr_carea' id='block_1_6' title="bbox 175 4475 1534 4917">
    <p class='ocr_par' dir='ltr' id='par_1_9' title="bbox 175 4475 1534 4917">
     <span class='ocr_line' id='line_1_50' title="bbox 178 4475 1534 4563; baseline 0.006 -29"><span class='ocrx_word' id='word_1_529' title='bbox 178 4475 305 4536; x_wconf 90' lang='lat' dir='ltr'><strong>eruditio</strong></span> <span class='ocrx_word' id='word_1_530' title='bbox 338 4487 371 4538; x_wconf 94' lang='lat' dir='ltr'><strong>et</strong></span> <span class='ocrx_word' id='word_1_531' title='bbox 400 4486 555 4537; x_wconf 86' lang='lat' dir='ltr'><strong>auctorum</strong></span> <span class='ocrx_word' id='word_1_532' title='bbox 588 4485 723 4538; x_wconf 89' lang='lat' dir='ltr'><strong>veterum</strong></span> <span class='ocrx_word' id='word_1_533' title='bbox 752 4477 893 4556; x_wconf 85' lang='lat' dir='ltr'><strong>cognitio.</strong></span> <span class='ocrx_word' id='word_1_534' title='bbox 942 4476 1096 4539; x_wconf 87' lang='lat' dir='ltr'><strong>Ciceronis</strong></span> <span class='ocrx_word' id='word_1_535' title='bbox 1130 4478 1247 4557; x_wconf 90' lang='lat' dir='ltr'><strong>quidem</strong></span> <span class='ocrx_word' id='word_1_536' title='bbox 1281 4480 1364 4541; x_wconf 90' lang='lat' dir='ltr'><strong>locos</strong></span> <span class='ocrx_word' id='word_1_537' title='bbox 1397 4481 1425 4541; x_wconf 92' lang='lat' dir='ltr'><strong>in</strong></span> <span class='ocrx_word' id='word_1_538' title='bbox 1461 4490 1534 4563; x_wconf 90' lang='lat' dir='ltr'><strong>typo</strong></span> 
     </span>
     <span class='ocr_line' id='line_1_51' title="bbox 179 4563 1534 4645; baseline 0.003 -21"><span class='ocrx_word' id='word_1_539' title='bbox 179 4563 310 4643; x_wconf 87' lang='lat' dir='ltr'><strong>scriptos</strong></span> <span class='ocrx_word' id='word_1_540' title='bbox 334 4565 418 4639; x_wconf 87' lang='lat' dir='ltr'><strong>novi,</strong></span> <span class='ocrx_word' id='word_1_541' title='bbox 448 4584 570 4645; x_wconf 92' lang='lat' dir='ltr'><strong>quorum</strong></span> <span class='ocrx_word' id='word_1_542' title='bbox 598 4565 749 4643; x_wconf 89' lang='lat' dir='ltr'><strong>posterior</strong></span> <span class='ocrx_word' id='word_1_543' title='bbox 772 4586 787 4626; x_wconf 89' lang='lat' dir='ltr'><strong>e</strong></span> <span class='ocrx_word' id='word_1_544' title='bbox 808 4567 930 4628; x_wconf 87' lang='lat' dir='ltr'><strong>Timaeo</strong></span> <span class='ocrx_word' id='word_1_545' title='bbox 954 4567 1092 4627; x_wconf 91' lang='lat' dir='ltr'><strong>Platonis</strong></span> <span class='ocrx_word' id='word_1_546' title='bbox 1121 4568 1276 4631; x_wconf 89' lang='lat' dir='ltr'><strong>desumtus</strong></span> <span class='ocrx_word' id='word_1_547' title='bbox 1300 4577 1356 4630; x_wconf 90' lang='lat' dir='ltr'><strong>est.</strong></span> <span class='ocrx_word' id='word_1_548' title='bbox 1405 4567 1534 4641; x_wconf 86' lang='lat' dir='ltr'><strong>Quinam</strong></span> 
     </span>
     <span class='ocr_line' id='line_1_52' title="bbox 175 4653 1533 4738; baseline 0.007 -27"><span class='ocrx_word' id='word_1_549' title='bbox 175 4669 247 4713; x_wconf 85' lang='lat' dir='ltr'><strong>vero</strong></span> <span class='ocrx_word' id='word_1_550' title='bbox 272 4672 309 4714; x_wconf 83' lang='lat' dir='ltr'><strong>ex</strong></span> <span class='ocrx_word' id='word_1_551' title='bbox 334 4654 487 4715; x_wconf 85' lang='lat' dir='ltr'><strong>veteribus</strong></span> <span class='ocrx_word' id='word_1_552' title='bbox 511 4653 640 4715; x_wconf 90' lang='lat' dir='ltr'><strong>hominis</strong></span> <span class='ocrx_word' id='word_1_553' title='bbox 663 4663 811 4717; x_wconf 88' lang='lat' dir='ltr'><strong>staturam</strong></span> <span class='ocrx_word' id='word_1_554' title='bbox 841 4655 1046 4735; x_wconf 88' lang='lat' dir='ltr'><strong>composuerit</strong></span> <span class='ocrx_word' id='word_1_555' title='bbox 1069 4675 1106 4714; x_wconf 91' lang='lat' dir='ltr'><strong>ex</strong></span> <span class='ocrx_word' id='word_1_556' title='bbox 1130 4657 1209 4717; x_wconf 90' lang='lat' dir='ltr'><strong>notis</strong></span> <span class='ocrx_word' id='word_1_557' title='bbox 1239 4676 1378 4718; x_wconf 86' lang='lat' dir='ltr'><strong>sonorum</strong></span> <span class='ocrx_word' id='word_1_558' title='bbox 1403 4659 1533 4738; x_wconf 87' lang='lat' dir='ltr'><strong>duplici-</strong></span> 
     </span>
     <span class='ocr_line' id='line_1_53' title="bbox 177 4741 1534 4821; baseline 0.005 -19"><span class='ocrx_word' id='word_1_559' title='bbox 177 4741 243 4814; x_wconf 89' lang='lat' dir='ltr'><strong>bus,</strong></span> <span class='ocrx_word' id='word_1_560' title='bbox 267 4760 326 4802; x_wconf 90' lang='lat' dir='ltr'><strong>uou</strong></span> <span class='ocrx_word' id='word_1_561' title='bbox 349 4743 469 4804; x_wconf 90' lang='lat' dir='ltr'><strong>memini</strong></span> <span class='ocrx_word' id='word_1_562' title='bbox 493 4761 539 4803; x_wconf 92' lang='lat' dir='ltr'><strong>me</strong></span> <span class='ocrx_word' id='word_1_563' title='bbox 564 4742 689 4821; x_wconf 81' lang='lat' dir='ltr'><strong>legisse3</strong></span> <span class='ocrx_word' id='word_1_564' title='bbox 724 4745 817 4806; x_wconf 88' lang='lat' dir='ltr'><strong>vincit</strong></span> <span class='ocrx_word' id='word_1_565' title='bbox 840 4746 884 4807; x_wconf 92' lang='lat' dir='ltr'><strong>sic</strong></span> <span class='ocrx_word' id='word_1_566' title='bbox 910 4745 1037 4805; x_wconf 88' lang='lat' dir='ltr'><strong>lectione</strong></span> <span class='ocrx_word' id='word_1_567' title='bbox 1062 4744 1262 4807; x_wconf 83' lang='lat' dir='ltr'><strong>Reinhardus.</strong></span> <span class='ocrx_word' id='word_1_568' title='bbox 1312 4745 1452 4809; x_wconf 88' lang='lat' dir='ltr'><strong>Occurrit</strong></span> <span class='ocrx_word' id='word_1_569' title='bbox 1475 4748 1534 4808; x_wconf 89' lang='lat' dir='ltr'><strong>ali-</strong></span> 
     </span>
     <span class='ocr_line' id='line_1_54' title="bbox 180 4830 1534 4917; baseline 0.006 -26"><span class='ocrx_word' id='word_1_570' title='bbox 180 4830 252 4910; x_wconf 88' lang='lat' dir='ltr'><strong>quid</strong></span> <span class='ocrx_word' id='word_1_571' title='bbox 275 4849 313 4892; x_wconf 86' lang='lat' dir='ltr'><strong>ex</strong></span> <span class='ocrx_word' id='word_1_572' title='bbox 336 4831 473 4903; x_wconf 88' lang='lat' dir='ltr'><strong>Platone,</strong></span> <span class='ocrx_word' id='word_1_573' title='bbox 500 4831 558 4911; x_wconf 77' lang='lat' dir='ltr'><strong>qui,</strong></span> <span class='ocrx_word' id='word_1_574' title='bbox 591 4849 713 4894; x_wconf 86' lang='lat' dir='ltr'><strong>mensus</strong></span> <span class='ocrx_word' id='word_1_575' title='bbox 737 4833 899 4896; x_wconf 89' lang='lat' dir='ltr'><strong>intervalia</strong></span> <span class='ocrx_word' id='word_1_576' title='bbox 923 4832 1063 4907; x_wconf 90' lang='lat' dir='ltr'><strong>umbilici,</strong></span> <span class='ocrx_word' id='word_1_577' title='bbox 1093 4834 1335 4911; x_wconf 89' lang='lat' dir='ltr'><strong>praecordiorum</strong></span> <span class='ocrx_word' id='word_1_578' title='bbox 1358 4846 1391 4897; x_wconf 93' lang='lat' dir='ltr'><strong>et</strong></span> <span class='ocrx_word' id='word_1_579' title='bbox 1414 4837 1534 4917; x_wconf 85' lang='lat' dir='ltr'><strong>frontis,</strong></span> 
     </span>
    </p>
   </div>
   <div class='ocr_carea' id='block_1_7' title="bbox 0 0 1718 5542">
    <p class='ocr_par' dir='ltr' id='par_1_10' title="bbox 0 0 1718 5542">
     <span class='ocr_line' id='line_1_55' title="bbox 0 0 1718 5542; baseline 0 2"><span class='ocrx_word' id='word_1_580' title='bbox 0 0 1718 5542; x_wconf 95' lang='lat' dir='ltr'><strong> </strong></span> 
     </span>
    </p>
   </div>
  </div>
 </body>
</html>
