3428 5542
692 313 783 361 mum
798 305 897 359 Caura

113 463 235 542 quinio
261 482 347 524 snum
369 482 444 543 opus
468 485 521 528 eos
544 467 733 527 trau-ferret
779 466 886 544 Itaque
915 465 952 525 de
971 483 1072 526 eorum
1097 466 1251 528 sententia
1274 464 1376 531 Solem
1400 487 1475 533 ceu·

113 561 192 612 truur
221 551 293 612 iecit
322 552 439 614 orbium
469 553 598 615 Veneris
626 565 658 614 et
684 553 839 616 Mercurii.
893 552 957 615 Sed
984 553 1095 627 Ursus,
1128 554 1179 633 qui
1207 554 1302 618 Mart.
1328 553 1475 635 Capellae

112 640 264 718 dogmatis
287 641 429 703 notitiam
453 642 502 704 uni
525 639 692 722 Coperuicc
716 651 874 720 acceptam
898 642 971 716 iert,
1007 650 1177 704 ceterorum
1200 642 1381 706 mentionem
1405 647 1475 709 unl-

113 729 172 789 lam
197 726 281 796 iacit,
304 729 490 792 Mattianum
504 729 631 808 primum
649 739 804 792 auctorem
819 729 1011 792 existimaus:
1037 748 1147 808 magno
1161 730 1349 793 incommodo
1363 752 1475 799 caueae

112 837 196 896 suae.
243 815 396 886 Quantum
424 819 505 880 enim
533 818 658 880 fecisset
680 819 719 879 ad
743 819 890 896 speciem,
916 836 1004 897 quam
1028 817 1056 879 iu
1082 819 1254 880 auctoribus
1286 828 1318 882 et
1340 821 1475 902 antiqui·

112 914 177 967 tate
201 905 302 966 studio
325 905 486 985 quaesivit,
509 905 541 967 si.
559 907 711 968 Martiano
734 906 932 977 Macrobium,
956 907 982 968 si
996 906 1154 967 Macrobio
1169 904 1307 982 Plinium,
1331 909 1357 971 si
1375 909 1473 973 Plinio

111 993 283 1055 Vitruvium
313 995 547 1075 anteposuisset.
593 996 673 1058 Natu
699 1004 732 1056 et
760 995 807 1056 hic
840 995 869 1056 in
899 994 1110 1057 astronomicis
1136 994 1238 1056 Plinio
1267 996 1298 1058 iu
1327 1000 1474 1076 praedam

111 1082 214 1157 cessit,
239 1090 273 1144 ut
287 1081 401 1145 Plinius
416 1084 580 1145 Martiano.
628 1082 708 1154 Quin
722 1083 783 1145 imo
798 1103 834 1144 ne
851 1083 1008 1145 Vitruvius
1030 1083 1147 1163 quidem
1172 1092 1278 1146 auctor
1301 1094 1351 1147 est
1368 1097 1472 1151 astro

111 1171 291 1231 comicorum
318 1171 507 1249 dogmatum,
538 1190 614 1250 quae
638 1181 777 1234 recenset
804 1171 946 1252 inopere
975 1190 1039 1234 suo.
1087 1169 1167 1242 Quid
1196 1173 1276 1235 euiru
1305 1175 1472 1239 architecto

109 1278 177 1320 cum
200 1259 404 1321 astronomia?
449 1260 518 1322 Nou
542 1261 608 1338 agit
631 1270 834 1322 astronomum
858 1279 896 1321 er
914 1261 1050 1340 professo
1066 1259 1234 1335 Vitruvius,
1258 1263 1314 1324 sed
1328 1263 1369 1327 ad
1382 1283 1467 1327 cour-

110 1347 332 1408 meudatiouem
360 1356 391 1409 et
416 1347 636 1427 jucunditatem
665 1349 763 1426 operis
792 1347 950 1410 occasione
974 1356 1100 1427 captata
1127 1367 1194 1410 cum
1225 1349 1286 1412 alia
1309 1369 1380 1413 rara
1408 1361 1472 1415 turn

109 1435 313 1496 astronomica
336 1437 456 1498 aliunde
479 1437 577 1514 petita
600 1438 806 1515 interspergit
852 1436 1023 1498 Macrobius
1042 1455 1113 1498 vero
1136 1444 1278 1500 etvetus
1301 1440 1471 1503 adBedam

109 1525 340 1586 commentarius
365 1525 441 1585 hanc
465 1526 633 1604 opinionem
657 1525 715 1604 Ipsi
731 1525 853 1586 Platoni
877 1525 991 1599 tribuit,
1019 1536 1169 1604 utcunque
1187 1544 1255 1587 earn
1277 1545 1470 1592 successores

109 1614 173 1692 ejus
196 1613 346 1674 Platonici
370 1615 618 1692 quemadmodum
650 1614 714 1674 alia
736 1615 835 1676 multa
864 1613 1062 1692 corruperint.
1107 1613 1171 1675 Iuno
1195 1614 1274 1676 idem
1296 1615 1472 1681 Macrobius

109 1702 235 1762 eandem
258 1701 453 1762 traditionem
476 1702 515 1762 ad
540 1701 621 1780 ipsos
645 1701 817 1782 Aegyptios
841 1703 944 1774 refert,
967 1709 1000 1763 nt
1023 1700 1067 1762 ita
1088 1719 1166 1780 pene
1189 1721 1256 1764 cum
1279 1703 1346 1783 ipsa
1368 1713 1471 1768 asno-

108 1790 208 1850 nomia
239 1797 312 1855 ucta
341 1789 441 1851 fuerit.
488 1791 574 1851 Hauc
604 1790 706 1869 itaque
734 1790 879 1870 praedam
902 1789 1038 1853 Ureuse
1068 1789 1144 1851 rictu
1172 1791 1288 1865 amisit,
1323 1793 1393 1855 dum
1419 1794 1472 1857 vix

106 1856 384 1956 conspecto⁰Mart
410 1875 554 1957 Capellae
587 1879 704 1940 nomine
732 1879 761 1939 iu
787 1876 962 1960 Coperuico‚
996 1878 1027 1939 in
1050 1878 1106 1939 hoc
1130 1897 1220 1939 uuum
1253 1879 1387 1943 intentus
1410 1891 1469 1958 est,

106 1987 143 2028 ue
167 1966 285 2046 quidem
301 1964 460 2045 Copernici
484 1966 698 2028 iudicationem
721 1969 905 2045 expendens.
945 1964 1135 2038 Quaesisset
1152 1967 1231 2028 euim
1254 1969 1373 2045 saltem,
1398 1972 1467 2051 qui·
1548 2046 1552 2053 ¹

106 2075 177 2116 uam
201 2064 304 2115 essent
326 2055 371 2117 illi
394 2055 446 2117 ulii
469 2056 656 2128 Latinorum,
678 2075 751 2134 quos
776 2055 857 2117 idem
879 2074 946 2117 oum
960 2054 1114 2117 Martiano
1140 2057 1377 2138 „percalluisse“
1403 2058 1468 2122 Co·
1518 2084 1525 2093 ’

105 2144 243 2222 peruicus
267 2143 413 2215 affirmat;
439 2144 609 2221 quaesisset
624 2144 781 2222 cujusnam
805 2143 958 2205 eLatiuis
977 2143 1150 2205 auctoribus
1166 2156 1270 2206 esseut
1287 2146 1341 2208 illa
1356 2147 1467 2210 verba:

26 2261 29 2267 ·
108 2250 292 2306 ,conversas
316 2231 460 2292 absidas“
486 2252 563 2311 qnae
588 2231 772 2310 Coperuicus
797 2252 813 2292 e
841 2232 937 2293 Plinio
960 2231 1182 2310 transscripsit.

196 2320 302 2381 Placet
324 2338 395 2381 vero
420 2320 456 2381 de
482 2322 538 2382 hac
561 2321 640 2382 circa
655 2321 806 2382 Venerem
831 2328 863 2380 et
876 2320 1056 2383 Mercurium
1070 2320 1231 2400 hypothesi
1254 2317 1348 2383 verba
1362 2328 1467 2387 naus·

105 2408 248 2482 scribere,
272 2417 307 2469 ut
329 2428 405 2488 quae
423 2408 491 2486 jum
515 2408 577 2469 dixi
600 2409 765 2471 luculenter
788 2417 967 2488 appareant.
1015 2406 1161 2486 Capellae
1178 2409 1272 2470 verba
1294 2408 1378 2471 clara
1395 2420 1467 2473 snut

106 2517 144 2558 ex
166 2497 219 2559 lib.
245 2497 348 2559 v111.:
380 2497 473 2570 „Tria
496 2497 567 2559 item
590 2516 628 2558 ex
652 2496 697 2557 his
721 2516 787 2558 cum
811 2497 882 2559 Sole
905 2497 1052 2575 Lunaque
1075 2497 1177 2558 orbern
1201 2498 1312 2558 Terrae
1335 2497 1490 2575 circum,

105 2593 187 2659 cnut,
212 2585 237 2657 Q
261 2593 384 2647 vernet
406 2588 427 2662 p
450 2604 507 2646 unu
532 2584 666 2647 ambiunt
690 2585 844 2647 Terram.“
892 2584 1051 2664 Etpaucis
1074 2584 1261 2663 interjectis:
1287 2603 1377 2659 ,uam
1394 2585 1467 2649 licet

105 2683 189 2736 ortrre
213 2692 395 2753 occasusque
420 2674 611 2752 quotidianos
634 2675 810 2748 ostendant,
835 2681 936 2735 tamen
959 2692 1062 2735 eorum
1085 2672 1188 2734 circuli
1212 2675 1321 2736 Terras
1346 2674 1466 2739 ommno

105 2782 162 2824 uon
186 2763 334 2836 ambiunt,
367 2762 421 2823 sed
444 2762 527 2824 circa
548 2763 653 2824 Solem
682 2761 796 2824 laxiore
821 2761 936 2823 ambitu
966 2752 1159 2843 ciicnlautur.
1205 2762 1341 2843 Denique
1365 2762 1465 2827 urcu-

106 2852 200 2914 lorum
228 2868 350 2913 suorum
376 2858 500 2912 centron
529 2851 559 2913 iu
582 2849 654 2912 Sole
683 2852 886 2924 constituunt,
920 2851 965 2912 ita
996 2857 1031 2911 ut
1054 2868 1145 2929 snpra
1168 2851 1264 2931 ipsum
1292 2850 1466 2931 aliquando,

104 2940 183 3001 iufra
205 2940 378 3019 plerumque
405 2939 633 3018 propinquiores
657 2939 758 3000 Terris
788 2940 952 3002 ferantur.“
1000 2938 1085 3000 Infra
1107 2956 1193 3011 vero,
1211 2957 1292 3001 *curn
1318 2940 1403 3018 prius
1426 2941 1466 3003 de

105 3029 192 3090 Luna
214 3037 246 3090 et
268 3027 341 3090 Sole
364 3028 532 3107 mutuisque
559 3027 590 3089 iu
614 3046 682 3089 sese
706 3039 739 3089 et
761 3027 791 3090 iu
815 3028 911 3090 Terra
931 3027 1091 3089 affectibus
1121 3027 1250 3106 egisset,
1275 3027 1387 3091 ordinis
1411 3048 1463 3090 ra-

104 3117 186 3178 tione
210 3117 250 3178 ad
272 3136 325 3178 eos
347 3116 499 3195 pervenit,
534 3117 604 3196 „qui
627 3117 708 3179 circa
731 3114 834 3179 Solem
864 3116 1075 3196 peragratione
1098 3117 1249 3178 mundana
1271 3118 1462 3194 volvuntur,“

106 3204 131 3278 Ω
155 3208 238 3283 etp,
264 3224 388 3285 quorum
413 3204 559 3278 „circulos
574 3205 725 3286 epicyolos
741 3222 819 3280 esse,
844 3204 1057 3284 superioribus,
1082 3205 1135 3274 ait,
1159 3206 1374 3280 memorasse,“
1398 3205 1419 3268 i.
1434 3224 1463 3270 e.

107 3312 185 3368 „nou
211 3295 289 3356 iutra
312 3293 458 3355 ambitum
481 3293 631 3373 proprioru
654 3293 869 3356 rotunditatem
889 3293 1019 3354 Telluris
1042 3292 1204 3366 includere,
1228 3294 1281 3355 sed
1305 3295 1343 3356 de
1367 3294 1464 3357 latere

105 3383 217 3444 Terrae
250 3382 467 3462 quodammodo
500 3382 713 3443 circumduci.“
766 3383 799 3444 Iu
837 3400 894 3461 quo
928 3381 1061 3462 epicyclo
1095 3382 1243 3460 quomodo
1275 3392 1461 3459 moveantur,

105 3471 185 3532 inira
214 3471 244 3531 in
269 3471 389 3532 Venere
418 3470 555 3533 declarat
575 3470 622 3531 his
646 3470 762 3531 verbis:
796 3469 849 3544 „iu
873 3488 927 3530 suo
955 3469 1057 3549 posita
1080 3469 1190 3532 circulo
1214 3489 1282 3532 eum
1304 3470 1390 3532 varia
1412 3471 1463 3535 di-

103 3560 251 3621 versitate
275 3559 454 3633 circumdat,
487 3559 556 3638 quia
578 3558 740 3638 aliquando
769 3576 834 3619 eum
857 3557 1051 3631 transcurrit,
1085 3558 1246 3637 aliquando
1270 3558 1464 3639 subsequitur

104 3667 159 3709 uec
183 3647 418 3727 comprehendit,
443 3648 604 3727 aliquando
628 3648 824 3727 superfertur,
848 3665 1057 3726 nonuunquam
1073 3646 1245 3726 subjacet.“
1268 3647 1354 3709 Haec
1368 3648 1464 3711 verba

104 3746 136 3799 et
158 3736 330 3798 sententiae
354 3737 501 3815 quomodo
526 3737 686 3814 desumpta
709 3735 771 3797 siut
794 3754 831 3796 ex
855 3735 923 3797 aliis
942 3735 1009 3814 jam
1031 3734 1161 3812 patebit.

192 3825 283 3887 Plinii
307 3843 391 3886 meus
414 3824 443 3885 iu
468 3825 607 3903 ambiguo
631 3834 680 3886 est
703 3842 769 3885 cum
792 3824 949 3885 verborum
968 3822 1152 3884 obscuritate
1173 3832 1241 3884 turn
1266 3823 1463 3903 interpretum

103 3915 133 3975 iu
157 3914 213 3975 lroc
238 3913 357 3992 negotio
377 3912 568 3975 auctoritate.
618 3913 728 3975 Valido
744 3913 889 3992 probatur
911 3919 1086 3991 argumento
1111 3930 1149 3972 ex
1163 3929 1229 3990 cap.
1246 3911 1335 3975 VIII.
1352 3913 1402 3976 lib.
1417 3914 1462 3977 II.

105 4001 249 4082 Capellae
279 4010 410 4063 mentem
434 4001 530 4063 Pliuio
560 4020 617 4062 nou
649 4002 742 4064 inisse
770 4010 969 4081 perspectam.
1016 4000 1062 4060 Eo
1090 4019 1195 4080 nempe
1229 3999 1295 4062 loco
1328 4020 1395 4065 cum
1424 4022 1463 4063 ex
1479 4012 1493 4030 ⁶

102 4093 240 4170 professo
264 4091 410 4170 sphaeras
435 4089 602 4163 ordinaret,
628 4091 730 4164 „inira
753 4089 864 4165 Solem,
888 4090 994 4169 inquit,
1019 4089 1113 4150 ambit
1127 4089 1232 4168 ingene
1249 4088 1333 4152 sidus
1351 4091 1461 4171 appel·

103 4183 199 4242 latum
214 4179 378 4240 Veneris.“
422 4178 465 4240 Et
494 4179 584 4259 paulo
607 4188 680 4259 post
702 4179 890 4258 „proximum
914 4177 1027 4240 Veneri
1050 4177 1133 4240 sidus
1156 4178 1298 4240 Mercurii
1319 4180 1470 4242 inferiore

102 4268 213 4331 circulo
238 4267 364 4330 fertur.“
447 4305 456 4320 ·

191 4357 395 4419 Retiuueruut
416 4355 492 4415 haec
515 4353 608 4416 verba
632 4354 844 4429 Collimitium,
873 4354 1056 4432 Zieglerum,
1081 4354 1250 4435 Mycillum,
1279 4352 1461 4433 interpretes

101 4445 192 4509 Plinii
215 4465 276 4507 uon
298 4445 457 4518 immerito,
482 4462 539 4522 quo
564 4443 660 4506 miuus
685 4444 821 4518 iuferius,
845 4462 912 4505 cum
935 4443 965 4504 iu
981 4443 1083 4521 specie
1100 4442 1218 4505 Plinius
1232 4443 1269 4504 de
1285 4441 1406 4505 Venere
1428 4449 1463 4505 et

102 4535 251 4597 Mercurio
280 4533 375 4595 verba
401 4532 489 4606 iacit,
522 4531 551 4592 iu
574 4531 673 4594 Pliuio
703 4531 860 4612 Capellam
889 4550 1054 4611 agnoscere
1082 4531 1205 4593 vellent.
1253 4529 1331 4592 Sunt
1358 4539 1461 4593 autem

102 4624 179 4685 haec
201 4642 240 4686 ex
257 4639 324 4700 cap.
348 4620 472 4684 XVII:
507 4620 662 4694 „Primum
685 4620 777 4700 igitur
800 4621 934 4689 dicatur,
957 4639 1010 4683 cur
1032 4619 1064 4681 hi
1087 4620 1145 4681 duo
1168 4637 1317 4699 uunquam
1339 4617 1459 4697 lougius

104 4732 124 4773 a
146 4711 218 4774 Sole
242 4711 420 4783 abscedant,
444 4710 597 4789 saepaad
617 4709 719 4771 Solem
742 4708 946 4788 reciproceut?
992 4706 1165 4771 Conversus
1179 4707 1294 4769 habeut
1315 4714 1460 4786 utraeque

103 4800 227 4865 absidae
250 4808 285 4863 nt
305 4799 388 4861 iufra
409 4797 514 4863 Solem
536 4796 626 4875 sitae,
650 4807 825 4879 tantumque
848 4796 970 4863 circulis
992 4816 1096 4861 earum
1117 4797 1222 4860 subter
1244 4802 1294 4859 est
1314 4802 1459 4877 querutum

1168 5112 1176 5149 l
