3428 5542
644 311 677 361 e·
694 312 767 367 ross·
784 312 946 379 mese·
1024 330 1041 341 .
1412 311 1479 381 soa
1531 331 1534 338 ·

115 470 195 531 iuter
223 488 278 531 nos
305 471 422 532 existat
444 470 493 531 rel
519 470 676 531 levissima
700 470 842 542 offensio,
868 489 907 532 ns
934 471 1053 550 quidem
1077 491 1183 534 sexum
1208 472 1349 536 variavit.
1395 473 1480 537 Nata

116 558 187 619 mibi
211 567 261 620 est
282 559 345 620 illia
368 557 537 621 Susanna
564 558 680 620 decimo
712 559 760 619 die
787 558 963 638 priusquam
992 560 1048 622 tibi
1073 559 1199 635 Sabina,
1224 561 1338 622 oriente
1362 558 1477 639 2οης,

116 647 204 708 Luna
226 645 256 708 in
282 643 397 723 30⁰5.
436 646 596 727 Reliquum
621 647 723 708 thema
742 646 807 727 jam
831 646 920 708 facile
945 656 1114 712 construes.
1153 647 1241 720 Quod
1261 649 1340 711 diem
1356 649 1477 721 attinet,

117 735 211 797 facies
234 734 311 797 coeli
333 734 440 816 ἄλογος
463 745 530 797 erat
547 744 585 797 et
605 733 792 813 dsuppogoc,
816 755 885 797 cum
906 746 1031 816 praeter
1044 738 1225 801 Mercurium
1239 739 1338 801 nullus
1353 738 1479 818 planeta

116 826 245 887 alterum
268 825 455 904 adspiceret:
481 824 560 904 quod
574 823 678 885 boram
698 832 780 897 v'ero,
805 824 879 886 nibil
903 827 1002 904 potuit
1023 845 1090 895 esse
1116 826 1242 888 felicius.
1289 826 1351 888 Sed
1370 836 1478 889 osteu-

115 913 161 974 dit
183 912 261 975 huuc
291 932 406 994 quoque
441 913 555 973 foetum
578 912 662 973 Deus
693 921 725 973 et
750 912 869 991 eripuit.
917 913 1040 976 Mortua
1062 923 1110 975 est
1136 922 1325 994 apostemate
1350 914 1477 996 capitis:

115 1001 219 1083 (plane
244 1010 277 1064 ut
301 1004 395 1064 frater
423 1001 487 1081 ejus
511 1008 582 1062 ante
607 1003 733 1075 anuum)
767 1020 834 1062 cum
858 1000 986 1063 vixisset
1013 1003 1078 1064 dies
1104 999 1156 1066 35.
1203 1001 1314 1065 Mortis
1337 1005 1367 1065 in
1392 1002 1478 1067 coelo

114 1088 228 1160 nullum
252 1099 319 1152 erat
342 1088 474 1170 signum:
509 1109 602 1152 causa
625 1089 752 1170 pertigit
774 1109 811 1151 ex
835 1096 935 1164 utero,
965 1110 1019 1153 seu
1042 1091 1139 1171 magis
1169 1086 1209 1167 ex]
1229 1101 1330 1172 partu.
1378 1091 1478 1164 Quam

114 1179 141 1240 si
164 1178 248 1240 brevi
271 1187 359 1258 pater
382 1187 542 1258 sequatur,
575 1178 649 1239 nibil
674 1179 717 1241 illi
740 1178 910 1258 inopinanti
933 1180 1061 1242 accidet.
1108 1178 1184 1242 Cum
1207 1180 1286 1243 enim
1309 1181 1423 1259 passim
1446 1181 1476 1242 in

114 1266 250 1347 ngaria
277 1286 382 1328 cruces
411 1266 594 1346 sanguineae
627 1268 657 1328 in
682 1268 833 1329 homiuum
863 1268 1036 1347 corporibus
1068 1268 1187 1349 aliaque
1210 1269 1382 1348 hujusmodi
1405 1288 1475 1332 cru-

113 1364 185 1416 enta
208 1355 297 1434 signa
319 1356 349 1417 in
374 1355 487 1416 foribus
512 1356 665 1429 domuum,
703 1356 731 1417 in
757 1355 903 1429 scamnis,
929 1356 958 1417 iu
983 1357 1148 1436 parietibus
1172 1367 1357 1438 appareant,
1382 1358 1477 1439 (quod
1505 1382 1510 1394 ·

113 1443 294 1506 universalis
317 1444 511 1525 pestilentiae
536 1443 655 1522 signum
679 1453 809 1522 arguunt
832 1443 1005 1519 historiae),
1033 1446 1146 1526 primus
1171 1466 1227 1527 ego
1252 1447 1281 1516 in
1305 1446 1362 1508 hac
1392 1447 1475 1521 urbe,

113 1533 193 1610 quod
216 1532 329 1608 sciam,
363 1531 544 1596 cruciculam
572 1532 602 1592 in
634 1531 757 1593 sinistro
786 1533 863 1612 pede
892 1535 1084 1613 conspicatus
1110 1553 1191 1612 sum,
1224 1534 1309 1613 cujus
1333 1534 1416 1597 color
1438 1552 1476 1597 ex

112 1665 278 1745 sanguineo
301 1665 414 1728 dilutus
437 1632 467 1729 in
493 1665 619 1734 luteum.
655 1650 750 1729 forma
778 1676 810 1728 et
834 1666 988 1747 quantitas
1011 1667 1099 1729 haec.
1152 1633 1243 1778 ᾧ
1311 1667 1412 1729 Locus
1444 1668 1476 1731 iu

112 1800 200 1878 pede,
225 1818 282 1878 qua
307 1798 427 1860 dorsum
451 1798 540 1878 pedis
564 1798 603 1860 ad
626 1799 726 1861 volam
751 1819 873 1880 vergere
898 1799 1017 1880 incipit,
1043 1798 1141 1861 medio
1165 1794 1265 1878 spatio
1288 1798 1367 1861 iuter
1390 1796 1474 1861 radi·

112 1907 163 1950 ces
188 1888 280 1948 tibiae
305 1897 336 1949 et
358 1887 529 1966 digitorum.
576 1884 776 1961 Crediderim,
812 1908 870 1949 nou
899 1889 959 1950 alio
989 1887 1054 1948 loco
1081 1887 1172 1949 fixum
1201 1905 1268 1947 esse
1297 1885 1417 1948 clavum
1444 1886 1501 1951 iu,

111 1977 187 2056 pede
212 1974 336 2037 Christi.
384 1973 514 2045 Quidam
547 1983 699 2054 guttarum
734 1978 966 2056 sanguinearum
999 1976 1116 2055 species
1150 1975 1315 2036 ostendunt
1343 1975 1371 2036 in
1404 1976 1475 2037 vols

110 2082 231 2139 manus,
265 2072 300 2125 ut
327 2063 425 2125 audio.
471 2063 551 2126 Nam
578 2062 626 2124 bic
655 2064 752 2126 adhuc
776 2065 850 2127 nihil
874 2065 985 2140 simile,
1017 2071 1228 2144 praeterquam
1251 2062 1281 2124 in
1306 2081 1364 2124 me.
1412 2063 1474 2126 Sed

111 2152 181 2214 vola
205 2150 326 2214 Christo
350 2159 383 2212 et
406 2152 472 2232 ipsa
495 2146 641 2214 transfixa
671 2160 728 2213 est.
776 2152 891 2215 Verum
919 2163 954 2215 ut
981 2153 1101 2216 redeam
1131 2173 1150 2212 a
1178 2160 1275 2213 morte
1305 2150 1345 2212 ad
1370 2151 1474 2223 sitam.
1517 2192 1520 2198 -

10 2314 12 2321 Ι
111 2239 166 2303 Sol
190 2250 222 2302 et
244 2241 335 2302 Luna
357 2239 522 2302 Sabinnlae
547 2248 617 2301 tuae
641 2240 832 2302 stabulantes
851 2242 881 2302 iu
897 2230 1084 2309 duodecima,
1108 2240 1195 2302 Luna
1217 2239 1383 2314 combusta,
1409 2240 1474 2303 dis·

111 2330 212 2391 soluta
244 2329 322 2390 coeli
354 2329 462 2402 facies,
500 2329 583 2390 solus
607 2331 628 2403 b
650 2329 678 2389 in
702 2320 783 2406 Ut,
817 2337 849 2389 et
877 2337 961 2390 ortus
984 2331 1013 2391 in
1037 2321 1217 2407 Ulougob,
1253 2328 1393 2389 videntur
1416 2329 1472 2392 tibi

112 2436 228 2498 quoque
252 2417 331 2479 idem
354 2417 463 2490 dicere,
499 2417 576 2496 quod
600 2415 673 2477 mihi
696 2418 816 2479 accidit.
864 2415 898 2478 Si
921 2425 947 2487 d
969 2436 1024 2497 per
1047 2412 1098 2491 24,
1112 2413 1154 2479 30
1165 2420 1206 2490 Π,
1231 2413 1296 2482 ΒΘ
1319 2417 1471 2479 transiens

111 2505 185 2568 nibil
209 2504 344 2578 nocebit,
369 2504 518 2567 Saturnus
543 2514 643 2567 tamen
668 2525 747 2567 euno
776 2501 869 2580 1604,
886 2500 984 2581 1605,
1014 2525 1081 2567 cum
1105 2514 1137 2566 et
1159 2504 1339 2566 directiones
1363 2524 1471 2568 acces-

110 2595 216 2668 serint,
240 2594 322 2657 vitae
345 2594 510 2673 periculum
534 2595 649 2655 afferet.

198 2683 256 2745 Hic
280 2681 361 2763 apud
383 2701 438 2743 uos
462 2682 636 2764 dysenteria
659 2680 804 2761 plurimos
827 2681 957 2743 omnium
981 2689 1125 2755 aetatum,
1150 2681 1202 2741 sed
1222 2681 1316 2742 multo
1339 2680 1470 2745 maxime

110 2771 242 2833 infantes
271 2770 411 2834 absumit.
457 2769 572 2850 Aprilis
602 2769 680 2831 euim
709 2769 893 2833 siccissimus
918 2778 1039 2832 etcum
1063 2777 1149 2831 aestu
1173 2770 1369 2831 fundamenta
1393 2769 1471 2849 jecit
1537 2838 1545 2845 ,

110 2859 223 2921 aestati
247 2860 393 2931 torridae,
417 2878 492 2938 quae
516 2857 652 2937 frugibus
676 2860 801 2920 multum
824 2859 938 2921 nocuit.
988 2857 1082 2921 Stant
1104 2858 1153 2920 hic
1178 2857 1317 2934 arbores,
1345 2859 1473 2921 summis

109 2948 212 3009 aridae
238 2947 402 3019 frondibus,
425 2947 549 3026 perinde
575 2967 611 3009 ac
635 2954 800 3027 presterem
824 2967 952 3028 passae:
982 2948 1117 3008 sednon
1144 2956 1249 3008 aestus
1271 2946 1342 3008 ibas
1365 2947 1469 3009 deror·

109 3037 206 3098 mavit
228 3036 415 3104 immediate,
448 3036 502 3097 sed
529 3035 616 3117 copia
639 3035 793 3097 vermium.
840 3035 875 3098 Si
904 3037 1009 3098 eadem
1042 3045 1113 3098 suut
1140 3054 1234 3116 penes
1258 3054 1330 3106 vos,
1368 3045 1469 3103 metuo

109 3134 180 3188 tuae
202 3125 313 3188 filiolae
336 3126 393 3186 bac
417 3131 536 3185 aestate
559 3124 667 3206 adhuc,
692 3144 729 3186 ne
753 3125 863 3187 similia
885 3126 1030 3205 patiatur.

181 3265 354 3323 Cslsmitstes,
373 3279 436 3330 quss
455 3265 569 3325 diximus,
589 3266 715 3328 publicas,
740 3266 827 3330 quibus
847 3265 891 3314 riri
914 3266 1041 3331 ingenium
1058 3263 1160 3314 liberum
1184 3264 1218 3314 sd
1234 3264 1301 3315 haue
1318 3266 1469 3329 superstitio·

108 3352 166 3387 nem
184 3342 336 3401 pertractum
355 3342 407 3392 est,
425 3350 500 3400 quam
518 3336 669 3398 praemissae
687 3343 815 3402 testantur
830 3337 931 3391 literae,
955 3341 1082 3385 exorturus
1100 3335 1226 3400 significat
1244 3336 1349 3399 epistola
1365 3335 1469 3399 Keplssi

108 3411 218 3472 superior
244 3406 314 3472 (pag.
334 3404 416 3468 299),
445 3421 537 3471 sasque
552 3410 606 3470 jam
624 3414 722 3457 exortas
749 3408 860 3458 referunt
882 3406 970 3456 literas
996 3407 1029 3456 sd
1047 3405 1209 3455 Maestlinum
1228 3413 1254 3456 et
1270 3406 1427 3456 liemarum
1446 3422 1468 3458 c.

107 3479 183 3530 linem
202 3480 260 3528 anni
282 3476 350 3527 1598
368 3479 444 3528 datae
471 3476 569 3541 (compr
589 3495 612 3542 p.
633 3476 667 3527 99
686 3485 712 3528 et
731 3475 784 3539 99).
823 3478 895 3538 Quae
919 3479 946 3526 iu
970 3477 1008 3527 his
1027 3477 1085 3539 ipsis
1104 3476 1181 3525 literis
1209 3474 1264 3537 (29.
1284 3478 1349 3542 Aug.
1370 3475 1416 3539 99)
1443 3486 1471 3528 et

108 3553 137 3599 iis
156 3565 221 3615 quas
243 3551 290 3599 has
308 3551 457 3599 subsecutae
481 3556 548 3607 sunt,
571 3549 679 3612 pluribus
708 3550 739 3599 de
766 3550 873 3599 turbatis
899 3549 972 3598 rebus
991 3547 1111 3610 Styrisels
1139 3561 1216 3612 seger
1241 3548 1317 3599 animi
1335 3547 1469 3598 Maestlisso

108 3623 228 3679 unumst,
260 3619 435 3684 Mssstliuique
470 3635 614 3684 responsum
648 3634 732 3683 parum
761 3620 843 3669 solatii
871 3619 1005 3682 praebens,
1041 3618 1158 3682 leguntur
1190 3631 1266 3681 supra
1298 3632 1322 3681 p.
1352 3616 1381 3666 51
1416 3633 1468 3684 sqq.

111 3691 206 3752 Quibus
224 3693 344 3754 inspectis
363 3705 437 3740 uerno
455 3692 518 3740 torte
539 3691 676 3750 mirabitur,
697 3699 833 3754 temporum
851 3691 942 3752 injuris
959 3695 1075 3739 rexatm
1088 3690 1273 3752 cruciatumque
1291 3689 1368 3738 virum
1386 3690 1470 3741 auimo

107 3764 184 3814 tuisse
203 3762 350 3815 conturbato
369 3768 395 3812 et
413 3763 517 3819 incerto,
537 3768 565 3811 et
583 3762 616 3811 ad
634 3763 821 3825 superstitiones
841 3762 968 3811 transiisse
986 3773 1067 3823 pseue
1087 3759 1173 3809 aniles.
1210 3742 1248 3809 So
1266 3759 1319 3823 ipso
1332 3773 1389 3809 rere
1407 3767 1469 3811 tem·

107 3849 179 3897 pore,
207 3840 356 3896 recuperata
373 3833 471 3896 propria
488 3840 594 3887 natms,
621 3834 796 3896 circumspexit
812 3832 938 3888 subsidia,
962 3832 1051 3896 quibus
1069 3832 1114 3881 sibi
1133 3832 1232 3895 suisque
1251 3832 1342 3881 rictum
1360 3839 1471 3895 parent,

108 3919 187 3969 esque
206 3905 317 3968 arripuit,
336 3918 400 3968 quae
419 3904 465 3966 ipsi
482 3910 580 3967 promta
598 3910 686 3961 arante
706 3918 762 3954 cum
775 3903 893 3967 Tycbone
912 3904 966 3968 egit
985 3903 1016 3952 ds
1028 3903 1135 3951 trnsitu
1147 3901 1173 3951 iri
1187 3901 1340 3962 Bobemism,
1359 3903 1469 3953 interim·

106 3991 162 4040 que,
182 3975 240 4026 dum
257 3976 304 4025 boc
322 3976 450 4040 negotium
468 3976 493 4024 iu
512 3989 629 4038 suspenso
648 3974 786 4036 haerebat,
812 3974 993 4026 concinnandis
1012 3973 1185 4023 nadntatibus
1202 3974 1351 4025 mediocrem
1370 3976 1471 4039 conqui-

106 4047 179 4097 rebst
197 4048 335 4110 pecuniam.
372 4046 441 4095 luter
459 4045 557 4108 Styriae
585 4045 679 4095 nobiles
705 4047 837 4110 praecipue
862 4046 963 4096 larebat
979 4044 1089 4108 Keplsro
1107 4044 1170 4094 liber
1194 4045 1253 4095 baro
1279 4044 1310 4095 de
1327 4044 1469 4096 lietber-

106 4120 214 4176 stsin,
234 4132 334 4181 praeses
353 4123 464 4166 statuum
483 4115 595 4178 styriae,
616 4118 657 4180 qui
676 4131 732 4165 cunr
751 4117 796 4166 sibi
814 4119 860 4180 ipsi
879 4123 932 4167 tum
950 4116 1006 4168 aliis
1024 4115 1144 4166 nobilibus
1162 4118 1261 4179 saepius
1279 4118 1382 4179 expetiit
1399 4115 1469 4182 Kep·

86 4189 153 4239 1leri
171 4188 348 4253 astrologicum
364 4187 499 4251 judicium,
529 4187 578 4237 hae
595 4188 657 4236 torte
677 4189 753 4237 etiam
771 4194 864 4248 mente,
883 4196 921 4244 ut,
939 4188 1082 4237 labantibus
1099 4188 1172 4237 rebus
1191 4185 1311 4250 Styriscis
1329 4193 1355 4236 et
1373 4189 1471 4239 aerario

105 4260 205 4323 publico
224 4260 346 4324 augustiis
363 4273 464 4322 presso,
492 4258 628 4321 Keplerum
647 4258 801 4311 sublevaret.
830 4273 936 4322 parcens
956 4258 1070 4322 dignitati
1088 4259 1132 4307 riri
1156 4272 1229 4322 quem
1248 4258 1333 4322 magni
1350 4258 1470 4309 iaciebat.

106 4331 167 4396 Egit
184 4345 240 4381 curn
261 4330 371 4394 Keplero
388 4331 522 4393 interprete
540 4344 599 4378 usus
625 4328 776 4380 Colomsuno
795 4329 987 4392 Zebentmajsro
1006 4329 1151 4387 secretario,
1179 4331 1251 4391 cuijus
1269 4329 1353 4378 literas
1372 4328 1471 4381 exbibet

106 4397 510 4465 Hsnscbiusp.12bss.sunis
533 4395 708 4448 1598-1600
727 4399 809 4450 datas.
846 4400 884 4449 Ex
901 4400 939 4448 bis
956 4398 1021 4450 baec
1044 4405 1141 4450 tautum
1161 4401 1338 4462 excerpsimus:
1369 4399 1469 4459 „Gens-

106 4488 146 4523 ses
164 4480 222 4523 mss
242 4485 395 4535 summopere
414 4471 576 4522 commendat
595 4471 737 4520 Generosos
763 4468 841 4531 (idem
857 4470 899 4520 ille
917 4467 1106 4532 Eerbersteiu),
1130 4476 1156 4521 st
1180 4470 1310 4534 aliquoties
1329 4470 1470 4529 affirmarit.

106 4552 132 4594 te
150 4558 204 4594 rem
222 4558 271 4594 acu
289 4543 401 4608 tetigisse
419 4543 445 4592 iu
465 4542 513 4591 illis
528 4542 645 4604 judiciis,
671 4542 735 4605 qu'se
754 4540 883 4592 Nobilibus
905 4544 931 4590 in
950 4544 1051 4592 Austris
1069 4542 1209 4605 conscripta
1226 4549 1292 4591 suut.
1328 4541 1408 4591 Jusslt
1424 4541 1470 4593 tibi

107 4614 255 4680 significari,
284 4612 314 4663 ist
331 4612 478 4663 dilationem
496 4613 701 4662 remunerationis
720 4613 846 4676 patienter
863 4614 927 4663 terre
945 4612 1019 4668 selis,
1045 4613 1201 4677 usquedum
1221 4612 1413 4662 illeGrsecium
1430 4626 1469 4663 ss·

104 4700 205 4751 gressum
231 4686 312 4735 luerit.
350 4683 414 4733 Tum
440 4683 576 4734 honorifice
601 4683 646 4733 tihi
674 4683 792 4742 satisfiet,
823 4689 850 4734 st
874 4684 976 4734 ulterius
1001 4689 1084 4733 tecum
1107 4691 1196 4748 agetur
1223 4683 1254 4733 de
1272 4682 1395 4733 nonnullis
1414 4682 1469 4734 aliis

106 4760 161 4818 ejus
177 4758 278 4823 generis
294 4755 430 4805 moribus.
467 4754 578 4805 Alterius
592 4754 681 4818 ludicii
701 4768 780 4805 causa
796 4755 883 4818 scripsi
901 4754 935 4807 ad
954 4754 1103 4812 Gursldum,
1121 4752 1309 4819 provincialium
1328 4751 1434 4804 Csrnise
1453 4767 1478 4807 s.

106 4828 225 4886 uorsus,
253 4834 282 4877 ut
299 4826 378 4877 instet
400 4825 432 4876 de
450 4824 598 4882 honorario,
621 4839 654 4876 ue
671 4823 781 4876 laborem
807 4833 835 4877 et
857 4839 958 4891 operam
976 4825 1066 4876 trustra
1089 4823 1262 4890 impenderis-⁸
1281 4845 1317 4858 ·-
1333 4823 1365 4877 lu
1380 4824 1469 4881 brem
