3428 5542
702 324 736 376 de
753 325 827 377 rahni
846 325 1010 392 umologlola
1042 381 1049 397 ι
1469 323 1532 391 361

178 503 248 545 nam
263 482 392 563 trigono.
440 482 530 554 Quod
545 484 608 546 fieri
632 484 715 546 nulla
728 484 846 546 ratione
860 485 982 564 poterit,
1007 484 1034 547 si
1047 485 1078 546 in
1093 485 1216 547 zodiaco
1236 485 1291 547 hos
1306 493 1448 565 aspectus
1462 503 1538 546 oon-

176 574 307 647 sideres,
333 591 391 633 uon
416 573 445 633 iu
470 576 663 652 aequatore,‘
679 573 840 654 praecipue
864 573 890 634 si
913 574 956 635 M.
982 572 1018 636 Ο.
1043 574 1071 635 in
1097 574 1206 636 circulo
1234 573 1399 636 meridiano
1422 572 1537 636 consti·
1597 593 1599 597 ’

176 661 279 723 tuas.“
326 661 472 723 Producit
494 680 568 722 saue
592 662 641 723 hic
664 662 762 724 locum
786 661 926 736 Stadios,
961 664 1010 742 qni
1034 663 1071 724 de
1095 685 1198 733 τοποις
1225 683 1278 724 seu
1302 662 1438 724 domibus
1461 662 1535 742 agit,

179 751 237 812 sed
259 759 378 812 tantum
403 750 505 825 abest,
541 759 574 812 ut
601 750 773 812 institutum
802 750 954 826 obtineat,
988 753 1197 814 Ptolemaeum
1226 751 1399 832 inaequales
1432 751 1537 812 domos

177 841 287 911 iacere,
311 846 346 900 ut
368 856 425 917 ego
448 838 549 919 potius
573 839 642 900 hinc
666 840 785 900 inverso
811 849 988 918 argumento
1012 841 1229 921 aequalitatem
1252 840 1416 915 obtineam,
1441 848 1539 901 etse·

178 928 252 991 riam
276 936 520 1005 argumentorum
545 947 637 1007 supra
659 937 799 1007 coeptam
824 928 871 990 hic
896 929 1076 991 continuem.
1123 930 1202 992 Illud
1226 927 1487 1010 praemittendum,
1513 927 1560 989 si‘

176 1017 220 1078 M.
246 1014 293 1089 C,
318 1023 351 1077 nt
376 1015 428 1088 ait,
452 1017 483 1077 in
507 1016 617 1079 circulo
640 1016 805 1079 rueridiann
829 1018 1009 1092 constituas,
1033 1037 1091 1078 nou
1116 1018 1287 1080 habituram
1311 1019 1408 1080 locum
1422 1037 1539 1097 aequa-

180 1106 300 1168 litatem
324 1105 471 1180 domuum,
497 1113 531 1167 at
554 1105 580 1166 si
605 1105 787 1168 contrarium
812 1106 876 1185 ejus
901 1106 1006 1181 facias,
1032 1106 1111 1187 quod
1126 1116 1233 1169 auctor
1247 1107 1440 1169 Ptolemaeus
1456 1106 1538 1180 fecit,

178 1194 281 1272 utique
305 1200 402 1254 totam
426 1194 493 1274 ejus
516 1194 665 1256 rationem
690 1194 743 1256 tibi
766 1195 909 1275 perverti,
935 1196 1009 1257 nihil
1032 1196 1136 1258 mirum
1161 1204 1218 1257 est.
1266 1196 1460 1257 Ptolemaeus
1483 1195 1541 1255 hoc

180 1283 247 1345 loco
271 1282 314 1343 M.
341 1279 377 1344 C.
409 1300 467 1344 nou
499 1282 529 1344 in
552 1283 720 1345 meridiano
750 1283 925 1356 constituit,
964 1285 1017 1345 sed
1046 1284 1075 1344 in
1103 1294 1214 1364 puncto
1242 1284 1358 1346 zodiaci
1391 1282 1541 1345 altissimo

180 1390 271 1450 super
295 1372 435 1443 Terram,
470 1371 606 1453 quodque
638 1373 812 1452 plerumque
845 1372 935 1434 altius
968 1380 1017 1433 est
1044 1391 1092 1434 eo⁴
1111 1373 1227 1435 zodiaci
1250 1381 1376 1452 puncto,
1406 1372 1484 1453 qnod
1507 1371 1538 1432 in

180 1461 347 1523 meridiano
372 1460 492 1534 haeret,
523 1461 633 1523 circulo
657 1461 796 1522 verticali
820 1479 873 1539 per
895 1462 996 1542 polum
1019 1461 1136 1524 zodiaci
1159 1462 1311 1524 traducto.
1358 1462 1459 1524 Probo
1482 1461 1539 1522 hoc

178 1568 216 1611 ex
245 1548 320 1628 ipsis
347 1547 459 1610 verbis.
507 1547 557 1611 Sit
588 1550 681 1630 igitur
705 1551 901 1629 aequalitatis
925 1551 1062 1613 domuum
1087 1559 1295 1631 argumentum
1329 1549 1539 1623 secundum,

178 1639 257 1719 quod
280 1638 473 1699 Ptolemaeus
496 1638 561 1711 hic,
589 1638 639 1700 ubi
668 1638 734 1718 agit
761 1638 798 1700 de
822 1638 975 1713 domibus,
1006 1659 1080 1702 voce
1113 1639 1409 1702 dodecatemorii
1439 1645 1542 1701 utatur

175 1745 329 1808 provoca
354 1726 493 1788 domus.
541 1727 654 1790 Notum
680 1736 782 1789 autem
805 1735 867 1802 est,
899 1747 957 1788 non
982 1730 1080 1791 solere
1104 1737 1298 1808 aequatorem
1323 1727 1417 1790 dividi
1441 1727 1539 1802 aliter,

177 1816 235 1878 nisi
259 1815 288 1876 in
312 1824 449 1894 tempora
472 1811 551 1890 360,
584 1816 680 1878 solum
703 1834 777 1877 vero
800 1816 955 1878 zodiacum
979 1817 1009 1878 in
1033 1817 1294 1892 dodecatemoria,
1320 1825 1351 1878 et
1375 1816 1542 1878 dodecate-

177 1905 305 1968 morinm
329 1904 358 1964 in
383 1926 490 1983 μοιρας
515 1900 567 1980 30,
593 1924 650 1966 nou
674 1927 808 1986 χρονους,
836 1914 868 1966 et
889 1906 937 1968 hio
953 1903 1069 1987 quoqne
1093 1926 1152 1968 vox
1175 1929 1267 1986 μοιρα
1287 1905 1425 1969 occurrit.
1465 1902 1542 1967 Cum

179 2012 252 2073 ergo
275 1994 469 2055 Ptolemaeus
493 2015 705 2073 praeoperante
729 1994 777 2055 hic
802 1995 937 2074 appellet
960 1996 1250 2069 dodecatemorium,
1281 1995 1418 2075 appellat
1447 1993 1539 2074 igitur

177 2092 297 2164 partem
320 2082 435 2144 zodiaci
458 2105 682 2162 μεσουρανημα,
708 2092 740 2144 et
763 2083 803 2157 id,
829 2083 882 2153 ait,
907 2084 1042 2164 aspicere
1067 2086 1214 2165 quadrato
1238 2085 1368 2156 nuciam,
1394 2089 1543 2163 quaeest

179 2173 262 2235 circa
284 2173 492 2251 horoscopum.
531 2172 625 2252 Atqui
650 2173 749 2243 uncia,
773 2191 850 2253 qnae
873 2174 955 2235 circa
978 2175 1173 2248 meridianum
1194 2181 1251 2248 est,
1277 2172 1450 2252 5partibns
1470 2179 1541 2232 ante

180 2267 213 2323 et
235 2258 276 2324 25
301 2266 385 2340 post,
419 2279 477 2320 non
501 2262 672 2340 frequenter
702 2261 810 2340 aspicit
838 2261 1088 2342 horoscopantem
1103 2263 1271 2342 quadrato.
1318 2260 1400 2341 Ergo
1424 2259 1541 2322 zodiaci
1584 2337 1588 2344 ¹

179 2369 263 2431 pars,
290 2368 366 2430 quae
390 2348 437 2410 hie
452 2350 627 2411 Ptolemaeo
652 2349 762 2411 dicitur
775 2372 978 2429 μεσουρανειι,
1001 2352 1123 2431 saepius
1147 2351 1204 2412 erit
1229 2359 1317 2412 extra
1332 2348 1539 2411 meridianum.

179 2438 345 2501 Tertium
369 2445 596 2518 argumentum:
631 2439 767 2518 aspicere
792 2458 824 2499 se
850 2439 988 2501 dicuntur
1010 2441 1081 2502 illae
1106 2440 1207 2502 circuli
1232 2448 1352 2518 partes,
1383 2456 1460 2517 qnae
1484 2436 1542 2497 ha·

182 2528 257 2590 bant
279 2527 334 2589 sub
359 2547 391 2588 se
416 2536 572 2589 currentes
595 2527 736 2607 planetas
761 2528 960 2606 aspicientes:
996 2537 1137 2608 aspectus
1161 2529 1239 2591 enim
1262 2547 1322 2589 non
1346 2534 1395 2588 est
1417 2535 1543 2606 propter

180 2619 278 2680 locum
299 2615 352 2677 sed
367 2624 491 2696 propter
505 2615 668 2694 planetam.
708 2618 753 2678 At
772 2617 802 2678 iu
822 2625 985 2697 aequatore
1005 2618 1078 2681 nulli
1093 2618 1243 2697 planetae,
1267 2617 1298 2678 in
1312 2615 1435 2677 zodiaco
1451 2614 1542 2695 igitur

179 2705 381 2788 quaerendum
405 2707 461 2767 hoc
484 2727 706 2786 peuovpurqpa,
731 2705 878 2785 quadrato
903 2706 1054 2786 aspiciens
1077 2706 1284 2785 horoscopum,
1310 2714 1341 2766 et
1357 2704 1400 2765 sic
1419 2713 1453 2766 ut
1471 2704 1539 2783 p'lu·

178 2796 284 2858 rimum
315 2800 403 2855 extra
431 2794 637 2856 meridianum.
686 2792 866 2864 Quartum
899 2795 1060 2857 coincidit:
1099 2796 1164 2875 agit
1192 2795 1232 2856 ibi
1260 2793 1317 2857 loci
1344 2793 1540 2854 Ptolemaeus

178 2885 217 2946 de
242 2883 315 2944 locis
340 2882 497 2961 aphetiois.
545 2882 687 2963 Aphetae
712 2903 784 2944 vero
808 2902 865 2944 uon
890 2892 960 2946 sunt
991 2885 1020 2946 in
1046 2892 1222 2964 aequatura,
1253 2901 1325 2962 ergo
1352 2882 1380 2943 in
1405 2881 1541 2942 zodiaco.

178 2972 261 3045 Quid
285 2973 363 3033 enim
382 2973 472 3051 juvat
495 2971 638 3051 aphetam
662 2979 692 3033 et
718 2972 917 3052 horoscopum
939 2974 970 3034 in
994 2974 1120 3035 zodiaco
1143 2973 1342 3045 constitutos,
1375 2969 1401 3030 si
1425 2990 1542 3051 aequa-

178 3062 256 3125 toris
279 3059 378 3140 portio
403 3060 640 3139 correspondens
669 3061 916 3141 correspondeuti
941 3063 1065 3124 orientis
1088 3061 1218 3141 portioni
1248 3060 1443 3140 aequatoriae
1467 3077 1542 3131 con-

145 3149 346 3231 ·liguratur?
391 3149 460 3210 Non
485 3168 559 3209 sane
583 3150 695 3229 magis,
730 3168 818 3229 quam
843 3151 869 3212 si
894 3151 1022 3231 alicujus
1047 3152 1228 3230 tropicarum
1253 3158 1305 3212 aut
1327 3149 1542 3228 parallelorum
1656 3200 1658 3206 ,

179 3237 452 3319 correspondentes
475 3238 629 3317 portiones
654 3239 858 3318 configuratos
882 3239 1050 3301 exhiberes.
1098 3238 1254 3310 Quinto:
1288 3238 1382 3299 verba
1403 3237 1459 3298 illa
1488 3237 1545 3311 („a

180 3329 311 3410 quinque
334 3326 472 3407 partibus
495 3327 861 3406 praeascendentibns“),
894 3347 970 3408 quae
995 3328 1090 3407 rigide
1115 3326 1241 3390 Stadios
1266 3335 1299 3389 et
1322 3325 1482 3389 Cardenus
1507 3324 1545 3384 ad

180 3423 376 3497 aequatorem
399 3415 536 3488 trahunt,
572 3417 639 3477 sola
661 3434 720 3477 vox
744 3415 977 3496 dchapnparov
998 3416 1121 3478 zodiaco
1145 3417 1290 3478 vindicat.
1337 3414 1418 3476 Nam
1441 3420 1543 3476 astro-

181 3506 262 3569 nomi
287 3503 399 3567 Graeci
432 3504 609 3565 de·zodiaci
631 3505 769 3585 partibus
801 3515 948 3584 usurpant
978 3506 1185 3567 ascensionem
1220 3505 1359 3584 ejusqne'
1376 3520 1546 3564 mensuram

179 3596 210 3658 in
235 3602 399 3673 acquatnre
423 3593 628 3668 constituunt,
654 3594 684 3654 id
709 3593 937 3673 multomagis,
963 3595 1003 3669 si,
1028 3594 1143 3666 uthis,
1165 3595 1333 3675 jungantur
1355 3613 1446 3669 μοιρα
1469 3589 1544 3652 ἀνα-

181 3701 349 3763 φερομυη;
374 3690 445 3743 tnnc
469 3682 552 3743 nulla
575 3682 693 3744 ratione
718 3691 853 3761 tempora
877 3683 1055 3763 aequatoria
1069 3691 1196 3761 possunt
1219 3679 1357 3759 intelligi.
1405 3679 1540 3741 Sexto:

181 3771 411 3835 distinctissime
445 3770 576 3849 loquitur
608 3773 646 3833 de
680 3768 722 3834 30
746 3770 794 3832 his
816 3772 955 3851 partibus
979 3772 1143 3851 (μοιραις),
1179 3768 1373 3849 configurantis
1397 3763 1545 3849 quadrato

182 3865 273 3943 (puta
297 3859 400 3921 itidem
425 3855 468 3922 30
490 3861 638 3938 μοιραις),
671 3880 747 3941 quae
772 3868 843 3922 snut
865 3861 947 3923 illins
971 3862 1089 3934 domus,
1126 3880 1202 3941 quae
1226 3858 1360 3920 Medium
1385 3856 1472 3919 Coeli
1496 3855 1544 3917 di-

182 3951 271 4014 citnr.
318 3949 388 4010 Jam
407 3967 478 4011 vern
501 3949 639 4028 partibus
664 3949 782 4010 zodiaci
806 3950 970 4012 orientibus
994 3957 1134 4029 tempora
1156 3947 1329 4029 aequatoris
1349 3945 1547 4009 culminantia

181 4058 241 4103 non
266 4040 431 4117 figurantur
455 4036 623 4117 quadratis.
671 4035 751 4100 Sunt
774 4038 865 4119 igitur
895 4040 987 4101 etiam
1017 4040 1097 4101 circa
1129 4060 1165 4100 aa
1192 4058 1407 4116 nuncuparetur
1430 4033 1546 4097 intelli-

182 4129 302 4209 gendae
326 4136 431 4206 partes
455 4125 588 4200 zodiaci,
621 4135 652 4188 et
676 4128 721 4188 sic
745 4136 834 4189 extra
856 4128 1065 4191 meridianum.
1113 4127 1306 4209 Septimo:
1340 4144 1408 4186 cum
1431 4132 1546 4186 certum

183 4218 234 4293 sit,
260 4217 329 4278 loca
353 4214 493 4294 aphetica
518 4215 638 4276 esseio
663 4215 803 4289 zodiaco,
836 4217 904 4278 vide
929 4237 1006 4279 nuno
1030 4217 1091 4279 ista
1112 4217 1222 4278 verba:
1260 4213 1292 4278 ἐν
1315 4235 1376 4284 τοις
1398 4212 1548 4276 direxerit·

180 4329 248 4370 nour
270 4328 323 4367 τον
345 4325 610 4383 μεσονρανηματος
634 4326 745 4376 sonore.
794 4307 868 4368 Tale
893 4315 942 4368 est
964 4307 1094 4369 medium
1119 4307 1203 4379 coeli,
1229 4324 1248 4366 a
1268 4324 1325 4384 qun
1340 4302 1457 4364 zodiaci
1472 4319 1544 4381 por-

181 4396 281 4458 tiones
304 4393 443 4473 utrinqne
467 4392 630 4468 declinant,
657 4402 689 4455 at
713 4415 731 4455 a
755 4403 867 4474 puncto
890 4395 1016 4470 zodiaci,
1042 4397 1122 4476 quod
1146 4396 1173 4457 iu
1198 4393 1367 4455 meridiano
1392 4389 1545 4463 culminat,

180 4504 241 4546 non
264 4502 339 4563 pure
371 4482 505 4543 declinat
534 4481 680 4543 alteruter
708 4503 850 4559 arcuum,
886 4484 939 4547 sed
974 4504 1011 4545 ex
1034 4493 1122 4563 parte
1151 4502 1263 4563 magna
1287 4481 1378 4542 etiam
1403 4477 1545 4550 acclinat,

181 4580 327 4654 quantum
350 4589 394 4632 sc.
429 4578 477 4632 est
508 4589 527 4631 a
559 4580 670 4651 puncto
702 4573 813 4651 gradus
844 4573 1032 4653 nonagesimi
1062 4574 1100 4634 ad
1124 4571 1331 4635 meridianum.
1379 4566 1545 4631 Octavo:

180 4661 305 4742 trigoni,
328 4658 479 4738 hexagoni
503 4668 535 4720 et
558 4661 710 4740 tetragoni
743 4662 872 4724 hicnon
896 4670 1025 4742 possunt
1048 4661 1176 4741 intelligi
1200 4661 1237 4721 de
1261 4666 1441 4738 aequatura,
1477 4654 1548 4735 qnia

181 4769 285 4814 eornm
313 4750 366 4812 alii
395 4748 535 4810 dicuntur
564 4767 632 4810 esse
656 4752 831 4830 longarum,
866 4752 918 4813 alii
941 4751 1077 4813 brevium
1108 4748 1328 4812 ascensionum.
1375 4746 1420 4807 At
1442 4761 1547 4806 omnes

181 4838 358 4922 aequatoris
380 4836 491 4920 trigoni
514 4845 586 4900 suut
609 4840 779 4922 aequalium
803 4841 1024 4905 ascensionum.
1070 4840 1193 4905 Nono:
1219 4836 1292 4900 alibi
1312 4833 1468 4896 consentit
1489 4831 1547 4894 sibi
