3428 5542
247 314 317 406 alt
796 334 1060 403 nuscanum·

247 499 454 584 hypotheseos
478 520 497 560 a
519 505 585 560 tam
607 496 764 577 praeclaro
789 514 880 576 opere
904 496 1033 559 lectores
1058 495 1312 563 absterrerentur,
1337 493 1399 555 ista
1422 492 1508 572 quasi
1531 492 1613 554 leni-

247 595 350 652 menta
383 588 466 668 operi
495 584 702 666 Coperuicauo
735 585 931 664 praemittere
959 585 1120 646 voluisse·
1149 581 1334 663 Ooperuions
1366 583 1486 663 quidem
1515 582 1614 642 stoica

247 674 401 756 rigiditate
425 676 598 738 obfirmatus
623 672 713 735 animi
738 693 830 735 sensa
852 674 979 736 candide
1003 674 1061 735 sibi
1085 673 1255 752 profitenda
1279 672 1411 753 putavit,
1437 670 1529 731 etiam
1544 689 1612 731 enm

248 761 405 847 dispendio
429 765 516 845 hujus
540 762 697 825 scientiae.
745 760 909 837 Osiauder,
939 763 1027 825 utilia
1049 761 1146 841 magis
1172 761 1229 823 arti
1254 766 1393 834 secutus,
1422 759 1614 820 verissimam

250 850 409 936 Gopernici
434 862 465 915 et
488 852 598 914 seriam
623 852 805 914 sententiam
829 852 1017 933 praefatione
1041 871 1096 912 sna
1126 850 1232 912 maluit
1260 850 1421 912 occultare.
1468 847 1612 909 Valnerit

251 956 325 1007 sane
359 941 516 1005 consilium
543 942 600 1004 hoc
624 938 768 1003 Osiandri
796 960 851 1021 per
883 941 938 1002 hos
964 937 1006 1004 60
1030 959 1140 1001 annos:
1175 948 1292 1018 tempus
1320 938 1386 1017 jam
1413 937 1537 998 taudem
1565 944 1617 997 est

249 1033 328 1095 lianc
347 1031 588 1104 simulationem,
621 1038 654 1090 nt
678 1030 749 1092 mihi
786 1031 905 1110 quidem
927 1029 1062 1104 videtur,
1096 1046 1132 1089 ex
1156 1028 1283 1109 privatis
1307 1025 1450 1089 Osiandri
1475 1026 1617 1105 epistolis

249 1121 319 1184 dete
342 1139 401 1182 ere.

320 1140 417 1275 gllam
440 1226 506 1270 cum
530 1204 715 1287 Copernicus
749 1224 826 1267 anno
853 1202 951 1269 1540.
977 1203 1044 1268 Cal.
1068 1203 1130 1266 Jul.
1160 1205 1198 1265 ad
1222 1203 1404 1266 Osiandrnm
1428 1202 1616 1284 scripsisset,

248 1290 296 1361 sio
319 1296 365 1360 illi
392 1298 472 1360 inter
498 1303 602 1358 cetera
629 1296 792 1376 respondet
815 1293 966 1356 Osiander
994 1290 1188 1356 annotatt.
1213 1291 1265 1356 20.
1289 1295 1382 1373 Apa:
1416 1293 1484 1365 „De
1515 1291 1617 1373 hypo-

249 1385 386 1450 thesibus
410 1404 467 1466 ego
492 1387 536 1447 sic
559 1385 640 1446 sensi
665 1404 794 1465 semper,
820 1403 877 1445 non
903 1403 970 1444 esse
995 1384 1138 1445 articulos
1153 1383 1230 1455 iidei,
1256 1382 1309 1443 sed
1329 1383 1524 1443 fundamenta
1546 1381 1616 1441 cal-

249 1475 317 1549 odli
343 1475 389 1537 ita
411 1485 459 1548 ut,
491 1473 609 1536 etiamsi
634 1474 731 1535 falsae
755 1473 829 1545 sint,
858 1473 945 1534 modo
969 1481 1101 1534 motuum
1126 1493 1285 1550 querquera
1308 1478 1413 1532 exacte
1441 1469 1625 1545 exhibeant,¹

253 1562 327 1626 nihil
350 1564 480 1638 reserat3
505 1563 571 1645 qnia
595 1562 673 1623 enim
697 1581 752 1623 nos
776 1562 917 1623 certiores
942 1561 1056 1635 reddet,
1083 1580 1120 1621 an
1138 1559 1218 1622 Solis
1242 1560 1409 1639 inaequalis
1433 1568 1534 1622 motus
1556 1574 1617 1619 no-

252 1650 332 1716 rnine
363 1653 489 1736 epicycli
521 1671 560 1712 an
583 1650 701 1713 nomine
726 1650 962 1711 eccentricitatis
987 1650 1157 1726 contingat,
1189 1648 1214 1709 si
1238 1649 1405 1711 Ptolemaei
1428 1647 1619 1730 hypotheses

253 1738 430 1823 sequamur,
448 1760 514 1802 cnm
538 1739 567 1801 id
591 1739 689 1820 possit
712 1747 879 1819 utrumque.
928 1737 1030 1809 Quare
1053 1737 1216 1817 plausibile
1240 1739 1303 1799 fore
1322 1738 1483 1813 videretur,
1509 1739 1535 1800 si
1559 1739 1618 1801 hae

253 1829 291 1893 de
315 1849 347 1892 re
371 1831 401 1893 in
424 1829 613 1909 praefatione
637 1828 771 1889 nonnihil
786 1828 964 1907 attingeres.
1013 1825 1064 1888 Sic
1080 1827 1157 1888 enim
1173 1826 1354 1907 placidiores
1374 1829 1517 1889 redderes
1530 1829 1618 1909 peri-

252 1919 426 2002 patheticos
459 1926 490 1980 et
518 1917 691 1996 theologos,
727 1936 801 1996 quos
826 1917 1065 1978 contradicturos
1089 1914 1232 1978 metuis.'‘
1282 1916 1331 1978 Ad
1359 1916 1520 1978 Rheticnm
1543 1936 1618 1979 vero

252 2007 357 2073 eodem
373 2007 421 2070 die
436 2007 480 2069 sic
495 2006 600 2068 scribit
615 2005 782 2068 Osiauder:
807 2006 1046 2086 „Peripathetioi
1078 2013 1110 2066 et
1134 2005 1267 2083 theologi
1293 2005 1381 2066 facile
1404 2005 1618 2086 planabuntur,

252 2097 279 2160 sl
302 2096 469 2170 audierint,
505 2096 639 2175 ejusdem
669 2095 843 2175 apparentis
867 2105 965 2157 motus
989 2094 1090 2155 varias
1117 2114 1185 2155 esse
1216 2113 1305 2174 posse
1329 2095 1528 2176 hypotheses,
1561 2114 1620 2156 nec

255 2205 308 2249 eae
339 2185 439 2248 afferri
464 2185 541 2265 qnod
567 2191 649 2245 certo
672 2185 717 2245 ita
740 2185 817 2257 sint,
843 2183 896 2244 sed
925 2185 1002 2263 quod
1026 2183 1173 2245 calculum
1198 2182 1372 2262 apparentis
1402 2192 1434 2244 et
1458 2183 1619 2264 compositi

253 2283 354 2338 motus
377 2293 466 2355 quarn
491 2272 731 2335 commodissime
755 2273 911 2353 gubernet,
936 2273 1053 2334 etheri
1076 2291 1175 2352 posse,
1201 2280 1235 2334 ut
1249 2272 1325 2334 alins
1341 2273 1406 2353 quis
1421 2273 1498 2334 alias
1517 2273 1618 2355 hypo-

253 2363 358 2428 theses
382 2363 551 2443 excogitet;
575 2369 606 2424 et
630 2362 776 2441 imagines
800 2362 849 2425 hic
873 2370 971 2442 aptas,
995 2362 1045 2424 ille
1070 2361 1219 2441 aptiores,
1245 2362 1370 2422 eandem
1396 2370 1495 2423 tamen
1516 2369 1618 2424 motus

254 2452 466 2535 apparentiam
495 2460 672 2526 causantes,
705 2471 831 2513 ecesse
861 2450 1016 2530 unicuique
1048 2451 1187 2525 liberum,
1221 2449 1279 2511 imo
1303 2450 1555 2530 gratificaturum,
1590 2452 1617 2512 si

254 2541 472 2606 commodiores
501 2539 670 2620 excogitet3
702 2540 745 2601 ita
769 2561 788 2601 a
810 2540 980 2602 vindicandi
1006 2541 1170 2602 severitate
1200 2540 1238 2600 ad
1263 2540 1434 2618 exquirendi
1458 2540 1618 2602 illecebras

252 2630 374 2694 avocati
408 2649 443 2690 ao
466 2629 622 2709 provocati
646 2629 771 2709 primum
795 2629 967 2710 aequiores,
1009 2637 1072 2691 tum
1099 2630 1212 2691 frustra
1235 2635 1413 2710 quaerentes
1437 2628 1563 2708 pedibus
1588 2630 1618 2690 in

253 2720 385 2783 auctoris
409 2718 591 2781 sententiam
615 2717 734 2780 ibunt.‘'
779 2718 836 2780 His
864 2718 997 2781 auctoris
1021 2719 1130 2793 verbis,
1156 2727 1364 2798 praeteream
1389 2738 1477 2798 qnam
1501 2718 1563 2780 dixi
1586 2718 1618 2779 in

251 2809 441 2890 praelatione
465 2814 639 2886 usurpatam
664 2807 884 2868 simulationem
912 2807 1075 2869 manifesta
1105 2826 1222 2887 quoque
1253 2815 1380 2887 apparet
1409 2808 1619 2886 aequivocatio

251 2898 337 2959 rosis
370 2896 557 2978 hypothesis.
605 2894 705 2974 Supra
727 2915 854 2976 namque
879 2897 1008 2969 dictum,
1034 2896 1183 2975 quasdam
1207 2915 1275 2956 esse
1300 2898 1384 2976 qnasi
1409 2897 1513 2957 minuti
1539 2896 1620 2958 aeris

252 2986 452 3069 hypotheses,
478 2985 528 3045 uix
557 2984 665 3063 dignas
688 2985 745 3045 hoc
778 2985 909 3057 nomine,
946 2985 1092 3065 quasdam
1122 2986 1225 3063 justas
1249 2992 1280 3045 et
1302 3004 1372 3046 vere
1396 2985 1619 3046 astronomicas

252 3074 448 3158 hypotheses.
494 3073 538 3136 Ut
562 3091 628 3133 cnur
652 3073 681 3133 in
706 3073 842 3152 exemplo
866 3071 1009 3135 Osiandri
1034 3075 1267 3136 determinamus
1291 3081 1322 3135 et
1336 3073 1528 3135 enunciamus
1542 3092 1618 3154 por·

251 3163 364 3225 tionem
387 3162 490 3223 circuli
513 3161 684 3240 planetarii,
710 3182 786 3243 qnae
811 3162 853 3223 sit
875 3163 903 3223 in
933 3183 990 3223 nuo
1015 3163 1130 3224 zodiaci
1155 3163 1356 3236 semicirculo,
1381 3162 1472 3242 digna
1496 3164 1617 3225 nomine

252 3251 429 3336 hypothesis
453 3258 515 3318 est,
545 3270 599 3311 uec
623 3250 734 3312 variari
768 3259 821 3311 ant
844 3252 962 3312 omnino
992 3253 1071 3312 ialsa
1094 3272 1161 3312 esse
1190 3260 1303 3332 potest.
1352 3253 1396 3313 Ar
1419 3271 1485 3313 curn
1510 3253 1617 3315 calen-

252 3342 313 3404 lnm
347 3359 492 3402 ascensus
525 3347 556 3401 et
580 3339 743 3401 descensus
775 3339 917 3418 planetae
952 3341 980 3401 in
1011 3341 1073 3402 illis
1103 3341 1311 3420 inaequalibus
1340 3341 1527 3420 portionibus
1560 3361 1617 3402 ex-

250 3429 409 3503 struimus,
440 3447 531 3506 saepe
560 3427 590 3489 id
613 3429 699 3490 varia
729 3429 825 3489 forma
846 3437 948 3509 potest
979 3431 1094 3510 perfici,
1124 3440 1155 3491 et
1183 3431 1366 3513 hypotheses
1392 3430 1510 3510 quidem
1540 3431 1619 3491 alias

251 3519 290 3583 ad
314 3518 501 3581 efficiendam
526 3517 654 3596 priorem
683 3518 766 3579 illam
790 3526 822 3578 et
845 3519 1077 3580 astronomicam
1093 3520 1273 3600 hypothesin
1292 3537 1499 3599 comparamus
1523 3518 1618 3592 (alius

250 3609 349 3690 posito
374 3616 478 3669 centro
503 3607 603 3668 circuli
629 3606 790 3686 planetarii
819 3626 911 3686 snpra
935 3615 1068 3668 centrum
1092 3609 1203 3682 mundi,
1229 3608 1305 3668 alins
1330 3608 1463 3690 epicyclo
1488 3609 1516 3669 in
1540 3628 1617 3670 cou-

249 3698 414 3761 centricum
438 3698 585 3770 inserto),
611 3696 663 3756 sed
684 3716 760 3775 quae
785 3715 842 3756 non
868 3697 951 3775 ipsae
973 3715 1027 3776 per
1051 3715 1119 3757 sese
1143 3698 1378 3770 astronomicae,
1412 3716 1513 3759 verum
1536 3716 1614 3775 geo·

250 3786 395 3849 metricae
419 3787 521 3864 potius
546 3784 728 3866 hypotheses
753 3795 833 3846 sunt.
881 3787 930 3846 lta
955 3786 980 3846 si
1005 3787 1070 3865 quis
1091 3794 1279 3847 astronomus
1296 3786 1387 3860 dicat,
1413 3786 1492 3847 viam
1508 3788 1614 3848 Lunae

250 3874 369 3936 ovaiem
393 3875 560 3952 exprimere
586 3874 721 3947 formam,
747 3874 924 3954 hypothesis
949 3884 996 3936 est
1011 3875 1229 3947 astronomica;
1254 3875 1480 3948 sumostendit,
1506 3875 1615 3954 quibus

250 3962 371 4024 circulis
399 3963 567 4041 hujusmodi
600 3964 697 4023 oralis
727 3963 823 4041 figura
846 3963 949 4024 confici
976 3964 1087 4043 possit,
1123 3964 1340 4045 hypothesibus
1371 3965 1464 4025 utitur
1487 3982 1613 4043 geome-

250 4051 345 4113 tricis.
391 4050 650 4125 EtPtolemaens,
676 4070 741 4112 cnm
766 4051 880 4113 diceret
903 4053 1092 4130 planetarum
1108 4062 1205 4114 motus
1230 4053 1259 4113 iu
1275 4072 1411 4133 apogaeo
1436 4053 1612 4126 lentescere,

251 4139 446 4221 inperigaeo
475 4141 655 4212 accelerari,
689 4141 870 4220 hypothesin
902 4142 976 4202 fecit
998 4143 1246 4211 astronomicam,
1281 4161 1347 4204 cum
1372 4161 1442 4202 vero
1470 4152 1614 4221 punctum

249 4227 446 4310 aequalitatis
476 4228 652 4303 introducit,
688 4229 716 4290 id
741 4240 774 4290 ut
796 4238 951 4309 geometra
981 4231 1068 4301 facit,
1103 4231 1210 4292 calculi
1236 4251 1348 4304 cansa,
1383 4241 1416 4290 nt
1444 4231 1522 4291 ratio
1548 4232 1614 4295 iniri

248 4319 361 4398 possit,
396 4325 539 4397 qnantum
575 4320 723 4379 lentescat
756 4318 805 4379 ille
836 4320 977 4398 planetae
1010 4328 1109 4380 motus
1139 4321 1245 4398 quovis
1278 4329 1428 4381 momento
1458 4322 1613 4399 temporis.

248 4404 335 4469 flauo
367 4407 579 4488 hypothesium
609 4407 817 4468 diversitatem
851 4427 937 4467 nemo
967 4408 1177 4469 consideratus
1212 4420 1259 4469 est
1292 4409 1341 4490 qni
1375 4428 1432 4470 non
1468 4418 1616 4488 agnoscat

251 4495 445 4575 manibusque
470 4497 584 4575 palpet.
631 4496 676 4557 Aa
700 4514 770 4556 vero
796 4495 948 4558 Osiander
972 4495 1171 4576 Cupernicnm
1197 4499 1244 4558 rel
1268 4498 1368 4577 potins
1393 4499 1458 4577 ejus
1484 4499 1614 4560 lectores

250 4583 497 4663 aequivocatione
530 4585 699 4645 ludificatus
723 4592 785 4658 est,
821 4606 873 4658 ea,
908 4605 983 4665 quae
1018 4587 1047 4648 in
1078 4587 1270 4666 geometricis
1299 4587 1517 4667 hypothesibus
1541 4606 1614 4650 rera

250 4682 329 4746 sunt,
355 4673 392 4731 ad
418 4675 636 4733 astronomicas
660 4673 856 4745 transferens,
882 4694 948 4735 eum
973 4675 1180 4736 diversissima
1204 4675 1245 4737 sit
1268 4685 1460 4755 utrarumque
1486 4677 1574 4738 ratio.

340 4756 476 4833 Summa,
513 4761 572 4821 tria
596 4769 666 4823 snut
689 4761 718 4820 in
740 4762 941 4823 astronomia:
977 4764 1159 4845 hypotheses
1183 4766 1397 4844 geometricae,
1428 4764 1614 4844 hypotheses

252 4847 470 4910 astronomicas
496 4859 527 4910 et
550 4847 608 4930 ipsi
633 4859 816 4930 apparentes
840 4850 995 4913 stellarum
1019 4862 1134 4926 motns3
1158 4860 1319 4936 propterea
1341 4860 1372 4916 et
1386 4854 1445 4916 duo
1468 4852 1612 4917 distincta
