3428 5542
695 347 781 391 333133
800 339 897 393 urm.
1413 340 1475 410 241

206 496 286 569 Quid
309 496 416 576 igitur,
444 517 483 560 an
507 516 565 560 non
596 498 788 562 alterutram(
803 499 1013 582 hypothesium
1037 500 1119 562 circa
1140 500 1268 580 primum
1292 512 1405 565 motum
1428 505 1479 580 (ut

117 587 253 665 exemplo
277 587 447 665 loquamur)
472 587 582 649 salsam
606 607 674 649 3333
698 607 822 651 3333333
847 598 904 662 331,
931 597 984 650 331
1006 608 1084 661 eam,
1109 608 1185 671 quas
1201 591 1325 653 Terram
1349 592 1394 655 ait
1409 612 1477 656 mo·-

118 676 180 737 reri
203 675 284 737 intra
306 675 438 744 coelum,
467 684 520 737 331
543 695 619 751 eam,
645 697 722 758 quae
745 678 860 739 coslum
883 679 949 740 vult
976 678 1078 760 gyrari
1102 677 1182 742 'circa
1205 681 1348 743 Terram?
1394 679 1477 744 Sauo
1558 724 1564 753 2

116 766 143 826 si
166 763 403 825 contradictoria
425 764 512 826 simul
536 783 608 827 vera
631 775 781 847 nequeunt
798 786 874 840 esse,
900 785 994 849 neque
1010 767 1085 830 haec
1101 768 1157 830 duo
1173 768 1261 831 simul
1279 788 1353 831 vera
1374 778 1477 845 ernnt;

116 853 173 915 sed
195 853 323 915 alterum
348 853 466 914 omnino
501 854 619 916 falsum.
666 854 712 916 At
740 863 865 935 utroque
896 855 983 917 modo
1012 857 1091 918 idem
1120 857 1157 918 de
1187 858 1282 936 primo
1313 867 1396 920 motu
1420 860 1475 921 de·

116 948 310 1004 monstratur.
356 940 491 1002 Eaedem
519 950 682 1024 sequnntur
713 944 864 1023 signorum
895 945 1093 1019 emersiones,
1120 946 1211 1007 iidem
1235 947 1310 1022 dies,
1336 956 1420 1009 ortus
1444 956 1478 1008 st

116 1051 242 1093 occasus
267 1030 437 1104 stellarum,
473 1031 596 1093 eaedem
620 1033 783 1112 qualitates
814 1033 955 1095 noctium.
1007 1033 1056 1094 Ex
1085 1035 1163 1096 13133
1193 1035 1284 1115 igitur
1317 1055 1411 1116 aeque
1441 1055 1476 1098 ac

116 1141 154 1182 ex
177 1138 248 1180 vero
271 1138 373 1181 vemm
397 1120 551 1200 sequitur?
597 1120 719 1182 Minime
744 1122 888 1201 gentium.
934 1123 1002 1184 Non
1019 1122 1095 1183 eninr
1116 1124 1200 1198 haec,
1225 1143 1301 1204 quae
1326 1125 1477 1189 recensita
1501 1180 1504 1187 .

115 1217 186 1270 3331
217 1216 249 1270 31
281 1208 361 1269 mille
386 1209 460 1281 alia,
489 1210 537 1270 vel
560 1218 684 1289 propter
706 1211 817 1272 Terrae
850 1211 899 1273 vel
930 1221 1054 1291 propter
1078 1213 1155 1274 coeli
1184 1222 1298 1275 motum
1322 1214 1474 1288 eveniunt,

115 1308 263 1378 33313333
288 1296 313 1357 13
338 1297 450 1359 Terrae
473 1297 522 1359 vel
546 1299 622 1359 coeli
641 1306 739 1360 motus
764 1307 830 1361 est:
861 1301 914 1360 sed
938 1309 1086 1380 quatenus
1116 1301 1278 1365 intercedit
1300 1302 1379 1389 inter
1402 1320 1476 1365 coe-

117 1388 175 1447 lurn
200 1395 232 1448 et
254 1387 379 1446 Terram
404 1387 505 1466 aliqua
528 1387 682 1466 separatio
706 1407 796 1467 super
820 1396 917 1450 tractu
942 1389 1082 1468 quodam,
1109 1389 1158 1470 qui
1178 1390 1310 1470 legitime
1335 1391 1477 1454 adriam

115 1472 197 1538 Solis
221 1476 262 1537 sit
290 1475 434 1544 inflexus,
467 1484 651 1556 utrocunque
679 1477 744 1555 jam
769 1495 892 1555 corpore
922 1477 975 1538 illa
1001 1479 1154 1556 separatio
1183 1480 1364 1559 perficiatur.
1411 1480 1476 1542 De-

115 1571 321 1626 monstrantur
343 1563 434 1643 igitur
458 1575 529 1625 ante
554 1565 636 1626 diota
658 1584 713 1645 per
737 1566 812 1627 duas
836 1565 1034 1647 hypotheses,
1063 1576 1210 1649 quatenns
1234 1568 1303 1630 illae
1328 1578 1398 1631 sunt
1421 1568 1477 1631 snb

116 1672 173 1716 nno
187 1672 307 1734 genere,
330 1671 389 1713 non
413 1660 560 1735 quatenus
583 1654 709 1715 interae
724 1655 874 1717 differunt.
923 1653 999 1718 Cum
1018 1675 1089 1736 ergo
1105 1676 1198 1718 causa
1213 1657 1477 1720 demonstrationis

115 1761 204 1805 unum
227 1742 303 1817 sint,
329 1761 421 1804 cansa
445 1741 711 1805 demonstrationis
740 1743 914 1806 etiamnon
940 1753 1027 1806 crunt
1057 1745 1301 1808 contradictoria.
1348 1745 1394 1809 Ac
1418 1745 1477 1809 etsi

114 1832 175 1895 illis
198 1832 366 1894 adhaereat
393 1831 592 1893 contradictio
615 1832 760 1913 physica,
796 1833 848 1894 illa
868 1842 969 1894 tamen
995 1835 1281 1897 demonstrationem
1305 1836 1370 1915 jam
1403 1834 1477 1897 nihil

114 1921 236 1984 attinet
284 1921 352 1982 Non
376 1919 468 2000 igitur
491 1928 523 1982 et
547 1940 585 1982 ex
607 1940 679 1983 vero
704 1931 796 1983 etex
820 1921 897 1983 falso
923 1942 1024 1983 verum
1044 1924 1128 2003 sequi
1151 1923 1207 1985 hoo
1227 1924 1346 2004 quidem
1371 1943 1475 1987 exem-

113 2012 164 2090 plo
197 2009 356 2090 probatum
385 2017 442 2070 est.
489 2007 551 2071 Sed
582 2009 680 2072 acrius
709 2011 840 2072 fortasse
864 2029 918 2071 nos
949 2012 1068 2091 urgebit
1096 2013 1286 2074 notissimum
1308 2014 1477 2094 exemplum

115 2101 152 2161 de
177 2099 366 2162 concentrico
391 2116 457 2160 cum
482 2099 630 2180 epicyclo,
664 2098 714 2179 qni
737 2099 921 2179 aequipollet
949 2101 1126 2161 eccentrico.
1174 2103 1322 2176 Annon,
1357 2101 1382 2163 si
1405 2103 1475 2183 pla-

115 2196 188 2252 neta
211 2198 265 2249 sen
288 2187 427 2267 quioquid
451 2187 482 2249 id
506 2195 555 2250 est
579 2188 657 2269 quod
680 2188 834 2268 planetam
857 2187 973 2263 incitat,
999 2199 1134 2251 centrum
1154 2190 1315 2252 eccentrici
1338 2190 1368 2250 in
1393 2198 1475 2252 motu

37 2339 41 2353 ,
115 2297 170 2340 suo
193 2276 328 2356 respicit,
353 2284 488 2339 centrum
513 2276 640 2358 epicycli
663 2277 753 2339 simul
776 2296 834 2338 uon
849 2277 1010 2356 respiciet?
1057 2276 1184 2349 Quodsi
1205 2279 1476 2360 quisastronomus

115 2368 172 2428 hoc
197 2365 361 2427 affirmabit
392 2365 472 2428 alter
495 2366 586 2440 illud,
624 2367 733 2428 falsum
756 2366 794 2427 ab
818 2367 963 2428 ulterutro
988 2365 1046 2428 dici
1070 2386 1167 2428 nonne
1188 2387 1312 2429 necesse
1328 2374 1384 2441 est,
1410 2385 1478 2430 cum

115 2468 217 2517 tamen
248 2455 328 2516 idem
358 2462 483 2535 uterque
515 2455 716 2529 demonstret,
758 2454 875 2534 aequali
908 2455 1025 2516 scilicet
1053 2465 1193 2518 manente
1223 2457 1365 2536 planetae
1393 2464 1477 2518 motu

114 2564 230 2607 moram
260 2552 362 2604 tamen
392 2543 456 2624 ejus
489 2543 519 2605 in
548 2542 821 2605 unosemicirculo
855 2542 1017 2623 longiorem
1047 2544 1130 2606 fieri?
1183 2544 1232 2606 Ex
1264 2545 1341 2605 13133
1374 2544 1477 2625 113333

116 2652 212 2714 33333
235 2652 271 2694 33
295 2651 332 2693 ex
355 2651 427 2693 vero
450 2650 555 2694 verum
578 2651 677 2694 nonne
700 2632 744 2694 sic
764 2632 918 2711 sequitur?
963 2632 1086 2694 Minime
1101 2632 1250 2713 gentium:
1276 2633 1381 2695 eadem
1397 2633 1475 2694 enim

115 2723 283 2804 respondeo
321 2740 397 2801 quae
420 2739 521 2800 snpra.
577 2721 612 2782 ld
641 2740 698 2800 quo
722 2721 889 2791 conficitur,
920 2740 1019 2783 moras
1053 2721 1083 2782 in
1112 2723 1256 2784 alterutro
1290 2721 1475 2785 semicirculo
1541 2784 1553 2797 ,

117 2812 267 2892 longiores
291 2811 370 2885 fieri,
396 2809 435 2873 ab
460 2818 584 2891 utroque
609 2809 732 2886 dicitur,
767 2819 798 2871 et
821 2810 860 2871 ab
884 2829 919 2872 eo
950 2810 999 2890 qni
1023 2811 1221 2873 eccentricum
1243 2810 1346 2890 ponit,
1381 2811 1474 2872 3131)

115 2920 151 2963 eo
176 2901 225 2981 qui
249 2899 470 2961 concentriounr
502 2919 569 2961 cum
593 2899 736 2980 epicyclo.
782 2900 862 2961 Naro
887 2909 1011 2979 uterque
1036 2900 1176 2979 generale
1200 2900 1256 2962 hoo
1281 2901 1381 2974 affert,
1407 2919 1474 2962 ma-

113 2993 209 3070 jorem
232 2988 337 3051 circuli
366 2988 529 3069 planetarii
558 2989 726 3069 portionem
750 3008 818 3050 esse
847 2988 875 3050 iu
901 2989 952 3050 illo
980 2988 1176 3051 semicirculo.
1222 2990 1288 3051 lloc
1316 2988 1475 3069 genuinum

115 3077 382 3141 demonstrationis
409 3085 442 3139 et
465 3085 663 3158 coaequatum
687 3078 816 3140 medium
839 3097 904 3139 oum
929 3077 1001 3139 insit
1029 3078 1060 3139 in
1085 3087 1210 3159 utraque
1235 3077 1395 3161 hypothesi
1417 3095 1474 3157 ge-

115 3167 268 3244 neraliter,
293 3167 368 3229 nihil
386 3166 452 3246 jam
476 3167 761 3230 demonstrationem
787 3168 967 3243 attiuobunt,
987 3185 1063 3249 quae
1087 3176 1211 3248 uterque
1227 3167 1300 3229 dicit
1318 3167 1346 3228 in
1362 3167 1473 3246 specie,

115 3258 180 3319 sive
204 3264 317 3336 pugnet
339 3256 394 3319 1113
426 3256 491 3316 sive
515 3276 585 3318 non.
631 3257 737 3336 Neque
762 3276 835 3318 sane
858 3257 990 3335 planetis
1010 3256 1112 3317 oculos
1136 3265 1167 3318 et
1190 3257 1355 3318 discursum
1379 3255 1473 3317 intel-

118 3349 214 3409 lectus
238 3347 399 3407 humanum
423 3344 591 3419 tribuimus,
616 3353 650 3407 nt
673 3345 731 3406 sibi
756 3346 865 3407 circino
890 3346 938 3406 vel
962 3346 1017 3406 hoc
1040 3346 1088 3406 vel
1104 3345 1333 3424 illndpunctum
1348 3345 1480 3424 signent,

116 3437 250 3516 haecque
281 3454 357 3517 quae
386 3434 448 3495 dixi
480 3434 627 3513 specialia
650 3434 696 3495 sni
728 3436 829 3514 potius
854 3444 975 3512 captus,
1012 3452 1099 3513 quarn
1124 3434 1323 3512 explicandae
1353 3441 1479 3494 naturae

115 3546 210 3587 33333
232 3525 426 3587 introducunt
450 3524 591 3585 artifices.
636 3523 705 3584 Non
731 3533 779 3583 est
803 3523 893 3603 igitur
918 3523 1010 3604 digna
1024 3523 1141 3584 nomine
1157 3522 1360 3604 hypotheseos
1376 3529 1478 3583 astro·

115 3615 251 3678 uomicae
280 3615 329 3675 vel
353 3613 429 3675 haec
458 3612 507 3674 vel
531 3612 584 3675 illa
607 3613 789 3690 suppositio,
824 3611 877 3672 sed
911 3611 941 3673 id
971 3611 1072 3693 potius
1101 3611 1179 3692 quod
1203 3611 1319 3690 utrique
1343 3629 1479 3671 commu-

116 3706 196 3766 niter
218 3704 306 3779 inest,
332 3703 402 3764 dum
424 3720 467 3762 sc.
493 3700 658 3763 assumitur
682 3708 713 3760 et
737 3702 913 3781 supponitur
938 3711 1022 3762 certa
1045 3709 1077 3761 et
1092 3701 1229 3761 dimensa
1242 3699 1341 3777 portio
1365 3697 1477 3772 circuli,
1569 3763 1572 3767 ,

117 3813 205 3875 quem
231 3794 356 3873 planeta
379 3791 526 3864 decurrit,
559 3808 635 3870 quae
660 3789 700 3850 sit
728 3789 757 3850 in
782 3809 839 3850 333
864 3789 966 3850 circuli
990 3789 1108 3849 zodiaci
1131 3789 1267 3851 semisse.
1315 3787 1399 3848 llaec
1428 3787 1477 3850 in-

116 3902 205 3965 quam
238 3881 360 3943 tandem
383 3887 432 3940 est
462 3878 639 3962 hypothesis
669 3879 768 3958 justa,
803 3897 861 3957 333
893 3877 1047 3957 longitudo
1076 3876 1348 3956 moraeplanetae
1372 3874 1402 3937 in
1426 3875 1479 3938 illo

118 3972 308 4034 semicirculo
332 3971 565 4031 demonstretur.
611 3968 719 4048 ltaque
743 3975 776 4028 nt
799 3967 989 4036 concludam,
1019 3967 1116 4027 onrnis
1141 3965 1170 4026 in
1195 3964 1381 4029 astronomia
1404 3983 1479 4027 con·

116 4061 210 4124 clusio
239 4079 298 4122 non
326 4059 384 4121 nisi
416 4057 454 4118 ab
484 4077 541 4119 uno
569 4064 602 4118 et
624 4057 729 4116 eodem
753 4056 851 4117 medio
880 4057 1032 4135 perficitur
1055 4064 1086 4114 et
1109 4055 1286 4117 uniformem
1311 4054 1481 4134 praemittit

117 4149 313 4232 hypothesin:
339 4147 397 4210 etsi
421 4147 475 4221 illa
498 4167 518 4207 a
540 4165 572 4207 se
596 4145 664 4225 ipsa
678 4144 810 4220 differat,
836 4153 983 4225 quatenus
998 4150 1085 4205 extra
1104 4145 1180 4205 hanc
1195 4143 1481 4205 demonstrationem

118 4240 337 4302 consideratur.
383 4236 431 4314 nt,
449 4234 598 4309 vicissim,
630 4234 782 4313 quaelibet
806 4234 996 4314 hypothesis,
1031 4233 1057 4293 si
1082 4243 1223 4294 accurate
1247 4232 1479 4306 cousideremns,

116 4331 268 4411 propriam
301 4346 356 4388 nec
375 4325 428 4388 3111
453 4325 505 4387 3111
528 4323 690 4406 hypothesi
714 4342 898 4384 communem
928 4324 1049 4402 penitus
1077 4322 1215 4402 producit
1247 4320 1479 4403 conclusionem.

115 4419 182 4481 Nec
206 4418 269 4480 fieri
292 4423 394 4496 potest
413 4415 441 4476 in
468 4413 667 4487 astronomia,
692 4420 726 4473 ut
750 4431 788 4473 ex
812 4415 890 4474 omni
914 4422 1000 4492 parte
1025 4431 1127 4473 verum
1151 4411 1208 4485 sit,
1239 4410 1316 4491 quod
1341 4427 1378 4470 ex
1403 4408 1482 4470 13133

116 4507 256 4588 primitus
279 4504 440 4590 hypothesi
463 4503 520 4565 fuit
542 4511 726 4563 extructum:
753 4509 782 4560 et
807 4502 931 4580 proinde
949 4501 1164 4583 hypothesibus
1188 4500 1244 4561 hoc
1259 4507 1308 4559 est
1327 4497 1481 4576 proprium

118 4597 163 4672 (si
185 4596 285 4659 ideam
308 4597 457 4675 fingamus
481 4592 629 4672 justarum
660 4589 902 4671 hypothesium),
933 4598 965 4652 ut
993 4590 1055 4652 siut
1078 4589 1266 4669 undiquaque
1291 4604 1396 4648 verae:
1416 4582 1481 4647 'nec

118 4694 169 4748 est
198 4682 380 4760 astronomi,
420 4681 566 4744 scientem
600 4679 695 4741 131333
728 4697 896 4758 supponere
933 4681 981 4742 vel
1012 4679 1168 4759 ingeniose
1207 4676 1352 4739 confictas
1381 4674 1479 4757 hypo-

117 4775 233 4846 theses,
256 4782 290 4836 ut
314 4771 415 4845 exiis
439 4780 537 4832 motus
561 4770 711 4832 coelestes
736 4769 933 4831 demonstret.

206 4864 277 4926 Jam
299 4861 372 4925 Ursi
394 4860 542 4923 absurdas
566 4857 735 4920 sententias
757 4857 913 4938 paulisper
942 4856 1156 4938 expendamus.
1203 4855 1304 4917 Primo
1327 4852 1480 4936 hypothe-

172 4969 261 5021 npus
274 4966 374 5018 333333
1234 4956 1269 5010 lt
