3428 5542
718 302 880 355 Prooemium.
954 334 960 339 ·
1436 300 1479 367 79

118 458 149 519 in
173 459 343 523 mercedem
366 467 505 538 erogetur
533 478 611 522 novo
635 461 760 536 artifici,
790 462 901 542 quiex
924 480 995 523 aere
1023 479 1097 541 opus
1131 461 1284 535 conticist3
1313 461 1480 540 cujusmodi

117 546 268 608 hominem
291 547 563 627 horologiopaeum-
579 550 636 611 hac
659 549 689 611 in
713 552 785 612 urbe
808 559 1001 629 praesentem
1023 549 1136 623 habeo,
1159 550 1245 628 cujus
1263 549 1334 613 mibi
1357 549 1481 628 placent

117 654 219 714 opera.
268 634 367 698 Globo
391 654 462 700 sero
487 637 559 717 quid
582 638 700 719 sculpto
719 657 795 718 opos
819 639 887 701 est?
932 638 1094 719 Pingatur‚
1119 646 1153 700 ut
1171 639 1241 713 ille,
1266 654 1353 719 quem
1368 637 1480 700 Mona·-
1569 629 1576 644 '

117 723 176 785 chii
200 723 280 797 vidi,
315 728 401 793 (Junio
420 747 444 784 a.
466 731 547 791 1596,
571 734 730 801 Smttgardia
747 736 859 787 Gntium
884 736 1021 799 proiectus,
1044 735 1205 787 Monacblum
1227 738 1317 787 mamit
1335 734 1480 800 Ksplsrue.)

116 813 256 891 Apiani
279 831 373 897 opus,
398 815 447 895 qui
471 815 588 894 quidem
612 818 705 879 stiam
726 818 834 881 stellae
858 818 931 879 fecit
953 817 1111 879 exemtiles
1137 826 1263 897 propter
1286 818 1480 898 praecessio·

116 919 187 962 nem
210 902 474 981 aequinoctiomm.

187 1058 262 1108 Hanc
279 1057 381 1129 {inpleri
400 1061 553 1110 sententiam
571 1061 602 1111 de
621 1062 763 1112 innovanda
780 1063 879 1127 penitus
898 1078 942 1113 seu
961 1062 1117 1114 dissolvenda
1136 1062 1253 1113 machina
1266 1064 1375 1121 coelesti,
1395 1079 1478 1129 quem.

115 1135 145 1178 ut
163 1144 177 1178 e
195 1128 323 1180 Masstlini
340 1130 434 1193 judicio
452 1144 527 1194 supra
545 1134 669 1196 proposito
688 1140 714 1182 et
732 1148 746 1183 e
764 1134 923 1198 sequentibus
940 1135 1046 1198 patebit,
1063 1133 1137 1197 plane
1156 1135 1276 1183 diversam
1297 1135 1328 1183 ab
1347 1149 1386 1190 ea,
1405 1148 1479 1201 qaam

115 1214 193 1264 supra
208 1202 313 1264 principi
330 1203 478 1265 scripserat,
504 1202 683 1252 conficiendam
702 1210 841 1264 statuerat,
866 1202 1014 1255 Maestlinus
1033 1218 1108 1270 aegre
1125 1205 1237 1262 ferebat,
1263 1207 1398 1270 anxiusque
1415 1204 1479 1256 baec

114 1273 241 1335 rescripsit
259 1272 296 1333 (d.
316 1269 358 1321 80.
373 1272 429 1323 Oct.
443 1269 481 1335 (ι.
493 1271 571 1334 Nor)
589 1271 684 1335 ibin:
708 1274 747 1325 Da
763 1290 836 1339 opere
856 1282 974 1341 argenteo
993 1276 1051 1340 quid
1068 1276 1175 1325 scribam
1192 1277 1367 1339 propemodum
1385 1278 1478 1334 ιιιιιιο.

114 1356 265 1407 quamquam
284 1344 415 1394 scribenda
432 1344 512 1393 multa
530 1345 654 1394 haberem.
692 1345 764 1406 Quas
787 1348 856 1396 initio
879 1348 1021 1397 metuebam
1044 1353 1070 1396 st
1092 1348 1184 1396 tacitus
1208 1361 1305 1397 mecum
1329 1348 1479 1413 cogitabam,

116 1413 251 1463 edisserere
271 1424 356 1464 autem
377 1429 452 1464 auam
471 1431 520 1464 nou
539 1415 583 1473 tui,
603 1430 635 1466 ea
650 1419 703 1480 jam
723 1419 846 1467 eveniunt.
884 1416 981 1475 Metui,
1001 1418 1096 1482 oblique
1116 1419 1191 1467 etiarn
1210 1418 1273 1476 diri,
1293 1420 1413 1467 immanes
1431 1433 1478 1469 nee

62 1511 64 1514 v
115 1483 257 1534 tolerabiles
275 1485 336 1536 illud
353 1482 448 1535 sumtus
467 1487 645 1549 requisiturum.
684 1487 836 1538 Dissuadere
855 1503 928 1538 ausus
946 1503 996 1538 non
1014 1488 1063 1546 ini,
1087 1503 1119 1538 ne
1138 1488 1205 1539 aliud
1223 1504 1262 1538 me
1280 1503 1399 1554 quaerere
1417 1491 1477 1539 tuis·

115 1570 163 1618 que
181 1556 313 1606 bonoribus
331 1556 389 1620 quid
407 1556 538 1606 detrahere
555 1557 617 1607 reiis
635 1558 744 1616 viderer,
767 1561 912 1623 praesertim
937 1573 993 1608 cum
1018 1574 1057 1608 res
1080 1560 1135 1622 ipsa
1158 1558 1217 1607 mihi
1237 1560 1336 1626 egregie
1354 1560 1477 1623 probetur,

116 1634 144 1676 at
160 1630 287 1677 inventum
312 1628 428 1678 videlicet
450 1629 481 1677 de
505 1627 554 1678 hac
579 1629 726 1679 admirande
749 1631 842 1679 orbium
866 1630 951 1679 mundi
976 1632 1131 1694 proportione
1152 1631 1256 1681 >mirifice
1281 1631 1340 1680 milri
1368 1630 1477 1694 placant

115 1697 189 1747 Unde
208 1713 254 1762 eqo
273 1699 304 1749 de
323 1713 383 1748 mea
400 1701 527 1749 sententia
548 1701 679 1765 requisitus
705 1703 871 1765 maximopere
895 1697 954 1762 (neo
974 1699 1107 1761 immerito)
1125 1701 1173 1751 hoc
1190 1707 1261 1751 tuum
1279 1704 1407 1751 inventum
1426 1702 1476 1753 ool·

113 1769 223 1818 laudari.
254 1769 304 1834 Sps
322 1777 406 1819 autern
425 1771 581 1830 animabar,
602 1787 661 1835 opus
679 1771 739 1821 illud
758 1772 899 1823 coniectum
917 1773 946 1822 iri
965 1781 990 1822 te
1009 1774 1061 1836 ipso
1083 1773 1194 1821 dictante
1213 1781 1239 1822 st
1256 1780 1396 1840 praesente,
1416 1774 1476 1839 quia

114 1842 199 1890 omnia
224 1842 299 1890 etiarn
325 1840 490 1890 minutissima
513 1855 530 1890 a
555 1846 581 1890 ts
607 1842 669 1891 bene
694 1844 877 1906 praemeditata
902 1857 956 1893 sese
976 1843 1055 1893 allata
1073 1848 1155 1892 certus
1174 1858 1249 1892 eram.
1287 1843 1361 1893 Nunc
1380 1850 1474 1901 autem,

114 1925 171 1960 eum
191 1911 224 1961 ad
241 1924 281 1961 me
300 1910 440 1961 desolutum
458 1912 516 1973 sit„
530 1919 556 1961 et
574 1927 620 1977 ego
638 1927 679 1962 me
696 1914 815 1977 imparem
841 1913 953 1972 uideam,
981 1922 1011 1963 ut
1033 1914 1089 1963 huic
1109 1913 1214 1963 Veneris
1239 1916 1316 1979 capiti
1338 1915 1370 1963 ab
1392 1913 1477 1979 Apelle

114 1987 202 2046 coepto
220 1983 341 2046 reliquum
359 1996 447 2046 corpus
465 1984 613 2047 appingam.
637 1984 703 2048 quod
719 1992 850 2035 venustate
869 1991 896 2034 et
914 1985 1018 2035 artificio
1037 1985 1242 2048 correspondeat.
1261 1986 1350 2035 dubius
1367 1987 1477 2049 prolecto

113 2069 185 2110 sum.
207 2055 353 2118 praesertim
376 2068 432 2104 eum
450 2054 551 2103 sruflcis
568 2069 657 2104 manus
675 2057 701 2104 in
720 2056 798 2107 stellis
816 2056 956 2119 sculpendis
974 2071 1077 2123 segnem
1095 2071 1123 2106 ss
1141 2057 1282 2119 prodiderit.
1320 2058 1420 2107 Etenim
1438 2056 1475 2107 lll.

113 2125 250 2188 principem
269 2124 389 2174 offensum
408 2125 436 2172 iri
456 2124 614 2174 vehementer
631 2133 730 2183 metuo;
754 2129 775 2176 si
794 2127 858 2175 enim
877 2129 903 2175 in
922 2129 1050 2192 spongiam
1070 2127 1159 2184 abeat,
1178 2129 1235 2191 quid
1253 2129 1375 2178 dicturum
1393 2135 1476 2192 putas,

114 2203 171 2258 post
188 2202 271 2244 tantos
287 2197 340 2257 jam
359 2195 438 2244 iactos
457 2204 551 2244 sumtus
570 2198 595 2245 in
607 2197 726 2253 inuento,
754 2205 805 2246 tam
826 2213 842 2246 a
866 2205 908 2252 te,
935 2212 1008 2262 quam
1029 2212 1044 2246 ι
1062 2212 1101 2247 me
1120 2198 1312 2262 supramodum
1330 2196 1475 2250 celebrato?

114 2265 142 2315 Si
161 2280 221 2330 opus
239 2267 403 2330 producatur,
423 2273 449 2314 et
467 2267 531 2315 sicut
549 2273 663 2331 coeptum
681 2272 735 2325 est,
755 2269 927 2325 continuetur.
946 2283 994 2318 nec
1013 2269 1132 2318 sumtibus
1152 2275 1196 2318 aut
1215 2270 1318 2321 artifieio
1337 2270 1413 2320 stiam
1432 2284 1474 2319 ex·

112 2339 250 2400 peetatiom
262 2336 420 2401 respondeat,
439 2338 616 2400 quidiuturum
627 2337 787 2401 putabimus?
816 2338 860 2391 sin
878 2340 903 2389 ln
924 2338 1032 2398 „ehaos“
1053 2339 1188 2405 redigetur.
1207 2348 1236 2390 ut
1253 2355 1342 2390 norum
1362 2347 1474 2406 exurgat,

114 2409 168 2472 quis
186 2415 282 2458 sumtus
298 2411 353 2471 jam
370 2407 450 2458 iactos
468 2407 556 2469 lereti,
570 2436 603 2446 -
629 2408 702 2459 Nunc
720 2418 805 2460 autem
823 2410 898 2466 mihi.
917 2411 975 2477 quid
994 2410 1118 2477 agendum
1136 2413 1184 2468 sit,
1203 2411 1400 2474 respondendum
1419 2419 1472 2468 sete

113 2493 172 2528 nam
192 2479 224 2529 ab
242 2478 408 2535 illustrissimo
426 2480 567 2543 nuperrime
586 2481 616 2544 ds
635 2495 750 2544 responso
769 2481 908 2530 admonitus
927 2497 989 2531 sum.
1027 2480 1150 2531 Constitui
1167 2483 1242 2547 igitur
1263 2498 1303 2533 me
1327 2483 1360 2532 ad
1377 2489 1474 2548 partem

111 2548 219 2599 Domino
234 2549 266 2600 D.
281 2549 452 2615 Eisengreinio
464 2550 611 2614 respondere
630 2551 701 2608 velle,
722 2557 749 2600 et
764 2558 843 2608 tuum,
863 2552 926 2616 quod
946 2552 1008 2602 binis
1026 2551 1103 2601 literis
1121 2552 1181 2602 mihi
1198 2555 1325 2616 scripsisti,
1345 2552 1473 2604 consillum

112 2621 254 2683 explicare.
280 2634 402 2685 eumque,
429 2620 486 2684 quid
503 2636 575 2686 porro
593 2620 734 2673 iaciendum
752 2628 840 2687 putet,
865 2636 971 2688 rogare,
997 2624 1035 2672 ita
1056 2631 1085 2672 ut
1108 2622 1228 2673 offensam
1246 2626 1361 2690 principis
1379 2624 1473 2675 avitare

111 2694 241 2754 possimus.

186 2766 241 2828 Age
259 2762 329 2813 Deus
348 2762 415 2812 adsit
432 2776 477 2812 coe
494 2764 543 2812 tis!
580 2763 652 2813 Haeo
678 2765 880 2814 festinantissime
906 2764 1018 2823 omnmo,
1046 2766 1111 2813 sieut
1132 2772 1186 2814 tute
1211 2765 1312 2815 ridebis.
1349 2765 1471 2824 meims,

111 2834 211 2884 volente
229 2833 297 2891 Deo,
316 2834 396 2898 plura.
433 2778 499 2883 ste
517 2848 574 2884 oum
592 2838 698 2900 conjuge
715 2834 863 2886 felicissime.

183 3010 224 3060 ae
241 3010 305 3061 naso
323 3011 449 3076 rasponus
462 2994 589 3076 'reprom
609 3011 632 3062 e.
655 3010 694 3062 rs.
714 3010 800 3062 maen
821 3007 889 3060 ress
907 3011 993 3076 pmcn
1012 3009 1078 3060 nunc
1096 3011 1123 3060 n
1140 3010 1257 3061 morum:

201 3135 335 3197 Transeo
359 3134 399 3195 ad
413 3134 581 3214 Penelopes
607 3135 709 3196 telam.
747 3134 790 3196 Et
809 3154 915 3196 maneo
940 3133 969 3197 in
989 3133 1121 3213 pristina
1139 3135 1300 3198 sententia.
1348 3134 1381 3197 Si
1398 3136 1470 3199 milri

111 3222 166 3284 illa
186 3242 293 3284 massa
313 3223 431 3303 argenti
456 3226 592 3298 daretur,
625 3224 704 3285 unde
728 3223 938 3285 automatariis
963 3223 1157 3303 suppeditare
1180 3242 1314 3303 possem,
1339 3226 1470 3288 instrue·

110 3330 173 3372 rem
197 3311 384 3391 horologium
408 3312 556 3387 coeleste;
584 3320 692 3391 postea
716 3321 833 3374 tantum
856 3313 951 3386 filum,
982 3313 1020 3373 ιιι
1049 3314 1307 3391 repraesentanda
1335 3332 1471 3394 corpora,

111 3401 374 3463 circumdecerem.
420 3400 514 3463 Esset
537 3410 638 3463 autem
660 3401 733 3463 illud
754 3403 831 3476 tale,
863 3410 913 3476 nt,
947 3401 973 3463 si
997 3421 1033 3463 ex
1057 3403 1126 3482 polo
1150 3402 1308 3483 eclipticas
1332 3403 1401 3483 quis
1421 3403 1470 3465 in-

111 3490 260 3569 spiceret,
278 3490 402 3567 ,videret
419 3490 561 3568 planetas
583 3491 612 3551 in
637 3492 700 3553 suis
724 3491 829 3568 signis.
1396 3526 1398 3530 ν

200 3577 288 3649 Quod
318 3587 419 3641 autem
451 3579 556 3642 literas
585 3580 632 3641 ita
653 3580 784 3660 scriptas
808 3579 868 3652 ais,
899 3586 1013 3639 utnon
1043 3579 1162 3657 possint
1185 3578 1350 3658 isengrinio
1379 3580 1469 3655 trudi,

111 3686 185 3746 age,
220 3667 350 3729 obliters
372 3663 438 3740 illa,
471 3688 547 3749 quae
570 3687 730 3748 personam
754 3669 819 3747 ejus
844 3668 993 3738 attinent,
1017 3674 1177 3746 praetextu
1201 3666 1289 3728 iacile
1308 3668 1351 3730 uti
1371 3676 1469 3746 potes.

111 3755 191 3836 Ego,
216 3758 274 3817 nisi
299 3766 350 3818 tuo
370 3758 495 3820 consilio
519 3758 562 3818 uti
587 3759 766 3830 voluissem,
790 3775 864 3817 sane
886 3756 1035 3835 adipsum
1055 3755 1244 3834 scripsissem
1262 3755 1468 3837 isengrinium.

109 3842 179 3905 Jam
213 3855 283 3926 post
314 3847 424 3907 testum
457 3847 589 3908 scribere
618 3864 676 3907 non
710 3865 842 3926 possum.
889 3845 990 3905 Nolim
1020 3853 1134 3918 tamen,
1169 3863 1264 3924 neque
1298 3845 1343 3907 his
1374 3866 1469 3926 neque

111 3935 317 4012 superioribus
341 3943 457 4010 motos,
487 3935 643 3997 abstineas
668 3936 707 3996 ab
735 3955 784 4008 eo,
818 3935 895 4014 quod
925 3933 979 3994 tibi
1003 3933 1114 3994 laetum
1137 3934 1289 4011 optimum
1311 3934 1470 3997 videbitur.

110 4023 203 4098 nam,
228 4025 278 4103 qui
302 4024 339 4085 de
362 4034 416 4086 tua
437 4024 648 4086 benevolentia
672 4025 823 4086 minimum
847 4042 904 4083 non
929 4022 1047 4093 dubito,
1071 4041 1128 4084 non
1147 4041 1270 4102 possum
1292 4043 1351 4085 non
1374 4024 1469 4087 vehe-

110 4122 228 4174 menter
250 4113 393 4193 probare,
417 4113 559 4193 quidquid
584 4114 707 4175 tandem
730 4113 887 4175 statueris.
933 4112 1038 4192 Neque
1062 4112 1170 4191 exiguo
1189 4112 1286 4191 majos
1305 4122 1365 4188 est,
1391 4114 1470 4194 quod

110 4202 147 4260 de
171 4210 203 4263 te
231 4220 336 4281 spero,
366 4220 454 4283 quam
484 4203 520 4263 de
544 4203 727 4280 isengrinio‚
760 4203 897 4283 quamvis
928 4201 1011 4262 illum
1044 4201 1116 4262 mihi
1141 4200 1244 4264 lavere
1267 4202 1357 4275 dicis,
1391 4202 1470 4283 quod

109 4298 173 4351 tote
199 4291 310 4371 optime
334 4308 425 4352 nosse
448 4291 572 4370 poteris.
1258 4298 1260 4302 '

179 4451 247 4502 Huic
257 4449 361 4514 Kepleri
374 4451 493 4515 epistolae
511 4451 675 4514 praecessisse
693 4449 789 4498 videtur
807 4448 857 4497 alia
875 4446 1006 4510 explicatio
1023 4447 1156 4498 machinae
1173 4462 1235 4499 suas
1254 4448 1377 4504 coelestis,
1394 4462 1469 4512 quam

108 4538 188 4589 neque
205 4523 232 4572 in
249 4520 396 4581 Hanscbio,
415 4537 495 4588 neque
513 4523 578 4572 inter
595 4521 764 4584 manuscripta
783 4518 969 4584 stuttgartiana
986 4518 1210 4581 deprehendimus,
1229 4533 1350 4586 quamque
1369 4525 1469 4569 secutus

108 4593 256 4645 Maestlinus
282 4591 403 4655 iudicium
430 4609 501 4643 suum
528 4606 603 4658 supra
629 4593 780 4656 propositum
805 4586 841 4650 (d.
861 4590 885 4639 d.
906 4585 948 4638 22.
968 4589 1039 4639 Febr.
1060 4586 1101 4639 98.
1128 4596 1176 4639 ret.
1202 4587 1272 4653 styli)
1298 4588 1467 4641 conformavit.

109 4664 224 4715 Ceterum
242 4664 376 4727 Ksplerus,
394 4679 457 4714 novo
476 4671 550 4729 capto
568 4665 675 4728 impetu.
695 4678 746 4713 rem
765 4661 872 4711 alacrius
890 4660 964 4724 paulo
982 4668 1039 4724 post
1056 4674 1189 4726 aggressus
1207 4669 1254 4719 est,
1273 4661 1380 4724 pluribus
1398 4676 1468 4711 men·

108 4746 158 4787 tem
175 4751 249 4787 suam
266 4735 393 4800 explicans
409 4735 487 4787 literis
506 4736 531 4786 (ι
543 4737 567 4786 d.
589 4735 630 4785 tt.
643 4736 712 4786 lunii
732 4730 810 4789 1598,
827 4746 898 4796 quas,
917 4732 1003 4797 lingua
1022 4733 1173 4784 Germanica
1188 4733 1254 4784 bunc
1272 4734 1299 4782 iu
1316 4731 1391 4783 duem
1408 4746 1468 4784 con·

107 4810 215 4874 scripta,
233 4815 263 4861 ut
279 4805 346 4873 linei
364 4807 488 4867 friderico
506 4807 546 4859 uel
563 4808 723 4875 Eisenqrerrio
742 4803 912 4861 traderentur,
930 4801 977 4855 has
993 4802 1089 4854 babes:
