3428 5542
660 328 744 383 m
762 330 876 383 uiuus.
1196 352 1199 362 ·
1382 326 1449 397 283

89 490 154 561 lege
169 488 349 558 copernioum
374 489 532 553 stridebit,
557 498 689 561 quantum
709 491 784 546 absit
798 490 966 560 copernieus
987 490 1024 544 ab
1040 488 1102 544 Ursi
1121 490 1276 547 senteutia'
1312 493 1395 548 Alter
1415 493 1448 547 de

88 569 182 638 saepis
196 569 327 639 loquitur,
343 570 417 624 ulter
430 571 464 622 de
479 569 551 624 aliia.
674 585 676 588 ·

166 648 228 702 Lib.
246 649 279 702 V.
301 664 363 718 oap.
390 648 437 703 35.
488 650 655 721 Cupernious
678 667 711 703 eo
736 650 796 703 loeo
819 647 941 702 meminit
960 647 1101 717 Apollonii
1125 654 1156 702 et
1177 651 1273 703 eadem
1296 651 1330 703 de
1353 649 1450 704 eodem

86 727 165 788 dixit,
181 743 253 796 quae
267 728 443 782 Ptolemaeus
456 729 517 782 Lib.
533 729 595 785 ΧΠ.
611 746 672 799 cap.
691 730 722 792 1,
740 731 777 782 de
792 745 845 799 quo
860 728 920 781 loeo
935 727 974 781 sio
993 728 1059 782 mihi
1077 727 1202 783 videtur:
1233 727 1363 784 monitum
1385 744 1448 785 esre

86 808 185 862 Ursum
209 809 357 879 aquodam
380 808 601 878 intelligentium,
622 826 703 881 quam
722 815 767 862 est
789 805 848 877 ipse
864 807 958 870 Ursus.
984 814 1098 863 exstare
1121 808 1226 879 aliquid
1241 808 1449 878 Tyehouiauum

85 888 114 942 iu
128 887 289 941 Ptolomaeo
304 888 356 940 sub
369 888 477 943 nomine
491 890 642 959 Apollonii.
686 889 783 943 Ursum
797 904 870 949 vero,
895 886 975 942 nimis
989 888 1016 942 iu
1032 887 1074 940 his
1088 888 1172 941 rebus
1193 888 1312 950 facilem,
1336 894 1448 941 oouteu·

85 973 144 1020 tum
158 966 200 1029 iis,
225 982 296 1037 quae
310 985 347 1020 ex
357 970 453 1021 eodem
467 968 626 1023 Ptolemeeo
642 969 809 1038 (loperuieus
823 967 919 1029 habet,
942 984 976 1019 eo
991 969 1062 1036 quod
1083 967 1136 1036 ipsi
1159 967 1280 1021 maxime
1295 969 1329 1022 ad
1344 968 1449 1021 salum·

86 1047 159 1100 uiam
174 1047 322 1101 texendam
346 1055 529 1116 opportunum
544 1056 607 1103 erat
628 1048 789 1118 praeterito,
812 1045 878 1116 quia
893 1046 1084 1101 Ptolemaeum
1099 1045 1176 1099 edire
1190 1063 1247 1099 nou
1260 1046 1372 1101 vaeavit
1384 1045 1448 1115 ipsi,
1515 1117 1520 1123 Ι

85 1125 235 1193 arripuisse
250 1126 285 1187 id,
308 1129 378 1197 quod
394 1129 477 1196 plane
492 1129 613 1183 alienum
628 1135 672 1182 est
687 1128 723 1181 ab
737 1128 790 1180 hoo
804 1126 873 1179 loeo.
919 1126 999 1180 Duae
1014 1132 1078 1181 sunt
1095 1126 1200 1178 formae
1217 1125 1348 1181 lemmatii
1361 1126 1448 1195 Apol·

84 1205 199 1267 Iuniani,
223 1206 349 1269 alterum,
374 1208 408 1259 de
430 1225 482 1278 quo
498 1209 663 1278 Copernious
678 1213 758 1262 etex
772 1223 805 1259 eo
822 1205 906 1259 Ursus
929 1205 1092 1276 loquuntur,
1117 1204 1309 1277 nihilomagis
1332 1205 1400 1259 feeit
1412 1205 1449 1258 ad

30 1277 34 1285 ¹
84 1292 203 1338 mentem
219 1284 279 1339 Ursi
303 1291 354 1339 aut
367 1286 536 1356 hypothesin
551 1287 697 1358 'lychonis¹
724 1302 805 1358 quam
827 1300 913 1354 supra
931 1284 991 1354 ipse
1008 1283 1187 1355 Cupernious.
1229 1285 1331 1341 Sensus
1354 1284 1382 1338 in
1397 1284 1448 1341 hoo

84 1364 225 1418 schemate
261 1365 434 1433 exprimitur.
472 1371 496 1421 Δ
526 1369 612 1422 Terra
647 1368 696 1420 im·

84 1443 206 1506 mobilis,
248 1444 298 1498 BD
334 1446 520 1501 oonoeutrious
554 1447 694 1516 planetae,

83 1523 130 1593 qui
145 1523 172 1575 iu
187 1526 201 1580 ι
217 1522 254 1576 30
277 1524 355 1577 aunis
374 1526 531 1579 restituitur
544 1525 591 1579 dte.
624 1527 695 1580 Nam

80 1601 246 1670 Apollonius
266 1604 385 1672 putavit,
406 1605 511 1660 unllam
532 1606 616 1660 aliam
631 1607 695 1659 sub·

80 1698 142 1734 esse
177 1682 406 1753 inaequalitatem
442 1686 576 1754 planetis,
615 1702 696 1755 quum

79 1761 166 1823 illam,
191 1778 313 1831 quaese
336 1765 370 1817 ad
393 1764 484 1819 Solem
509 1767 696 1819 accommodat

81 1847 110 1894 et
129 1841 385 1912 retrogradationes
401 1844 493 1908 el’lloit,
515 1845 629 1916 ideoque
645 1845 696 1899 BD
734 1865 735 1869 ¹

79 1926 235 1974 eooentrum
266 1921 357 1975 facere
383 1925 519 1995 neglexit.
564 1926 611 1980 FG
639 1924 696 1995 epi-

79 2001 175 2070 oyelus
210 2002 298 2055 habet
337 2011 440 2058 motum
467 2005 695 2061 commutationis.

80 2084 289 2138 Demonstravit
303 2084 364 2153 jam
377 2090 550 2158 Apollonius,
575 2090 598 2143 si
611 2093 693 2146 duea-

79 2168 126 2215 tur
147 2179 185 2216 ex
203 2164 306 2220 'l'errae
325 2175 420 2223 oeutro
434 2172 460 2223 Α
479 2170 555 2224 linea
568 2171 628 2232 AG,
652 2189 695 2224 se·

80 2257 146 2295 cans
162 2244 317 2314 epioyelum
336 2245 365 2300 in
378 2249 414 2311 Η,
434 2249 467 2311 G,
493 2251 531 2303 sio
548 2256 580 2303 ut
592 2251 644 2304 EG
658 2250 696 2304 sit

81 2321 117 2375 ud
131 2322 185 2375 ΔΗ
207 2331 239 2377 ut
253 2336 343 2379 ruotus
357 2328 403 2380 GE
418 2330 582 2384 ooneentrici
598 2332 632 2383 ud
647 2330 695 2384 rG

80 2401 247 2471 epieyolum‚
270 2411 335 2459 tuno
358 2407 385 2460 in
404 2409 562 2477 punotlsH,
587 2410 611 2463 G
636 2410 696 2479 pla·

81 2487 175 2535 uetam
202 2483 370 2541 existentem
396 2488 589 2543 stationarium
628 2489 695 2542 lieri.

80 2562 160 2615 Haeo
179 2563 269 2632 prima
283 2564 371 2620 forma
392 2568 535 2632 lemmatii,
552 2569 630 2640 enjus
645 2570 695 2623 Co·

79 2641 221 2711 petulcus,
245 2644 420 2700 Ptolemaeus
444 2655 474 2701 et
497 2649 582 2703 Ursus
605 2649 697 2705 memi-

79 2737 154 2783 nere,
177 2723 261 2790 plane
281 2725 350 2778 nihil
369 2745 509 2781 commuue
529 2729 617 2783 habet
636 2746 697 2785 oum

78 2801 231 2870 hypothesi
250 2803 387 2874 Tyohonis
407 2814 437 2860 et
455 2809 563 2878 quidem
580 2826 695 2863 versans

79 2881 107 2934 in
126 2881 249 2935 terminis
272 2884 356 2954 louge
371 2886 442 2940 aliis.
480 2888 579 2942 Altera
598 2888 693 2952 forma,

79 2975 163 3030 quam
177 2961 261 3015 Ursus
284 2963 307 3015 si
330 2965 452 3029 vidisset,
475 2969 580 3021 eoelum
600 2975 694 3022 terrae

56 3039 294 3097 ¹-oommisouisset
308 3061 375 3113 prae
390 3045 485 3099 insano
496 3048 607 3116 gaudio,
623 3050 694 3102 haee
801 3094 802 3097 η

78 3125 136 3172 est:
152 3122 178 3172 A
193 3119 252 3192 (lig.
269 3120 316 3186 10)
332 3132 454 3178 centrum
469 3128 581 3189 Terrae,
600 3129 692 3182 mundi

78 3206 109 3252 et
122 3199 229 3253 orbium
242 3202 466 3270 planetariorum,
489 3207 574 3261 BSol
594 3208 621 3262 in
640 3225 689 3262 suo

78 3279 155 3341 orbe,
180 3281 227 3334 01)
243 3283 430 3337 oonoeutrious
450 3286 583 3355 planetae
598 3288 689 3356 eujus·

79 3375 187 3428 cunque
210 3359 268 3415 una
291 3365 389 3417 oumB
411 3366 476 3420 orbe
498 3366 589 3421 Solari
610 3374 639 3421 et
663 3367 689 3420 iu

78 3439 194 3494 eundem
203 3450 310 3509 partem
319 3442 486 3500 ciroumieus.
511 3447 562 3500 ΕΙ)
572 3464 689 3518 magnus

78 3517 212 3588 planetae
223 3521 370 3592 epioyolus,
380 3525 419 3577 sio
427 3533 458 3579 ut
464 3527 575 3580 Terram
586 3527 690 3580 ambiat

78 3599 140 3668 ejus
165 3608 287 3655 centrum
303 3602 336 3665 c;
361 3610 450 3659 motus
474 3606 591 3677 epioyeli
615 3607 688 3661 illius

77 3687 177 3734 eontra
199 3680 339 3750 signorum
362 3685 461 3739 seriem
479 3683 554 3740 m'otu
573 3703 689 3740 eommu-

79 3765 203 3821 tationls.
233 3765 295 3826 Qua
309 3765 336 3819 in
351 3766 519 3821 assumtione
525 3766 689 3834 Apollonius

77 3847 179 3899 iterum
202 3847 313 3915 quaerit
340 3847 440 3899 lineam
463 3846 689 3901 determinantem

78 3926 223 3987 stationes,
239 3934 271 3978 ut
293 3932 367 3980 ante.
396 3927 474 3980 Haeo
488 3926 575 3979 forma
594 3926 632 3979 sio
646 3933 690 3981 est

78 4011 249 4074 comparata,
278 4014 310 4060 ut
328 4006 487 4078 ingeniosus
512 4005 610 4076 aliquis
634 4007 688 4076 Ty-

77 4084 242 4140 ehonianam
256 4086 424 4157 hypothesin
447 4104 483 4138 ex
505 4101 540 4139 ea
554 4089 687 4141 deducere

77 4165 175 4236 possit,
199 4168 247 4219 sed
262 4184 315 4219 non
330 4166 399 4221 citra
413 4182 541 4236 magnum
556 4169 687 4230 laborem,

76 4254 108 4301 et
121 4245 230 4316 quidem
243 4245 372 4300 influities
386 4246 531 4309 difficilius.
556 4264 637 4318 quam
651 4266 688 4301 ex

77 4325 269 4394 Cupernioaua
281 4326 399 4380 ratione.
426 4327 495 4380 Nam
509 4328 596 4397 primo
611 4329 689 4382 nulla

76 4404 204 4474 euspicio,
221 4405 325 4459 nullum
335 4405 483 4476 vestigium
490 4407 687 4476 'l'yohonianae

76 4487 103 4539 in
114 4485 165 4537 illu
175 4485 202 4537 iu
213 4491 311 4554 aperto
322 4492 351 4539 et
361 4487 510 4555 propatulo
521 4494 572 4545 est,
589 4504 648 4540 oum
658 4503 758 4557 scopus
769 4493 890 4546 auctoris
902 4503 1030 4548 versetur
1040 4495 1066 4549 in
1078 4495 1313 4550 demonstratione
1322 4512 1396 4567 puuo
1405 4505 1447 4552 to·

75 4581 138 4620 rum
156 4564 388 4626 stationariorum
405 4565 513 4619 minime
528 4567 555 4619 in
570 4568 784 4623 conformatione
799 4573 920 4640 partium
934 4574 1063 4630 universi.
1105 4576 1231 4630 Secundo
1255 4593 1308 4631 nou
1326 4577 1439 4646 ponitur

76 4650 202 4698 centrum
212 4643 386 4712 planetarum
399 4645 425 4698 iu
437 4644 508 4707 Sole,
526 4648 572 4698 sed
584 4646 609 4700 in
622 4647 716 4701 Terra.
746 4650 840 4704 Tertio
850 4671 903 4706 non
915 4660 959 4707 est
968 4655 1001 4706 de
1012 4655 1137 4709 omnibus
1148 4654 1271 4726 planetis
1283 4655 1362 4710 siruul
1374 4675 1437 4710 oon·

76 4723 215 4786 sideratis,
231 4726 279 4778 sed
294 4726 327 4777 de
342 4725 461 4794 siugulis
476 4726 597 4779 seorsim.
634 4727 738 4789 Quarto
754 4729 871 4800 quilibet
886 4732 1001 4802 planeta
1015 4735 1102 4790 habet
1116 4753 1193 4790 suurn
1211 4735 1304 4790 orbem
1318 4753 1423 4805 geooen
1434 4767 1445 4778 ·

75 4803 185 4861 trioum.
217 4803 327 4868 Quinto,
343 4820 423 4875 quem
433 4806 527 4876 Tyeho
542 4807 635 4861 orbem
650 4809 782 4878 planetae
793 4811 865 4874 dicit,
883 4813 904 4866 is
920 4813 946 4867 iu
957 4814 1104 4883 Apollonio
1120 4813 1239 4882 (etiamsi
1249 4814 1446 4872 iuteroesserit
