3428 5542
718 332 1018 399 conscensumque.
1417 271 1422 280 Ι
1479 329 1540 397 371

188 495 342 562 naturam,
368 507 462 569 eaque
487 489 513 548 si
537 490 576 550 ad
600 491 715 551 oculum
739 491 890 553 iuvenitur
912 492 942 553 iu
967 492 1173 562 microcosmo,
1198 488 1269 568 quid
1292 489 1413 564 mimm,
1444 489 1471 550 si
1495 490 1543 552 in·

187 576 325 637 veniatur
348 585 380 638 ει
402 577 432 637 in
455 594 669 640 macrocosmo.
716 582 903 657 Aspectuum
928 579 1128 640 differentiam
1157 579 1185 638 iu
1210 578 1277 638 sola
1300 578 1490 640 vehementia
1514 587 1545 640 et

189 664 365 725 fortitudine
388 685 476 744 pono.
524 664 671 728 Omnibus
695 668 775 728 idem
799 687 874 747 opne
898 668 1007 729 bonum
1030 667 1147 739 tribuo,
1176 666 1395 727 extimulare
1424 667 1542 728 facul-

189 759 291 815 tates
325 754 506 815 animales
540 756 584 816 ad
618 773 728 833 opera
761 776 834 817 sna.
892 760 1059 836 Aspeotum
1091 755 1169 815 inter
1200 755 1285 816 binos
1316 755 1457 833 planetas
1490 775 1543 818 sen

188 840 254 918 ipsa
278 858 404 920 corpora
428 843 547 921 fingere,
574 844 703 922 imperiti
727 854 785 905 est.
832 845 902 906 Vox
927 854 975 905 est
998 845 1149 909 Arabum,
1173 845 1227 904 sed
1250 851 1341 921 puto,
1360 860 1399 903 ex
1423 841 1543 905 Graeca

187 928 355 991 Ptolemaei
374 950 577 1010 σχηματισμος
592 932 729 993 deducta.
768 934 832 993 Aut
855 934 881 993 si
905 953 942 995 ex
957 934 1166 1011 καταβλεψεσι,
1191 939 1256 992 εειο
1276 949 1360 1000 sane,
1384 930 1542 993 dummodo

186 1018 339 1078 commode
363 1021 607 1098 interpretemur,
639 1021 675 1080 de
701 1039 847 1082 concursu
871 1022 1033 1095 radiorum,
1064 1023 1092 1082 iu
1118 1038 1174 1099 quo
1199 1020 1278 1080 inest
1301 1028 1457 1097 aspectus,
1483 1040 1541 1080 nou

187 1105 215 1166 in
236 1106 346 1167 circulo
377 1108 574 1187 imaginario,
609 1109 657 1189 qni
692 1110 871 1171 adsciscitur
904 1112 942 1171 ad
976 1110 1143 1171 metiendos
1177 1108 1303 1186 augrilos
1336 1125 1540 1170 concursunm.

187 1192 250 1255 Sed
274 1195 309 1256 de
334 1196 390 1256 hoc
415 1197 443 1256 in
469 1197 744 1259 dissertatiuncula.
791 1198 871 1259 Nihil
898 1199 944 1258 hic
979 1199 1076 1259 tribuo
1100 1196 1271 1270 reflexioni,
1306 1215 1376 1257 nam
1401 1191 1562 1274 aspectus*

185 1289 235 1344 εει
256 1283 287 1343 in
312 1303 394 1345 mera
418 1286 580 1346 incidentia
603 1305 656 1346 seu
681 1306 825 1349 concursu
849 1288 1008 1348 radiorum.
1055 1286 1120 1348 Neo
1140 1284 1273 1364 sequitur
1297 1285 1444 1363 operatio,
1470 1285 1542 1367 quia

185 1373 309 1433 alterins
334 1374 435 1434 rudius
468 1394 487 1433 a
510 1370 629 1435 Tellure
661 1376 691 1436 iu
721 1376 845 1436 alterius
873 1394 981 1454 corpus
1015 1373 1180 1436 reflectitur
1213 1375 1305 1452 (quae
1338 1373 1539 1453 philosophia,

182 1467 265 1539 puto,
291 1471 340 1522 est
353 1461 489 1522 Jofranci
505 1461 647 1537 Olfucii),
665 1458 705 1537 ¹⁰)
730 1463 784 1524 sed
808 1464 878 1542 quia
895 1465 1029 1525 binorum
1044 1464 1122 1524 radii
1145 1469 1227 1523 certo
1244 1462 1352 1540 angulo
1376 1463 1405 1523 iu
1431 1474 1540 1541 puncto

186 1568 221 1609 eo
245 1559 432 1624 concurrunt,
458 1551 487 1611 iu
512 1571 569 1630 quo
593 1552 758 1613 collocatur
781 1571 829 1613 res
853 1552 1072 1626 immateriata,
1100 1561 1241 1629 aspectus
1266 1550 1420 1630 receptiva
1443 1552 1541 1612 facul-

186 1647 247 1712 tas,
273 1656 379 1716 uemps
404 1639 552 1700 animulis.
579 1641 659 1705 ,Ubi
689 1640 762 1702 nihil
790 1642 931 1722 impedit,
964 1651 1077 1719 puncta
1107 1639 1225 1700 differre
1254 1638 1293 1698 ab
1317 1637 1445 1701 invicem
1468 1647 1542 1701 eta

185 1722 289 1787 centro
315 1727 436 1787 Terrae.
483 1729 561 1790 Nam
586 1738 618 1789 et
643 1729 708 1808 jam
738 1729 851 1791 dictum
875 1737 906 1791 et
928 1730 1109 1790 inculcatum
1134 1728 1162 1788 iu
1183 1725 1404 1804 Disputatiouo,
1430 1745 1540 1807 opera-

183 1815 299 1875 tionem
324 1815 400 1876 hanc
423 1834 478 1895 per
500 1826 643 1898 aspectus
667 1837 735 1878 esse
765 1818 863 1879 stellis
888 1818 1122 1879 accidentariam
1151 1823 1182 1876 et
1206 1822 1323 1876 teritum
1346 1815 1539 1894 objectivam.

184 1903 294 1983 ltaque
326 1913 358 1965 ut
391 1904 531 1967 videntur
561 1906 684 1979 stellae,
716 1906 742 1967 h.
768 1925 793 1968 e.
818 1916 854 1967 ut
876 1906 952 1968 radii
976 1908 1142 1978 confluunt,
1168 1903 1213 1963 ita
1236 1904 1373 1982 operatio
1396 1904 1540 1983 sequitur.

184 1993 228 2052 At
252 1992 328 2052 visio
351 2011 389 2052 ex
413 2000 516 2054 centro
541 1995 652 2055 Terrae
676 1995 749 2056 nihil
773 1995 958 2058 sensibiliter
991 1995 1090 2055 differt
1123 2013 1141 2053 a
1166 1990 1280 2052 visione
1312 2011 1349 2052 ex
1373 1993 1538 2070 superlicio,

184 2079 222 2140 ob
249 2080 438 2142 altitudinem
463 2082 594 2144 siderum
619 2083 792 2156 immanem
831 2102 902 2163 ergo
932 2102 1026 2162 neque
1056 2081 1192 2160 operatio
1223 2080 1323 2141 differt
1346 2081 1539 2142 sensibiliter.

183 2168 226 2228 Et
249 2168 319 2246 qnid
344 2178 416 2243 tum,
441 2170 465 2229 si
490 2172 624 2232 differret
648 2172 854 2234 sensibiliter?
900 2171 1046 2250 Operatio
1071 2170 1148 2230 enirn
1173 2180 1363 2249 sequeretur;
1393 2189 1419 2230 e.
1444 2189 1474 2248 g.
1499 2171 1541 2231 sit

188 2256 267 2317 hora
290 2257 361 2320 ΧΠ.
387 2259 505 2319 sextilis
529 2259 653 2321 Saturni
677 2271 708 2321 et
730 2261 833 2321 Lunae
857 2261 885 2320 iu
910 2270 1012 2322 centro
1037 2260 1163 2331 Terrae3
1192 2266 1273 2331 esto,
1302 2267 1336 2318 ut
1358 2258 1542 2319 sensibiliter

185 2344 283 2405 distet
307 2347 362 2406 hoc
385 2356 503 2425 tempus
528 2369 546 2408 a
569 2357 703 2427 tempore
727 2349 793 2427 ejus
816 2349 950 2422 sextilis,
975 2349 1023 2428 qui
1049 2347 1078 2407 iu
1103 2344 1258 2425 superficie
1283 2346 1394 2407 Terrae
1419 2346 1540 2407 contin-

187 2442 253 2511 get3
287 2453 353 2494 curn
376 2435 467 2514 igitur
490 2437 586 2510 Luna,
611 2438 702 2498 imum
726 2438 824 2510 sidus,
860 2439 956 2498 locum
980 2443 1076 2497 mutet
1098 2455 1154 2497 nno
1178 2434 1287 2512 gradu,
1318 2452 1388 2513 ergo
1413 2454 1448 2496 eo
1473 2453 1540 2495 rno-

184 2530 287 2583 mento
311 2524 390 2584 inter
414 2519 434 2602 b
459 2531 491 2583 et
513 2528 537 2596 )
562 2534 650 2586 eruut
674 2521 743 2587 61⁰.
791 2527 867 2587 Post
890 2524 910 2586 2
935 2527 1024 2586 horas
1056 2524 1220 2585 intererunt
1249 2516 1318 2596 60⁰,
1348 2524 1397 2601 qui
1424 2541 1541 2584 rursum

185 2612 305 2672 sextilis
330 2620 387 2672 est.
434 2613 540 2691 ltaque
572 2615 651 2674 intra
679 2614 698 2676 2
728 2615 818 2675 horas
842 2615 1028 2687 coincidunt,
1060 2612 1089 2672 iu
1114 2612 1224 2672 ceteris
1246 2611 1379 2691 propius.
1426 2611 1541 2673 Verum

180 2700 246 2779 jam
271 2701 429 2762 considera
453 2709 484 2761 et
509 2702 700 2764 latitudinem
723 2704 904 2772 nonnullam,
929 2712 991 2763 tam
1006 2701 1034 2762 iu
1050 2700 1232 2778 aspectibus,
1258 2718 1346 2778 quam
1361 2701 1390 2760 in
1410 2699 1536 2761 musica.

174 2789 251 2851 'Nou
285 2790 390 2850 statim
424 2791 520 2849 omnis
548 2792 747 2852 consonantia
779 2801 925 2871 negatur,
964 2791 1022 2851 etsi
1055 2789 1182 2850 chordae
1216 2808 1274 2848 non
1304 2797 1444 2850 accurate
1478 2790 1540 2872 sint

183 2888 301 2938 tensae.
349 2877 428 2947 Quin
453 2879 512 2938 imo
537 2881 720 2958 quarundam
745 2881 1007 2941 consonantiarum
1040 2878 1240 2939 dimensiones
1270 2878 1443 2939 necessario
1471 2896 1538 2938 rna-

183 2974 257 3026 uent
279 2967 484 3045 imperfectae,
510 2969 587 3047 quod
612 2970 836 3030 fundamentum
861 2981 909 3029 εει
932 2978 1069 3029 tonorum
1092 2967 1278 3038 allectionis,
1317 2984 1412 3045 neque
1436 2977 1539 3027 tamen

183 3054 251 3116 ideo
276 3074 334 3116 non
359 3056 493 3116 delectat
517 3057 624 3117 talium
648 3065 785 3119 tonorum
807 3058 973 3137 usurpatio.
1020 3058 1068 3117 Ita
1092 3056 1195 3116 videas
1219 3055 1446 3134 conjunctiones
1468 3057 1538 3135 pla-

182 3153 320 3204 netarum
346 3145 505 3218 efficaces,
540 3147 588 3205 ubi
613 3146 734 3207 diversa
763 3148 901 3219 latitudo,
928 3146 1085 3206 dummodo
1109 3164 1167 3206 uon
1192 3143 1301 3216 nimia;
1322 3144 1431 3222 igitur
1453 3153 1485 3205 et
1508 3144 1536 3206 in

184 3231 370 3311 longitudine
395 3233 457 3293 lato
482 3234 722 3313 quodammodo
747 3236 905 3296 definiendi
930 3243 1088 3313 aspectus,
1120 3243 1152 3295 ut
1175 3252 1195 3294 a
1218 3227 1279 3295 60ο
1302 3233 1422 3312 quidem
1445 3251 1537 3311 prae-

183 3321 246 3381 cise
271 3330 432 3399 operentur
455 3323 685 3400 perfectissime,
712 3325 766 3384 sed
790 3345 808 3384 a
832 3318 893 3385 59ο
915 3332 946 3383 ει
970 3344 988 3383 a
1012 3318 1073 3385 61⁰
1096 3329 1257 3402 operentur
1280 3321 1363 3382 nihil.
1401 3322 1468 3382 Hoc
1485 3343 1536 3383 as-

180 3417 279 3470 sumto
312 3410 401 3489 plane
434 3410 561 3471 ridicula
593 3413 650 3473 erit
672 3412 802 3490 objectio
827 3413 863 3472 de
888 3412 1058 3472 differentia
1091 3411 1185 3472 centri
1210 3418 1242 3471 ει
1265 3410 1535 3481 circumferentiae,

152 3578 154 3581 v
181 3499 259 3559 addo
284 3507 315 3558 et
339 3499 375 3559 de
399 3499 577 3572 differentia,
602 3520 690 3579 quarn
715 3501 790 3561 facit
812 3501 962 3561 retractio.
1001 3497 1147 3568 Quamvis
1162 3500 1200 3559 de
1215 3499 1394 3559 refractione
1409 3518 1536 3579 respon-

179 3586 309 3647 dendum
333 3587 431 3647 aliter.
479 3588 594 3667 Nempe
629 3609 664 3649 ne
699 3609 795 3669 opaca
827 3589 945 3667 quidem
979 3587 1162 3667 impediunt,
1196 3587 1352 3668 quominus
1385 3586 1535 3650 radiorum

180 3684 322 3755 aspectus
346 3676 530 3755 percipiatur
552 3698 571 3737 a
595 3678 791 3739 facultatibus
824 3678 1023 3752 animalibus,
1057 3678 1165 3737 nedum
1189 3676 1379 3754 semiopaca,
1411 3685 1446 3736 ut
1468 3683 1535 3751 a'c'r;

126 3813 130 3817 .
180 3764 245 3824 sive
270 3764 347 3843 quod
372 3765 502 3825 facultas
526 3766 665 3826 animalis
690 3767 797 3827 eadem
821 3776 869 3827 est
892 3767 920 3826 iu
946 3775 1048 3827 centro
1064 3765 1174 3826 Terrae
1199 3772 1230 3824 et
1253 3764 1283 3824 iu
1299 3765 1412 3824 extima
1426 3783 1534 3844 super-

179 3851 246 3912 licie
271 3853 362 3922 aeris,
386 3872 438 3913 seu
463 3854 540 3932 quod
564 3854 711 3929 subtilior,
736 3856 846 3933 purior,
872 3854 1098 3916 immaterialior
1121 3861 1169 3915 est
1191 3852 1345 3932 perceptio
1366 3853 1442 3913 situs
1457 3855 1534 3915 stel-

178 3941 284 4014 larum,
311 3959 400 4019 quarn
423 3950 457 4001 ut
479 3943 518 4002 ad
543 3961 608 4004 eum
632 3945 918 4022 repraesentandum
942 3944 1035 4004 radiis
1059 3942 1166 4004 lucidis
1190 3960 1264 4020 opus
1289 3941 1340 4001 sit.
1387 3940 1534 4021 Exemplo

180 4030 221 4091 sit
245 4029 322 4090 ratio
346 4031 515 4108 genesium:
539 4032 667 4092 influunt
690 4033 841 4111 planetae,
867 4033 916 4112 qui
941 4032 995 4092 sub
1011 4033 1104 4093 Terra
1128 4040 1212 4105 sunt;
1237 4040 1268 4091 ct
1282 4029 1377 4090 inania
1401 4031 1429 4091 iu
1446 4033 1533 4093 novi-

180 4117 271 4178 luniis
295 4127 464 4192 moventur,
495 4120 586 4180 etiarn
609 4139 663 4199 per
687 4122 844 4200 appulsum
869 4121 1000 4182 siderum
1025 4121 1063 4181 ad
1088 4120 1188 4192 uadh,
1224 4118 1300 4179 unde
1325 4119 1400 4180 radii
1424 4139 1534 4182 ascen-

179 4207 251 4267 dere
273 4208 478 4286 prohibentur.
526 4207 588 4269 Sed
612 4210 668 4269 hoc
692 4210 831 4271 fortassis
856 4211 982 4270 alieuius
1007 4219 1056 4269 est
1079 4209 1255 4286 exemplum.
1282 4238 1323 4248 -

268 4294 423 4375 Denique,
456 4298 535 4375 qnod
559 4298 669 4358 attinet
693 4318 838 4359 causam
866 4310 1100 4376 aspectuum,
1133 4298 1205 4357 nihil
1230 4298 1326 4375 magis
1351 4315 1397 4356 me
1421 4306 1533 4372 movet,

173 4402 268 4466 ‘quam
283 4384 349 4456 hoc,
366 4385 444 4463 quod
460 4386 618 4446 dicendum
632 4396 690 4456 est,
711 4396 853 4466 aspectus
868 4387 1094 4448 animadversos
1111 4385 1256 4465 ignoratis
1272 4384 1380 4447 causis.
1414 4384 1459 4446 At
1478 4386 1533 4448 hoo

177 4473 252 4533 nihil
276 4473 354 4533 novi.
403 4472 646 4553 Quotusquisque
674 4476 822 4537 rationem
850 4476 934 4537 novit
962 4474 1219 4554 perspicillorum?
1265 4475 1345 4536 uum
1369 4472 1436 4533 ideo
1460 4475 1533 4536 nihil

177 4570 250 4622 snut
271 4561 467 4640 perspicilla?
512 4563 612 4623 Multa
635 4565 719 4625 talia.
767 4566 883 4644 Magna
906 4565 952 4625 vis
978 4564 1195 4644 experientiae,
1227 4581 1338 4641 magna
1362 4562 1532 4638 curiositas,

176 4668 289 4728 magna
311 4650 477 4712 subtilitas.
525 4650 613 4720 Quod
637 4672 759 4715 causam
782 4655 879 4734 ipsam
904 4654 1024 4726 attinet,
1049 4665 1120 4732 puto
1136 4654 1288 4713 inventam
1311 4660 1343 4711 et
1358 4668 1533 4729 expressam

175 4739 207 4800 iu
231 4738 454 4818 Disputatione‚
480 4757 556 4818 quae
580 4740 688 4803 similis
711 4744 829 4804 videtur
852 4743 1066 4818 Ptolemaicae,
1091 4750 1125 4803 at
1147 4740 1300 4819 explicata
1323 4758 1382 4800 nou
1407 4740 1464 4800 fuit
1487 4741 1531 4802 si·

175 4827 290 4890 militer
311 4848 331 4889 a
353 4828 539 4892 Ptolemaeo.
585 4829 654 4892 Non
677 4839 745 4894 erat
767 4840 857 4894 notus
874 4832 1051 4895 Ptolemaeo
1068 4830 1197 4894 Creator
1220 4829 1336 4903 mundi3
1361 4847 1453 4910 quare
1472 4832 1531 4894 im·

1259 4930 1320 4986 w
