3428 5542
173 314 241 381 318
597 305 1114 382 Uwfflffiffltwm

173 474 249 537 haee
271 473 352 535 vires
379 473 480 535 nullas
502 474 553 545 (ut
574 473 712 553 eclipsis)
736 474 840 536 habet
887 474 995 555 Itaque
1027 473 1259 555 significationis
1287 472 1473 555 principium
1503 471 1532 533 in

173 561 390 642 imaginatione
413 562 557 625 consistit
579 562 708 639 animae,
733 563 782 624 vel
807 563 974 626 animarum
988 563 1204 639 sublunarium,
1227 564 1303 626 locis
1326 562 1365 625 iis
1389 560 1534 641 alligate·

172 670 249 726 rum,
268 651 320 713 ubi
343 650 481 712 deiectus
504 651 645 712 cernitur.

246 739 426 796 Fabricium
453 738 627 789 Rerolutio
645 738 798 790 Vernalis
816 738 893 789 hahet
911 739 1020 803 aliquam
1038 740 1263 806 significationem
1291 746 1334 790 eat
1351 739 1422 789 uin
1439 736 1482 787 111
1497 736 1535 787 b·

175 812 263 860 troitus
276 808 341 859 Solia
358 812 385 859 in
402 812 507 874 primum
524 819 644 875 punemrn
663 810 689 873 Υ
708 811 779 875 quasi
797 812 895 876 genesis
914 810 1037 874 quaedam
1055 813 1220 869 totinaanm,
1238 818 1265 860 et
1282 807 1443 861 hauddubie
1466 808 1535 857 iffi

173 882 260 931 mnudi
271 879 314 930 Sol
332 880 393 930 illud
410 883 556 945 principium
567 884 674 931 obtinuit
685 889 712 932 et
723 882 794 945 quasi
806 882 916 930 radicem
928 881 1015 930 habuit
1032 884 1173 931 suimotna.
1210 879 1284 942 Quod
1297 881 1369 931 multi
1383 879 1534 945 σημά-

173 953 219 1002 oa·
235 950 353 1001 thematis
371 953 503 1002 introitalrs
520 953 665 1018 generalem
682 952 808 1018 quandam
826 953 992 1002 conditionem
1011 955 1087 1009 anni,
1106 953 1204 1018 irngnm
1223 950 1268 1002 do.
1289 952 1465 1014 eomdtumrt,
1487 962 1537 1001 aaa

172 1023 256 1088 pabo,
275 1023 320 1072 sed
337 1024 437 1088 singula
452 1024 511 1074 loca
527 1024 630 1089 singulis
647 1025 798 1088 temporibus
816 1022 972 1087 inspicienda
989 1037 1044 1074 esse
1063 1031 1122 1088 puto
1140 1022 1187 1073 be.
1207 1021 1254 1074 de.

263 1095 471 1174 lieplerus:
505 1096 620 1157 Thema
642 1095 837 1157 revolutionis
860 1094 975 1169 mnndi,
1007 1104 1041 1157 nt
1071 1097 1162 1175 plane
1193 1095 1285 1156 claris
1307 1092 1414 1155 verbis
1437 1110 1534 1155 meam

174 1184 357 1245 sententiam
389 1184 503 1259 dicam,
537 1184 702 1266 sisyphium
732 1192 805 1264 puto
833 1183 964 1261 lapidem
992 1201 1046 1261 pro
1071 1184 1280 1245 excruciandis
1308 1182 1534 1263 astrologorum

179 1271 317 1351 ingeniis,
342 1290 401 1351 quo
425 1273 497 1334 nihil
521 1274 683 1351 prolicitur.
729 1271 799 1333 Etsi
822 1272 901 1332 enim
916 1272 1121 1347 concederem
1147 1268 1401 1334 mnndnmin0⁸
1422 1268 1460 1347 Υ
1481 1288 1536 1333 ex-

174 1360 283 1435 titisse,
308 1360 380 1441 qnid
404 1361 459 1423 hoc
474 1361 513 1422 ad
527 1372 656 1441 pestem,
680 1360 790 1422 bellurn
815 1360 894 1421 duc?
941 1357 1022 1430 Quid
1038 1361 1089 1422 liet
1103 1361 1298 1434 australibus,
1325 1359 1399 1440 qnid
1419 1377 1535 1441 aequa-

174 1449 250 1511 toris
273 1449 395 1524 incolis,
429 1450 536 1530 quibus
565 1458 636 1511 tunc
660 1449 785 1510 aestas?
831 1448 920 1509 Anne
949 1459 1054 1509 nostra
1081 1450 1178 1529 pestis
1211 1449 1313 1510 mnndi
1337 1448 1439 1528 pestis
1462 1446 1534 1509 est?

175 1541 263 1600 Anne
281 1557 336 1617 per
359 1538 509 1600 hominem
532 1539 626 1618 ipsius
651 1538 762 1599 Terrae
784 1538 923 1616 jugulum
946 1537 975 1598 iu
1001 1538 1080 1599 bello
1104 1538 1168 1617 peti
1190 1537 1313 1618 potest?
1337 1536 1380 1599 Et
1406 1536 1535 1617 quando.

174 1645 302 1706 quaeso,
326 1626 538 1689 universaliter
562 1629 666 1707 fruges
690 1635 756 1687 toto
780 1625 938 1687 Terrarum
969 1626 1040 1687 orbe
1070 1626 1268 1688 deiecerunt?
1313 1626 1381 1687 Hoc
1405 1624 1537 1687 annoiu

174 1715 313 1777 Lovonia
344 1716 454 1777 messis
486 1716 613 1790 interiit,
647 1734 793 1795 oppressa
826 1715 892 1776 nive
929 1714 1091 1794 bellisque;
1125 1716 1154 1776 in
1187 1715 1336 1776 Bohemia
1363 1714 1442 1776 nber
1472 1714 1536 1777 fuit.

177 1803 343 1865 Vindemia
364 1803 395 1865 iu
418 1803 525 1865 Rheno
549 1804 668 1883 exigua,
694 1803 785 1864 Nicro
801 1804 891 1876 nulla,
921 1804 1051 1865 Austria
1064 1804 1207 1883 maligna,
1231 1802 1422 1865 vicinissime
1435 1801 1538 1887 Styria

175 1893 299 1974 copiosa
326 1900 359 1952 et
382 1892 554 1955 laudabilis.
602 1891 742 1954 Concede
762 1892 844 1970 jam,
877 1911 946 1952 esse
970 1892 1083 1953 Terrae
1108 1912 1195 1954 suam
1223 1890 1365 1972 genesin,
1403 1892 1473 1954 loca
1495 1910 1536 1955 so.

175 1983 364 2064 planetarum
388 1990 524 2061 tempore
539 1981 718 2055 creationis;
741 1981 821 2053 vide,
846 1981 916 2059 quid
932 1991 1084 2060 sequatur.
1133 1981 1342 2042 Profectiones
1362 1988 1437 2042 tuae
1451 1990 1538 2043 erunt

176 2069 382 2134 instituendae
411 2071 450 2131 ad
475 2071 571 2131 locum
593 2071 784 2150 planetarum
808 2069 934 2142 radicis;
968 2080 1035 2143 aut,
1074 2071 1099 2132 si
1130 2070 1207 2131 hunc
1231 2071 1366 2131 laborem
1390 2070 1488 2132 etiam
1507 2070 1537 2132 iu

148 2160 324 2222 ‘hnmanae
346 2159 468 2239 genesis
492 2159 626 2220 themate
651 2159 759 2230 sumis,
784 2168 816 2218 ut
839 2167 871 2218 et
893 2158 1108 2233 revolutionis,
1133 2168 1277 2239 tanquam
1301 2158 1431 2232 radicis,
1464 2176 1536 2239 pro·

177 2249 323 2310 lectiones
346 2247 489 2309 instituas
509 2249 576 2327 jam
599 2248 655 2309 tibi
678 2256 728 2308 est
749 2247 876 2308 confusa
898 2247 977 2307 ratio
1007 2246 1225 2325 experientiae,
1267 2247 1338 2326 qnia
1360 2247 1442 2308 dnae
1464 2265 1537 2327 pro·

177 2337 339 2399 lectionum
363 2337 468 2411 series,
493 2337 674 2417 insuperque
699 2345 840 2414 aspectus
864 2343 1053 2396 concurrunt.
1099 2336 1226 2397 Nitetur
1255 2336 1358 2416 itaque
1382 2336 1539 2416 negotium

176 2426 344 2488 nudissima
375 2426 523 2505 opinione.
571 2425 634 2488 Sed
665 2435 698 2486 tu
726 2431 831 2503 putas,
864 2423 991 2503 singulis
1015 2424 1116 2497 annis,
1151 2423 1223 2487 Sole
1252 2424 1282 2486 in
1305 2421 1353 2487 0·
1374 2423 1412 2500 Υ
1436 2432 1537 2499 eunte,

176 2533 285 2577 novam
314 2533 384 2576 esse
406 2515 530 2595 genesin
555 2514 636 2575 auui.
683 2510 763 2583 Quid
787 2530 859 2590 ergo
888 2513 1022 2574 nascitur
1044 2532 1080 2572 eo
1103 2512 1278 2575 momento?
1324 2512 1404 2575 Cum
1429 2513 1537 2575 homo

176 2604 324 2678 nascitur,
350 2602 421 2684 qnid
444 2614 588 2665 nascatur
610 2603 709 2664 video.
757 2601 869 2661 Vivere
892 2619 930 2660 ex
954 2621 987 2661 se
1015 2602 1081 2680 ipso
1106 2601 1224 2681 incipit,
1259 2611 1352 2663 autea
1375 2621 1416 2662 ex
1439 2610 1537 2665 matre

176 2691 310 2755 virebat„¹
358 2691 441 2754 hihil
469 2693 531 2753 tale
564 2693 593 2753 iu
617 2710 717 2752 annua
742 2689 954 2751 foecunditate.
1002 2690 1081 2751 Nam
1104 2691 1207 2751 multis
1236 2691 1312 2752 locis
1336 2698 1409 2751 ante
1434 2692 1537 2771 fruge·

176 2791 257 2856 snut,
282 2781 388 2842 humor
406 2781 472 2861 jam
495 2802 514 2841 a
536 2778 582 2843 0·
603 2786 638 2856 ᾗ
661 2797 778 2840 rursum
811 2778 911 2857 colligi
936 2777 1041 2857 incipit
1072 2780 1279 2860 paulatimque
1310 2799 1344 2839 se
1378 2778 1409 2841 in
1445 2797 1537 2841 venas

176 2871 269 2932 insert
290 2878 324 2930 et
346 2889 380 2930 se
404 2888 471 2931 cum
486 2867 558 2930 Sole
582 2869 671 2930 tollit.
718 2867 831 2947 Aliqua
854 2867 907 2928 tibi
933 2867 1074 2939 concedo,
1101 2868 1155 2928 sed
1172 2869 1226 2929 illa
1244 2868 1283 2929 ad
1303 2876 1451 2947 aspectus
1464 2886 1535 2948 per·

177 2959 291 3031 tinent;
315 2958 434 3019 scilicet
456 2957 483 3019 si
505 2954 541 3035 b,
566 2959 591 3019 si
618 2957 661 3030 Ἀ,
682 2957 709 3017 si
732 2964 757 3025 d
780 2956 810 3016 iu
834 2956 875 3032 ὅ,
900 2956 1059 3035 praecipue
1083 2963 1122 3028 6,
1156 2957 1244 3018 tarde
1268 2977 1287 3016 a
1310 2954 1383 3018 Sole
1408 2974 1537 3037 separa-

177 3048 260 3109 bitur
282 3047 453 3127 ellicietque
477 3047 589 3108 siccum
613 3054 646 3106 et
669 3045 821 3106 aestivum
845 3063 907 3105 ver.
955 3043 1048 3104 Tuam
1065 3056 1165 3106 autem
1189 3046 1254 3124 ipse
1273 3045 1386 3106 evertis
1410 3064 1536 3126 perma-

178 3144 298 3197 nentem
327 3136 389 3197 vim
417 3134 578 3210 thematis,
611 3133 828 3195 revolutionem
850 3133 916 3211 ipse
944 3133 1085 3207 damnas,
1119 3144 1275 3195 ettamen
1304 3135 1349 3195 ita
1372 3132 1537 3214 scripsisti,

178 3243 214 3287 ac
238 3224 264 3285 si
287 3235 496 3303 permaneret:
531 3223 574 3285 ita
597 3222 766 3284 ascendens
790 3222 985 3282 revolutionis
1009 3222 1064 3282 tibi
1088 3222 1127 3282 ad
1152 3224 1219 3284 loca
1240 3223 1434 3302 planetarum
1457 3232 1536 3285 tem-

177 3331 251 3394 pore
275 3313 416 3374 introitus
440 3312 555 3384 (cemis
578 3311 786 3392 permanentia
815 3310 881 3371 loca
903 3310 1061 3384 introitus)
1085 3312 1294 3391 proficiscitur.
1342 3308 1434 3382 Quod
1465 3328 1537 3375 vero

178 3412 211 3464 et
232 3401 429 3482 particularia
451 3401 553 3477 addis,
579 3402 723 3481 optimum
748 3419 820 3460 saue
843 3399 930 3477 piper
953 3399 1093 3472 adhibes,
1118 3401 1173 3462 sed
1197 3401 1270 3463 illud
1293 3400 1377 3480 prins
1400 3401 1536 3464 miscen-

177 3493 248 3554 dnm
272 3491 347 3564 erit;
380 3492 478 3571 qualis
502 3490 594 3571 igitur
617 3491 685 3563 liet,
717 3506 788 3560 oro,
813 3487 966 3548 mixtura?
1011 3488 1110 3549 hlnlta
1133 3490 1334 3569 repugnantia
1356 3489 1387 3551 in
1411 3489 1539 3554 ferendo

173 3581 305 3661 jndicio,
338 3580 528 3660 experientia
550 3580 646 3641 omnis
671 3577 786 3638 abolita
819 3583 850 3637 et
881 3577 1061 3656 plusquam
1086 3578 1226 3651 confusa,
1260 3579 1339 3658 qnod
1364 3596 1383 3639 a
1405 3596 1456 3640 me
1479 3577 1538 3641 diei

178 3688 270 3750 aegre
294 3670 372 3730 alias
396 3671 468 3731 fers.
516 3668 644 3731 Perinde
668 3675 726 3740 est,
751 3683 787 3725 ac
811 3665 838 3725 si
862 3664 989 3737 diceres,
1013 3675 1044 3726 te
1060 3684 1131 3726 vera
1154 3676 1186 3727 et
1206 3667 1378 3729 bolsavelle
1397 3668 1537 3743 miscere,

178 3758 284 3840 quodsi
306 3778 381 3821 vera
403 3761 535 3826 vincant.
560 3776 633 3818 vera
656 3755 816 3829 dictumm,
841 3754 867 3814 si
891 3754 971 3814 falsa
995 3784 1036 3795 -
1062 3755 1150 3816 laisa.

248 3865 435 3914 Tabrieina:
461 3865 500 3914 Tu
517 3872 604 3928 putas,
633 3860 870 3925 experientiam
887 3861 913 3907 in
932 3859 1138 3924 astrologicis
1166 3875 1221 3910 esse
1240 3861 1410 3912 coniurata
1440 3870 1469 3914 at
1486 3862 1536 3915 ior-

178 3937 270 3985 taitara
287 3937 381 4000 potins.
406 3950 481 4000 quam
499 3949 592 3984 veram.
628 3932 692 3982 Puto
711 3940 809 3985 autern.
834 3932 867 3978 mi
891 3931 986 3979 erudite
1004 3930 1126 3994 lieplere.
1153 3933 1330 3995 experientiam
1348 3932 1418 3984 illam
1436 3936 1540 3985 nial-a

179 4008 306 4056 mitam
325 4021 388 4065 ease,
408 4008 452 4056 aed
470 4014 541 4056 certa
558 4006 656 4055 ratione
674 4001 873 4065 correspondere,
892 4009 920 4049 nt
938 4012 1042 4065 apparet
1059 4005 1085 4050 in
1104 4004 1249 4066 genetibus.
1268 4006 1294 4052 in
1313 4005 1401 4068 quibas
1420 4006 1538 4070 Μ

178 4093 235 4128 ram
253 4078 310 4127 loca
327 4086 484 4141 perseam
502 4078 699 4127 observationem
718 4076 819 4137 cognita
837 4071 960 4121 habemm
961 4105 1075 4121 .....
1104 4072 1177 4122 Licet
1194 4089 1243 4123 uon
1261 4090 1360 4138 sompes
1377 4086 1449 4128 m
1466 4091 1540 4143 μ..

178 4148 261 4199 dieere
279 4151 399 4213 poasimns
418 4158 529 4205 eventus,
548 4161 627 4198 eausa
644 4156 691 4201 est.
714 4144 779 4210 qnod
798 4142 948 4208 astrologum
966 4158 1015 4192 non
1034 4152 1132 4193 tanmm
1150 4152 1220 4194 astra
1237 4147 1396 4197 considam·
1414 4156 1541 4214 oportun,

177 4220 222 4271 aed
241 4230 268 4271 et
285 4222 487 4269 eomdmuoaem
504 4220 610 4281 subleen'
627 4216 672 4267 de.

267 4292 468 4371 Keplerus:
494 4291 537 4352 i't
559 4308 662 4368 neges,
686 4285 901 4366 experientiam
925 4285 1160 4365 inastrologicis
1185 4307 1253 4349 esse
1267 4289 1438 4366 confusam,
1462 4309 1537 4353 eon·

178 4394 228 4444 tra
251 4378 377 4460 opponis
400 4379 552 4458 exempla,
585 4378 635 4439 ubi
659 4383 784 4438 eventus
808 4384 894 4436 certa
915 4374 1032 4435 ratione
1062 4377 1298 4457 correspondere
1321 4377 1368 4441 ais
1388 4380 1538 4443 directio·

179 4469 278 4544 nibus,
302 4467 540 4549 protectionibus
563 4476 596 4528 et
617 4462 807 4528 transitibus.
853 4461 924 4524 Jam
953 4465 1057 4524 statim
1087 4474 1117 4524 te
1140 4466 1302 4545 prodidisti
1327 4487 1433 4544 sorex,
1470 4470 1539 4531 dnm

178 4558 280 4621 omnia
303 4557 363 4619 tria
385 4564 552 4635 computas.
599 4553 709 4617 Certus
728 4571 803 4622 sum,
827 4550 899 4612 nihil
922 4551 954 4612 in
978 4552 1118 4613 universa
1137 4555 1201 4616 vita
1224 4556 1355 4616 maxime
1380 4558 1540 4621 fortuitum

180 4647 301 4709 evenire
323 4663 425 4725 posse,
451 4643 530 4724 qnod
549 4661 607 4703 non
630 4644 677 4703 vel
701 4641 778 4714 huic,
802 4641 850 4702 vel
864 4640 918 4713 illi,
944 4641 993 4701 rel
1007 4642 1097 4702 tertio
1117 4662 1185 4704 sese
1206 4645 1349 4724 applicet,
1375 4648 1449 4728 qnia
1463 4648 1540 4711 haee

179 4737 240 4799 tria
262 4733 483 4799 multitudinem
507 4731 657 4811 quandam
679 4747 838 4792 causarum
861 4739 1014 4790 acervant.
1062 4730 1102 4791 Et
1134 4741 1235 4793 tamen
1264 4734 1409 4798 intanta
1431 4737 1540 4800 multi·

178 4818 1540 4935 nbaapmeqtqnodexeipiasznoueemperpraedieipoesemtionemquehujm
