<?xml version="1.0" encoding="UTF-8"?>
<!DOCTYPE html PUBLIC "-//W3C//DTD XHTML 1.0 Transitional//EN"
    "http://www.w3.org/TR/xhtml1/DTD/xhtml1-transitional.dtd">
<html xmlns="http://www.w3.org/1999/xhtml" xml:lang="en" lang="en">
 <head>
  <title>
</title>
<meta http-equiv="Content-Type" content="text/html;charset=utf-8" />
  <meta name='ocr-system' content='tesseract 3.04.00' />
  <meta name='ocr-capabilities' content='ocr_page ocr_carea ocr_par ocr_line ocrx_word'/>
</head>
<body>
  <div class='ocr_page' id='page_1' title='image "./joanniskepleria10frisgoog/joanniskepleria10frisgoog_0445.png"; bbox 0 0 3428 5542; ppageno 0'>
   <div class='ocr_carea' id='block_1_1' title="bbox 171 338 976 413">
    <p class='ocr_par' dir='ltr' id='par_1_1' title="bbox 171 338 976 413">
     <span class='ocr_line' id='line_1_1' title="bbox 171 338 976 413; baseline -0.016 0"><span class='ocrx_word' id='word_1_1' title='bbox 171 338 237 413; x_wconf 72' lang='lat'>422</span> <span class='ocrx_word' id='word_1_2' title='bbox 520 395 524 402; x_wconf 94' lang='lat'>.</span> <span class='ocrx_word' id='word_1_3' title='bbox 737 346 777 399; x_wconf 76' lang='lat' dir='ltr'>ns</span> <span class='ocrx_word' id='word_1_4' title='bbox 796 348 976 401; x_wconf 71' lang='lat' dir='ltr'>emamus·</span> 
     </span>
    </p>
   </div>
   <div class='ocr_carea' id='block_1_2' title="bbox 171 503 1547 4486">
    <p class='ocr_par' dir='ltr' id='par_1_2' title="bbox 171 503 1540 1032">
     <span class='ocr_line' id='line_1_2' title="bbox 171 503 1540 591; baseline -0.002 -22"><span class='ocrx_word' id='word_1_5' title='bbox 171 504 397 591; x_wconf 86' lang='lat' dir='ltr'>perpendiculo,</span> <span class='ocrx_word' id='word_1_6' title='bbox 422 523 481 568; x_wconf 90' lang='lat' dir='ltr'>uno</span> <span class='ocrx_word' id='word_1_7' title='bbox 504 503 627 568; x_wconf 81' lang='lat' dir='ltr'>milliari</span> <span class='ocrx_word' id='word_1_8' title='bbox 650 505 822 586; x_wconf 88' lang='lat' dir='ltr'>germanico</span> <span class='ocrx_word' id='word_1_9' title='bbox 847 506 953 580; x_wconf 90' lang='lat' dir='ltr'>(altior</span> <span class='ocrx_word' id='word_1_10' title='bbox 971 515 1071 570; x_wconf 92' lang='lat' dir='ltr'>autem</span> <span class='ocrx_word' id='word_1_11' title='bbox 1094 524 1162 570; x_wconf 91' lang='lat' dir='ltr'>esse</span> <span class='ocrx_word' id='word_1_12' title='bbox 1180 507 1232 570; x_wconf 84' lang='lat' dir='ltr'>vix</span> <span class='ocrx_word' id='word_1_13' title='bbox 1245 511 1359 589; x_wconf 84' lang='lat' dir='ltr'>potest,</span> <span class='ocrx_word' id='word_1_14' title='bbox 1378 521 1441 567; x_wconf 88' lang='lat' dir='ltr'>uou</span> <span class='ocrx_word' id='word_1_15' title='bbox 1461 503 1540 567; x_wconf 85' lang='lat' dir='ltr'>euim</span> 
     </span>
     <span class='ocr_line' id='line_1_3' title="bbox 173 590 1539 678; baseline -0.004 -18"><span class='ocrx_word' id='word_1_16' title='bbox 173 597 283 660; x_wconf 84' lang='lat' dir='ltr'>eadem</span> <span class='ocrx_word' id='word_1_17' title='bbox 308 604 356 658; x_wconf 90' lang='lat' dir='ltr'>est</span> <span class='ocrx_word' id='word_1_18' title='bbox 379 594 508 657; x_wconf 77' lang='lat' dir='ltr'>altitudo</span> <span class='ocrx_word' id='word_1_19' title='bbox 532 594 689 669; x_wconf 87' lang='lat' dir='ltr'>materiae,</span> <span class='ocrx_word' id='word_1_20' title='bbox 716 615 791 675; x_wconf 89' lang='lat' dir='ltr'>quae</span> <span class='ocrx_word' id='word_1_21' title='bbox 816 596 992 678; x_wconf 89' lang='lat' dir='ltr'>crepuscula</span> <span class='ocrx_word' id='word_1_22' title='bbox 1015 597 1098 670; x_wconf 89' lang='lat' dir='ltr'>facit,</span> <span class='ocrx_word' id='word_1_23' title='bbox 1119 605 1151 658; x_wconf 90' lang='lat' dir='ltr'>et</span> <span class='ocrx_word' id='word_1_24' title='bbox 1169 614 1245 676; x_wconf 89' lang='lat' dir='ltr'>quae</span> <span class='ocrx_word' id='word_1_25' title='bbox 1264 590 1421 658; x_wconf 83' lang='lat' dir='ltr'>stellarum</span> <span class='ocrx_word' id='word_1_26' title='bbox 1435 592 1539 656; x_wconf 82' lang='lat' dir='ltr'>radios</span> 
     </span>
     <span class='ocr_line' id='line_1_4' title="bbox 174 681 1540 766; baseline -0.005 -17"><span class='ocrx_word' id='word_1_27' title='bbox 174 685 341 766; x_wconf 72' lang='lat' dir='ltr'>refringit).</span> <span class='ocrx_word' id='word_1_28' title='bbox 376 682 476 745; x_wconf 90' lang='lat' dir='ltr'>Solari</span> <span class='ocrx_word' id='word_1_29' title='bbox 500 683 592 763; x_wconf 91' lang='lat' dir='ltr'>igitur</span> <span class='ocrx_word' id='word_1_30' title='bbox 614 684 699 745; x_wconf 89' lang='lat' dir='ltr'>radio</span> <span class='ocrx_word' id='word_1_31' title='bbox 724 688 853 746; x_wconf 85' lang='lat' dir='ltr'>aestate</span> <span class='ocrx_word' id='word_1_32' title='bbox 869 685 1026 764; x_wconf 89' lang='lat' dir='ltr'>objicietur</span> <span class='ocrx_word' id='word_1_33' title='bbox 1054 685 1210 747; x_wconf 87' lang='lat' dir='ltr'>crassities</span> <span class='ocrx_word' id='word_1_34' title='bbox 1233 685 1320 747; x_wconf 91' lang='lat' dir='ltr'>unius</span> <span class='ocrx_word' id='word_1_35' title='bbox 1343 681 1484 745; x_wconf 85' lang='lat' dir='ltr'>milliaris</span> <span class='ocrx_word' id='word_1_36' title='bbox 1507 692 1540 743; x_wconf 85' lang='lat' dir='ltr'>et</span> 
     </span>
     <span class='ocr_line' id='line_1_5' title="bbox 174 769 1540 855; baseline -0.004 -18"><span class='ocrx_word' id='word_1_37' title='bbox 174 793 271 838; x_wconf 89' lang='lat' dir='ltr'>nouae</span> <span class='ocrx_word' id='word_1_38' title='bbox 295 773 408 853; x_wconf 89' lang='lat' dir='ltr'>partis,</span> <span class='ocrx_word' id='word_1_39' title='bbox 431 772 537 852; x_wconf 84' lang='lat' dir='ltr'>hyeme</span> <span class='ocrx_word' id='word_1_40' title='bbox 567 773 657 834; x_wconf 89' lang='lat' dir='ltr'>trium</span> <span class='ocrx_word' id='word_1_41' title='bbox 680 779 712 833; x_wconf 91' lang='lat' dir='ltr'>et</span> <span class='ocrx_word' id='word_1_42' title='bbox 735 772 854 834; x_wconf 79' lang='lat' dir='ltr'>tertiae.</span> <span class='ocrx_word' id='word_1_43' title='bbox 901 774 950 834; x_wconf 87' lang='lat' dir='ltr'>Ita</span> <span class='ocrx_word' id='word_1_44' title='bbox 971 775 1062 854; x_wconf 89' lang='lat' dir='ltr'>triplo</span> <span class='ocrx_word' id='word_1_45' title='bbox 1086 773 1213 837; x_wconf 83' lang='lat' dir='ltr'>debilior</span> <span class='ocrx_word' id='word_1_46' title='bbox 1234 782 1283 836; x_wconf 89' lang='lat' dir='ltr'>est</span> <span class='ocrx_word' id='word_1_47' title='bbox 1304 772 1413 855; x_wconf 86' lang='lat' dir='ltr'>hyeme</span> <span class='ocrx_word' id='word_1_48' title='bbox 1435 769 1540 834; x_wconf 81' lang='lat' dir='ltr'>radius</span> 
     </span>
     <span class='ocr_line' id='line_1_6' title="bbox 175 860 1538 943; baseline -0.004 -17"><span class='ocrx_word' id='word_1_49' title='bbox 175 861 258 926; x_wconf 85' lang='lat' dir='ltr'>Solis</span> <span class='ocrx_word' id='word_1_50' title='bbox 281 868 406 943; x_wconf 91' lang='lat' dir='ltr'>propter</span> <span class='ocrx_word' id='word_1_51' title='bbox 429 860 506 922; x_wconf 92' lang='lat' dir='ltr'>hanc</span> <span class='ocrx_word' id='word_1_52' title='bbox 531 880 674 922; x_wconf 89' lang='lat' dir='ltr'>causam:</span> <span class='ocrx_word' id='word_1_53' title='bbox 700 868 732 922; x_wconf 88' lang='lat' dir='ltr'>et</span> <span class='ocrx_word' id='word_1_54' title='bbox 754 862 923 940; x_wconf 89' lang='lat' dir='ltr'>conjunctis</span> <span class='ocrx_word' id='word_1_55' title='bbox 946 861 993 923; x_wconf 91' lang='lat' dir='ltr'>his</span> <span class='ocrx_word' id='word_1_56' title='bbox 1017 863 1113 925; x_wconf 90' lang='lat' dir='ltr'>tribus</span> <span class='ocrx_word' id='word_1_57' title='bbox 1137 863 1251 937; x_wconf 89' lang='lat' dir='ltr'>causis,</span> <span class='ocrx_word' id='word_1_58' title='bbox 1280 863 1332 924; x_wconf 83' lang='lat' dir='ltr'>vix</span> <span class='ocrx_word' id='word_1_59' title='bbox 1355 878 1429 941; x_wconf 87' lang='lat' dir='ltr'>pars</span> <span class='ocrx_word' id='word_1_60' title='bbox 1452 860 1538 922; x_wconf 76' lang='lat' dir='ltr'>vice·-</span> 
     </span>
     <span class='ocr_line' id='line_1_7' title="bbox 175 948 956 1032; baseline -0.004 -17"><span class='ocrx_word' id='word_1_61' title='bbox 175 951 253 1015; x_wconf 90' lang='lat' dir='ltr'>sima</span> <span class='ocrx_word' id='word_1_62' title='bbox 276 958 386 1032; x_wconf 88' lang='lat' dir='ltr'>quarta</span> <span class='ocrx_word' id='word_1_63' title='bbox 408 950 516 1031; x_wconf 83' lang='lat' dir='ltr'>hyeme</span> <span class='ocrx_word' id='word_1_64' title='bbox 539 948 649 1012; x_wconf 87' lang='lat' dir='ltr'>caloris</span> <span class='ocrx_word' id='word_1_65' title='bbox 674 949 784 1011; x_wconf 90' lang='lat' dir='ltr'>aestivi</span> <span class='ocrx_word' id='word_1_66' title='bbox 807 958 956 1028; x_wconf 86' lang='lat' dir='ltr'>superest.</span> 
     </span>
    </p>

    <p class='ocr_par' dir='ltr' id='par_1_3' title="bbox 733 1037 1230 1108">
     <span class='ocr_line' id='line_1_8' title="bbox 733 1037 1230 1108; baseline 0.004 -11"><span class='ocrx_word' id='word_1_67' title='bbox 733 1037 872 1099; x_wconf 89' lang='lat' dir='ltr'>Thesis</span> <span class='ocrx_word' id='word_1_68' title='bbox 895 1037 967 1099; x_wconf 90' lang='lat' dir='ltr'><strong>XII.</strong></span> <span class='ocrx_word' id='word_1_69' title='bbox 1227 1103 1230 1108; x_wconf 40' lang='lat'>.</span> 
     </span>
    </p>

    <p class='ocr_par' dir='ltr' id='par_1_4' title="bbox 175 1122 1543 2004">
     <span class='ocr_line' id='line_1_9' title="bbox 265 1122 1540 1205; baseline -0.003 -16"><span class='ocrx_word' id='word_1_70' title='bbox 265 1126 334 1189; x_wconf 81' lang='lat' dir='ltr'>Etsi</span> <span class='ocrx_word' id='word_1_71' title='bbox 358 1143 430 1187; x_wconf 91' lang='lat' dir='ltr'>veru</span> <span class='ocrx_word' id='word_1_72' title='bbox 454 1125 511 1186; x_wconf 92' lang='lat' dir='ltr'>hae</span> <span class='ocrx_word' id='word_1_73' title='bbox 536 1133 599 1187; x_wconf 85' lang='lat' dir='ltr'>tres</span> <span class='ocrx_word' id='word_1_74' title='bbox 623 1144 734 1187; x_wconf 91' lang='lat' dir='ltr'>causae</span> <span class='ocrx_word' id='word_1_75' title='bbox 757 1125 831 1205; x_wconf 92' lang='lat' dir='ltr'>ipsis</span> <span class='ocrx_word' id='word_1_76' title='bbox 856 1125 979 1188; x_wconf 88' lang='lat' dir='ltr'>brumae</span> <span class='ocrx_word' id='word_1_77' title='bbox 1002 1135 1035 1189; x_wconf 89' lang='lat' dir='ltr'>et</span> <span class='ocrx_word' id='word_1_78' title='bbox 1057 1125 1181 1190; x_wconf 89' lang='lat' dir='ltr'>solstitii</span> <span class='ocrx_word' id='word_1_79' title='bbox 1200 1126 1305 1189; x_wconf 90' lang='lat' dir='ltr'>diebus</span> <span class='ocrx_word' id='word_1_80' title='bbox 1326 1122 1540 1188; x_wconf 77' lang='lat' dir='ltr'>suutevideu·</span> 
     </span>
     <span class='ocr_line' id='line_1_10' title="bbox 175 1213 1540 1295; baseline -0.003 -16"><span class='ocrx_word' id='word_1_81' title='bbox 175 1215 321 1291; x_wconf 89' lang='lat' dir='ltr'>tissimae,</span> <span class='ocrx_word' id='word_1_82' title='bbox 346 1233 404 1276; x_wconf 90' lang='lat' dir='ltr'>uon</span> <span class='ocrx_word' id='word_1_83' title='bbox 428 1221 529 1276; x_wconf 89' lang='lat' dir='ltr'>tamen</span> <span class='ocrx_word' id='word_1_84' title='bbox 554 1215 590 1275; x_wconf 88' lang='lat' dir='ltr'>de</span> <span class='ocrx_word' id='word_1_85' title='bbox 615 1214 798 1276; x_wconf 84' lang='lat' dir='ltr'>necessitate</span> <span class='ocrx_word' id='word_1_86' title='bbox 822 1213 884 1276; x_wconf 86' lang='lat' dir='ltr'>illio</span> <span class='ocrx_word' id='word_1_87' title='bbox 908 1215 1013 1295; x_wconf 83' lang='lat' dir='ltr'>frigus,</span> <span class='ocrx_word' id='word_1_88' title='bbox 1038 1216 1085 1278; x_wconf 92' lang='lat' dir='ltr'>hic</span> <span class='ocrx_word' id='word_1_89' title='bbox 1110 1216 1192 1279; x_wconf 92' lang='lat' dir='ltr'>calor</span> <span class='ocrx_word' id='word_1_90' title='bbox 1215 1217 1274 1278; x_wconf 90' lang='lat' dir='ltr'>erit</span> <span class='ocrx_word' id='word_1_91' title='bbox 1292 1215 1425 1277; x_wconf 92' lang='lat' dir='ltr'>omnium</span> <span class='ocrx_word' id='word_1_92' title='bbox 1439 1213 1540 1276; x_wconf 83' lang='lat' dir='ltr'>maxi·</span> 
     </span>
     <span class='ocr_line' id='line_1_11' title="bbox 175 1301 1541 1387; baseline -0.002 -21"><span class='ocrx_word' id='word_1_93' title='bbox 175 1324 259 1367; x_wconf 91' lang='lat' dir='ltr'>mus:</span> <span class='ocrx_word' id='word_1_94' title='bbox 293 1304 348 1366; x_wconf 90' lang='lat' dir='ltr'>sed</span> <span class='ocrx_word' id='word_1_95' title='bbox 371 1301 492 1365; x_wconf 88' lang='lat' dir='ltr'>accedit</span> <span class='ocrx_word' id='word_1_96' title='bbox 514 1302 575 1364; x_wconf 91' lang='lat' dir='ltr'>alia</span> <span class='ocrx_word' id='word_1_97' title='bbox 598 1322 709 1377; x_wconf 86' lang='lat' dir='ltr'>causa,</span> <span class='ocrx_word' id='word_1_98' title='bbox 743 1321 820 1384; x_wconf 90' lang='lat' dir='ltr'>quae</span> <span class='ocrx_word' id='word_1_99' title='bbox 854 1304 1048 1383; x_wconf 89' lang='lat' dir='ltr'>quantumin</span> <span class='ocrx_word' id='word_1_100' title='bbox 1073 1324 1158 1379; x_wconf 89' lang='lat' dir='ltr'>sese,</span> <span class='ocrx_word' id='word_1_101' title='bbox 1188 1304 1325 1387; x_wconf 88' lang='lat' dir='ltr'>hyemem</span> <span class='ocrx_word' id='word_1_102' title='bbox 1349 1323 1369 1364; x_wconf 87' lang='lat' dir='ltr'>a</span> <span class='ocrx_word' id='word_1_103' title='bbox 1390 1302 1541 1384; x_wconf 87' lang='lat' dir='ltr'>principio</span> 
     </span>
     <span class='ocr_line' id='line_1_12' title="bbox 175 1390 1542 1472; baseline -0.002 -16"><span class='ocrx_word' id='word_1_104' title='bbox 175 1392 341 1465; x_wconf 86' lang='lat' dir='ltr'>Februarii,</span> <span class='ocrx_word' id='word_1_105' title='bbox 366 1399 515 1454; x_wconf 82' lang='lat' dir='ltr'>aestatem</span> <span class='ocrx_word' id='word_1_106' title='bbox 535 1412 554 1452; x_wconf 92' lang='lat' dir='ltr'>a</span> <span class='ocrx_word' id='word_1_107' title='bbox 576 1391 721 1470; x_wconf 88' lang='lat' dir='ltr'>principio</span> <span class='ocrx_word' id='word_1_108' title='bbox 745 1392 879 1471; x_wconf 86' lang='lat' dir='ltr'>Augusti</span> <span class='ocrx_word' id='word_1_109' title='bbox 908 1392 956 1454; x_wconf 86' lang='lat' dir='ltr'>vel</span> <span class='ocrx_word' id='word_1_110' title='bbox 979 1394 1112 1462; x_wconf 84' lang='lat' dir='ltr'>circiter,</span> <span class='ocrx_word' id='word_1_111' title='bbox 1134 1395 1227 1455; x_wconf 89' lang='lat' dir='ltr'>faciet</span> <span class='ocrx_word' id='word_1_112' title='bbox 1245 1393 1401 1472; x_wconf 88' lang='lat' dir='ltr'>majorem.</span> <span class='ocrx_word' id='word_1_113' title='bbox 1446 1390 1542 1455; x_wconf 84' lang='lat' dir='ltr'>Terra</span> 
     </span>
     <span class='ocr_line' id='line_1_13' title="bbox 176 1479 1543 1567; baseline -0.002 -23"><span class='ocrx_word' id='word_1_114' title='bbox 176 1481 257 1544; x_wconf 88' lang='lat' dir='ltr'>enim</span> <span class='ocrx_word' id='word_1_115' title='bbox 280 1489 313 1543; x_wconf 89' lang='lat' dir='ltr'>et</span> <span class='ocrx_word' id='word_1_116' title='bbox 337 1501 415 1562; x_wconf 89' lang='lat' dir='ltr'>aqua</span> <span class='ocrx_word' id='word_1_117' title='bbox 439 1487 510 1541; x_wconf 89' lang='lat' dir='ltr'>sunt</span> <span class='ocrx_word' id='word_1_118' title='bbox 531 1498 639 1567; x_wconf 78' lang='lat' dir='ltr'>crassa</span> <span class='ocrx_word' id='word_1_119' title='bbox 661 1498 802 1558; x_wconf 91' lang='lat' dir='ltr'>corpora,</span> <span class='ocrx_word' id='word_1_120' title='bbox 836 1499 891 1542; x_wconf 92' lang='lat' dir='ltr'>uec</span> <span class='ocrx_word' id='word_1_121' title='bbox 922 1492 1050 1561; x_wconf 91' lang='lat' dir='ltr'>possunt</span> <span class='ocrx_word' id='word_1_122' title='bbox 1079 1502 1136 1544; x_wconf 90' lang='lat' dir='ltr'>uuo</span> <span class='ocrx_word' id='word_1_123' title='bbox 1167 1489 1317 1544; x_wconf 90' lang='lat' dir='ltr'>momento</span> <span class='ocrx_word' id='word_1_124' title='bbox 1346 1479 1475 1555; x_wconf 81' lang='lat' dir='ltr'>calfieri,</span> <span class='ocrx_word' id='word_1_125' title='bbox 1509 1488 1543 1541; x_wconf 81' lang='lat' dir='ltr'>et</span> 
     </span>
     <span class='ocr_line' id='line_1_14' title="bbox 177 1567 1542 1651; baseline -0.001 -19"><span class='ocrx_word' id='word_1_126' title='bbox 177 1571 310 1633; x_wconf 86' lang='lat' dir='ltr'>calfacta</span> <span class='ocrx_word' id='word_1_127' title='bbox 334 1570 415 1632; x_wconf 85' lang='lat' dir='ltr'>ciros</span> <span class='ocrx_word' id='word_1_128' title='bbox 438 1587 571 1630; x_wconf 90' lang='lat' dir='ltr'>mensem</span> <span class='ocrx_word' id='word_1_129' title='bbox 594 1568 725 1643; x_wconf 91' lang='lat' dir='ltr'>Junium,</span> <span class='ocrx_word' id='word_1_130' title='bbox 751 1567 823 1630; x_wconf 90' lang='lat' dir='ltr'>Sole</span> <span class='ocrx_word' id='word_1_131' title='bbox 848 1569 1009 1645; x_wconf 88' lang='lat' dir='ltr'>altissimo,</span> <span class='ocrx_word' id='word_1_132' title='bbox 1039 1571 1171 1632; x_wconf 88' lang='lat' dir='ltr'>retinent</span> <span class='ocrx_word' id='word_1_133' title='bbox 1196 1570 1384 1651; x_wconf 85' lang='lat' dir='ltr'>aliquamdiu</span> <span class='ocrx_word' id='word_1_134' title='bbox 1406 1567 1542 1631; x_wconf 64' lang='lat' dir='ltr'>alerem</span> 
     </span>
     <span class='ocr_line' id='line_1_15' title="bbox 176 1645 1542 1740; baseline -0.001 -20"><span class='ocrx_word' id='word_1_135' title='bbox 176 1658 234 1721; x_wconf 92' lang='lat' dir='ltr'>sibi</span> <span class='ocrx_word' id='word_1_136' title='bbox 258 1658 379 1740; x_wconf 91' lang='lat' dir='ltr'>penitus</span> <span class='ocrx_word' id='word_1_137' title='bbox 399 1645 579 1736; x_wconf 85' lang='lat' dir='ltr'>impressum</span> <span class='ocrx_word' id='word_1_138' title='bbox 605 1658 678 1729; x_wconf 84' lang='lat' dir='ltr'>(etsi</span> <span class='ocrx_word' id='word_1_139' title='bbox 703 1657 948 1736; x_wconf 87' lang='lat' dir='ltr'>superficietenus</span> <span class='ocrx_word' id='word_1_140' title='bbox 972 1659 1056 1720; x_wconf 92' lang='lat' dir='ltr'>illum</span> <span class='ocrx_word' id='word_1_141' title='bbox 1088 1659 1214 1739; x_wconf 88' lang='lat' dir='ltr'>siugulis</span> <span class='ocrx_word' id='word_1_142' title='bbox 1242 1659 1381 1721; x_wconf 88' lang='lat' dir='ltr'>noctibus</span> <span class='ocrx_word' id='word_1_143' title='bbox 1405 1656 1542 1720; x_wconf 88' lang='lat' dir='ltr'>nonnihil</span> 
     </span>
     <span class='ocr_line' id='line_1_16' title="bbox 176 1746 1541 1828; baseline -0.001 -18"><span class='ocrx_word' id='word_1_144' title='bbox 176 1747 350 1820; x_wconf 85' lang='lat' dir='ltr'>remittant)</span> <span class='ocrx_word' id='word_1_145' title='bbox 384 1754 508 1825; x_wconf 90' lang='lat' dir='ltr'>propter</span> <span class='ocrx_word' id='word_1_146' title='bbox 540 1746 721 1807; x_wconf 86' lang='lat' dir='ltr'>densitatem</span> <span class='ocrx_word' id='word_1_147' title='bbox 755 1746 900 1807; x_wconf 90' lang='lat' dir='ltr'>materiae</span> <span class='ocrx_word' id='word_1_148' title='bbox 929 1755 960 1808; x_wconf 89' lang='lat' dir='ltr'>et</span> <span class='ocrx_word' id='word_1_149' title='bbox 988 1749 1224 1828; x_wconf 82' lang='lat' dir='ltr'>magnitudinem</span> <span class='ocrx_word' id='word_1_150' title='bbox 1247 1765 1420 1827; x_wconf 85' lang='lat' dir='ltr'>corporum,</span> <span class='ocrx_word' id='word_1_151' title='bbox 1449 1754 1541 1828; x_wconf 84' lang='lat' dir='ltr'>atque</span> 
     </span>
     <span class='ocr_line' id='line_1_17' title="bbox 177 1834 1542 1918; baseline 0.001 -21"><span class='ocrx_word' id='word_1_152' title='bbox 177 1835 222 1898; x_wconf 90' lang='lat' dir='ltr'>ita</span> <span class='ocrx_word' id='word_1_153' title='bbox 244 1834 326 1897; x_wconf 89' lang='lat' dir='ltr'>Junii</span> <span class='ocrx_word' id='word_1_154' title='bbox 349 1835 481 1896; x_wconf 91' lang='lat' dir='ltr'>calorem</span> <span class='ocrx_word' id='word_1_155' title='bbox 505 1835 541 1896; x_wconf 91' lang='lat' dir='ltr'>de</span> <span class='ocrx_word' id='word_1_156' title='bbox 565 1834 730 1914; x_wconf 91' lang='lat' dir='ltr'>praeterito</span> <span class='ocrx_word' id='word_1_157' title='bbox 761 1853 827 1895; x_wconf 91' lang='lat' dir='ltr'>cum</span> <span class='ocrx_word' id='word_1_158' title='bbox 852 1835 951 1896; x_wconf 89' lang='lat' dir='ltr'>calore</span> <span class='ocrx_word' id='word_1_159' title='bbox 970 1835 1043 1898; x_wconf 88' lang='lat' dir='ltr'>Julii</span> <span class='ocrx_word' id='word_1_160' title='bbox 1064 1844 1096 1899; x_wconf 90' lang='lat' dir='ltr'>et</span> <span class='ocrx_word' id='word_1_161' title='bbox 1113 1837 1246 1918; x_wconf 84' lang='lat' dir='ltr'>Augusti</span> <span class='ocrx_word' id='word_1_162' title='bbox 1266 1837 1432 1898; x_wconf 88' lang='lat' dir='ltr'>cumulant.</span> <span class='ocrx_word' id='word_1_163' title='bbox 1456 1834 1542 1898; x_wconf 86' lang='lat' dir='ltr'>Idem</span> 
     </span>
     <span class='ocr_line' id='line_1_18' title="bbox 178 1922 935 2004; baseline -0.003 -17"><span class='ocrx_word' id='word_1_164' title='bbox 178 1924 208 1988; x_wconf 89' lang='lat' dir='ltr'>iu</span> <span class='ocrx_word' id='word_1_165' title='bbox 233 1923 414 1986; x_wconf 90' lang='lat' dir='ltr'>contrarium</span> <span class='ocrx_word' id='word_1_166' title='bbox 439 1922 594 1985; x_wconf 88' lang='lat' dir='ltr'>dicendum</span> <span class='ocrx_word' id='word_1_167' title='bbox 615 1923 651 1983; x_wconf 91' lang='lat' dir='ltr'>de</span> <span class='ocrx_word' id='word_1_168' title='bbox 676 1922 786 2002; x_wconf 88' lang='lat' dir='ltr'>frigore</span> <span class='ocrx_word' id='word_1_169' title='bbox 811 1923 935 2004; x_wconf 89' lang='lat' dir='ltr'>hyemis.</span> 
     </span>
    </p>

    <p class='ocr_par' dir='ltr' id='par_1_5' title="bbox 738 2011 982 2074">
     <span class='ocr_line' id='line_1_19' title="bbox 738 2011 982 2074; baseline 0.012 -3"><span class='ocrx_word' id='word_1_170' title='bbox 738 2011 872 2073; x_wconf 89' lang='lat' dir='ltr'>Thesis</span> <span class='ocrx_word' id='word_1_171' title='bbox 895 2012 982 2074; x_wconf 90' lang='lat' dir='ltr'>XIII.</span> 
     </span>
    </p>

    <p class='ocr_par' dir='ltr' id='par_1_6' title="bbox 178 2099 1543 2538">
     <span class='ocr_line' id='line_1_20' title="bbox 268 2099 1541 2182; baseline 0.002 -19"><span class='ocrx_word' id='word_1_172' title='bbox 268 2101 350 2163; x_wconf 92' lang='lat' dir='ltr'>Idem</span> <span class='ocrx_word' id='word_1_173' title='bbox 371 2099 516 2180; x_wconf 89' lang='lat' dir='ltr'>judicium</span> <span class='ocrx_word' id='word_1_174' title='bbox 540 2108 607 2162; x_wconf 89' lang='lat' dir='ltr'>esto</span> <span class='ocrx_word' id='word_1_175' title='bbox 632 2101 722 2160; x_wconf 89' lang='lat' dir='ltr'>etde</span> <span class='ocrx_word' id='word_1_176' title='bbox 746 2100 822 2161; x_wconf 92' lang='lat' dir='ltr'>hora</span> <span class='ocrx_word' id='word_1_177' title='bbox 845 2102 977 2162; x_wconf 89' lang='lat' dir='ltr'>secunda</span> <span class='ocrx_word' id='word_1_178' title='bbox 1000 2101 1078 2175; x_wconf 90' lang='lat' dir='ltr'>diei,</span> <span class='ocrx_word' id='word_1_179' title='bbox 1107 2120 1182 2181; x_wconf 89' lang='lat' dir='ltr'>quae</span> <span class='ocrx_word' id='word_1_180' title='bbox 1212 2101 1336 2164; x_wconf 88' lang='lat' dir='ltr'>calidior</span> <span class='ocrx_word' id='word_1_181' title='bbox 1360 2109 1424 2177; x_wconf 88' lang='lat' dir='ltr'>est,</span> <span class='ocrx_word' id='word_1_182' title='bbox 1450 2121 1541 2182; x_wconf 79' lang='lat' dir='ltr'>quem</span> 
     </span>
     <span class='ocr_line' id='line_1_21' title="bbox 178 2186 1543 2273; baseline -0.001 -20"><span class='ocrx_word' id='word_1_183' title='bbox 178 2191 364 2264; x_wconf 90' lang='lat' dir='ltr'>duodecima,</span> <span class='ocrx_word' id='word_1_184' title='bbox 389 2188 448 2250; x_wconf 89' lang='lat' dir='ltr'>etsi</span> <span class='ocrx_word' id='word_1_185' title='bbox 470 2187 524 2251; x_wconf 88' lang='lat' dir='ltr'>Sol</span> <span class='ocrx_word' id='word_1_186' title='bbox 543 2190 608 2268; x_wconf 89' lang='lat' dir='ltr'>jam</span> <span class='ocrx_word' id='word_1_187' title='bbox 633 2188 723 2249; x_wconf 87' lang='lat' dir='ltr'>cadit.</span> <span class='ocrx_word' id='word_1_188' title='bbox 768 2186 852 2250; x_wconf 89' lang='lat' dir='ltr'>Idem</span> <span class='ocrx_word' id='word_1_189' title='bbox 868 2190 946 2250; x_wconf 91' lang='lat' dir='ltr'>enim</span> <span class='ocrx_word' id='word_1_190' title='bbox 962 2190 1009 2251; x_wconf 90' lang='lat' dir='ltr'>hio</span> <span class='ocrx_word' id='word_1_191' title='bbox 1024 2198 1161 2270; x_wconf 87' lang='lat' dir='ltr'>praestat</span> <span class='ocrx_word' id='word_1_192' title='bbox 1178 2198 1243 2266; x_wconf 73' lang='lat' dir='ltr'>aer,</span> <span class='ocrx_word' id='word_1_193' title='bbox 1269 2191 1347 2273; x_wconf 90' lang='lat' dir='ltr'>quod</span> <span class='ocrx_word' id='word_1_194' title='bbox 1375 2191 1439 2253; x_wconf 89' lang='lat' dir='ltr'>illic</span> <span class='ocrx_word' id='word_1_195' title='bbox 1459 2199 1543 2255; x_wconf 85' lang='lat' dir='ltr'>terra</span> 
     </span>
     <span class='ocr_line' id='line_1_22' title="bbox 178 2277 1542 2361; baseline -0.001 -17"><span class='ocrx_word' id='word_1_196' title='bbox 178 2280 343 2361; x_wconf 86' lang='lat' dir='ltr'>praestitit.</span> <span class='ocrx_word' id='word_1_197' title='bbox 390 2277 468 2340; x_wconf 87' lang='lat' dir='ltr'>Nam</span> <span class='ocrx_word' id='word_1_198' title='bbox 493 2284 564 2348; x_wconf 74' lang='lat' dir='ltr'>air,</span> <span class='ocrx_word' id='word_1_199' title='bbox 587 2285 622 2338; x_wconf 91' lang='lat' dir='ltr'>ut</span> <span class='ocrx_word' id='word_1_200' title='bbox 644 2278 743 2338; x_wconf 88' lang='lat' dir='ltr'>tenuis</span> <span class='ocrx_word' id='word_1_201' title='bbox 767 2277 941 2351; x_wconf 88' lang='lat' dir='ltr'>admodum,</span> <span class='ocrx_word' id='word_1_202' title='bbox 971 2280 1097 2342; x_wconf 90' lang='lat' dir='ltr'>celerius</span> <span class='ocrx_word' id='word_1_203' title='bbox 1128 2280 1247 2358; x_wconf 90' lang='lat' dir='ltr'>quidem</span> <span class='ocrx_word' id='word_1_204' title='bbox 1271 2299 1359 2361; x_wconf 89' lang='lat' dir='ltr'>quam</span> <span class='ocrx_word' id='word_1_205' title='bbox 1383 2288 1468 2343; x_wconf 88' lang='lat' dir='ltr'>terra</span> <span class='ocrx_word' id='word_1_206' title='bbox 1493 2281 1542 2342; x_wconf 83' lang='lat' dir='ltr'>sl·</span> 
     </span>
     <span class='ocr_line' id='line_1_23' title="bbox 179 2366 1542 2444; baseline 0.001 -13"><span class='ocrx_word' id='word_1_207' title='bbox 179 2376 306 2437; x_wconf 84' lang='lat' dir='ltr'>teratur,</span> <span class='ocrx_word' id='word_1_208' title='bbox 331 2374 513 2428; x_wconf 87' lang='lat' dir='ltr'>nontamen</span> <span class='ocrx_word' id='word_1_209' title='bbox 537 2366 656 2427; x_wconf 90' lang='lat' dir='ltr'>omuino</span> <span class='ocrx_word' id='word_1_210' title='bbox 680 2366 791 2427; x_wconf 91' lang='lat' dir='ltr'>subito.</span> <span class='ocrx_word' id='word_1_211' title='bbox 830 2367 961 2429; x_wconf 88' lang='lat' dir='ltr'>Accedit</span> <span class='ocrx_word' id='word_1_212' title='bbox 985 2376 1086 2430; x_wconf 90' lang='lat' dir='ltr'>tamen</span> <span class='ocrx_word' id='word_1_213' title='bbox 1111 2367 1177 2444; x_wconf 91' lang='lat' dir='ltr'>buc,</span> <span class='ocrx_word' id='word_1_214' title='bbox 1203 2370 1229 2431; x_wconf 91' lang='lat' dir='ltr'>si</span> <span class='ocrx_word' id='word_1_215' title='bbox 1254 2388 1310 2430; x_wconf 91' lang='lat' dir='ltr'>uon</span> <span class='ocrx_word' id='word_1_216' title='bbox 1336 2377 1404 2430; x_wconf 86' lang='lat' dir='ltr'>tota</span> <span class='ocrx_word' id='word_1_217' title='bbox 1428 2369 1542 2432; x_wconf 85' lang='lat' dir='ltr'>Terrae</span> 
     </span>
     <span class='ocr_line' id='line_1_24' title="bbox 181 2455 773 2538; baseline -0.008 -18"><span class='ocrx_word' id='word_1_218' title='bbox 181 2457 377 2538; x_wconf 89' lang='lat' dir='ltr'>corpulentia,</span> <span class='ocrx_word' id='word_1_219' title='bbox 402 2464 436 2516; x_wconf 90' lang='lat' dir='ltr'>at</span> <span class='ocrx_word' id='word_1_220' title='bbox 459 2457 567 2516; x_wconf 89' lang='lat' dir='ltr'>saltem</span> <span class='ocrx_word' id='word_1_221' title='bbox 592 2455 773 2534; x_wconf 87' lang='lat' dir='ltr'>superficies.</span> 
     </span>
    </p>

    <p class='ocr_par' dir='ltr' id='par_1_7' title="bbox 739 2543 986 2605">
     <span class='ocr_line' id='line_1_25' title="bbox 739 2543 986 2605; baseline 0.004 -2"><span class='ocrx_word' id='word_1_222' title='bbox 739 2543 874 2604; x_wconf 90' lang='lat' dir='ltr'>Thesis</span> <span class='ocrx_word' id='word_1_223' title='bbox 898 2543 986 2605; x_wconf 89' lang='lat' dir='ltr'>XIV.</span> 
     </span>
    </p>

    <p class='ocr_par' dir='ltr' id='par_1_8' title="bbox 179 2629 1545 2891">
     <span class='ocr_line' id='line_1_26' title="bbox 268 2629 1545 2712; baseline 0.001 -18"><span class='ocrx_word' id='word_1_224' title='bbox 268 2631 316 2694; x_wconf 77' lang='lat' dir='ltr'>Ex</span> <span class='ocrx_word' id='word_1_225' title='bbox 340 2631 443 2693; x_wconf 91' lang='lat' dir='ltr'>eodem</span> <span class='ocrx_word' id='word_1_226' title='bbox 459 2631 653 2693; x_wconf 89' lang='lat' dir='ltr'>fundamento</span> <span class='ocrx_word' id='word_1_227' title='bbox 667 2633 800 2710; x_wconf 88' lang='lat' dir='ltr'>praedici</span> <span class='ocrx_word' id='word_1_228' title='bbox 817 2639 931 2711; x_wconf 89' lang='lat' dir='ltr'>potest,</span> <span class='ocrx_word' id='word_1_229' title='bbox 953 2631 1161 2711; x_wconf 87' lang='lat' dir='ltr'>Septembrem</span> <span class='ocrx_word' id='word_1_230' title='bbox 1176 2638 1207 2693; x_wconf 88' lang='lat' dir='ltr'>et</span> <span class='ocrx_word' id='word_1_231' title='bbox 1222 2629 1397 2706; x_wconf 89' lang='lat' dir='ltr'>Octobrem,</span> <span class='ocrx_word' id='word_1_232' title='bbox 1416 2641 1545 2712; x_wconf 80' lang='lat' dir='ltr'>propter</span> 
     </span>
     <span class='ocr_line' id='line_1_27' title="bbox 180 2721 1544 2802; baseline -0.001 -17"><span class='ocrx_word' id='word_1_233' title='bbox 180 2724 258 2785; x_wconf 89' lang='lat' dir='ltr'>hanc</span> <span class='ocrx_word' id='word_1_234' title='bbox 282 2721 400 2802; x_wconf 88' lang='lat' dir='ltr'>quidem</span> <span class='ocrx_word' id='word_1_235' title='bbox 424 2740 556 2789; x_wconf 90' lang='lat' dir='ltr'>causam,</span> <span class='ocrx_word' id='word_1_236' title='bbox 582 2721 740 2782; x_wconf 89' lang='lat' dir='ltr'>calidiores</span> <span class='ocrx_word' id='word_1_237' title='bbox 765 2722 880 2781; x_wconf 91' lang='lat' dir='ltr'>futuros</span> <span class='ocrx_word' id='word_1_238' title='bbox 905 2739 992 2800; x_wconf 89' lang='lat' dir='ltr'>quam</span> <span class='ocrx_word' id='word_1_239' title='bbox 1016 2722 1159 2784; x_wconf 90' lang='lat' dir='ltr'>Martium</span> <span class='ocrx_word' id='word_1_240' title='bbox 1184 2729 1216 2781; x_wconf 90' lang='lat' dir='ltr'>et</span> <span class='ocrx_word' id='word_1_241' title='bbox 1239 2721 1459 2783; x_wconf 82' lang='lat' dir='ltr'>Februarium:</span> <span class='ocrx_word' id='word_1_242' title='bbox 1484 2722 1544 2784; x_wconf 80' lang='lat' dir='ltr'>etsi</span> 
     </span>
     <span class='ocr_line' id='line_1_28' title="bbox 179 2809 915 2891; baseline -0.007 -17"><span class='ocrx_word' id='word_1_243' title='bbox 179 2812 318 2891; x_wconf 89' lang='lat' dir='ltr'>utrinque</span> <span class='ocrx_word' id='word_1_244' title='bbox 343 2811 442 2871; x_wconf 90' lang='lat' dir='ltr'>futura</span> <span class='ocrx_word' id='word_1_245' title='bbox 467 2818 513 2870; x_wconf 90' lang='lat' dir='ltr'>est</span> <span class='ocrx_word' id='word_1_246' title='bbox 537 2810 643 2871; x_wconf 88' lang='lat' dir='ltr'>eadem</span> <span class='ocrx_word' id='word_1_247' title='bbox 667 2809 726 2870; x_wconf 92' lang='lat' dir='ltr'>diei</span> <span class='ocrx_word' id='word_1_248' title='bbox 751 2809 915 2888; x_wconf 89' lang='lat' dir='ltr'>longitudo.</span> 
     </span>
    </p>

    <p class='ocr_par' dir='ltr' id='par_1_9' title="bbox 739 2897 969 2958">
     <span class='ocr_line' id='line_1_29' title="bbox 739 2897 969 2958; baseline 0 0"><span class='ocrx_word' id='word_1_249' title='bbox 739 2898 872 2958; x_wconf 88' lang='lat' dir='ltr'>Thesis</span> <span class='ocrx_word' id='word_1_250' title='bbox 895 2897 969 2958; x_wconf 90' lang='lat' dir='ltr'>XV.</span> 
     </span>
    </p>

    <p class='ocr_par' dir='ltr' id='par_1_10' title="bbox 181 2983 1544 3422">
     <span class='ocr_line' id='line_1_30' title="bbox 271 2983 1543 3068; baseline 0.001 -20"><span class='ocrx_word' id='word_1_251' title='bbox 271 2986 381 3048; x_wconf 89' lang='lat' dir='ltr'>Altera</span> <span class='ocrx_word' id='word_1_252' title='bbox 404 3004 497 3047; x_wconf 89' lang='lat' dir='ltr'>causa</span> <span class='ocrx_word' id='word_1_253' title='bbox 525 2985 652 3066; x_wconf 89' lang='lat' dir='ltr'>physica</span> <span class='ocrx_word' id='word_1_254' title='bbox 676 2987 912 3066; x_wconf 89' lang='lat' dir='ltr'>praedictionum</span> <span class='ocrx_word' id='word_1_255' title='bbox 937 2994 985 3048; x_wconf 90' lang='lat' dir='ltr'>est</span> <span class='ocrx_word' id='word_1_256' title='bbox 1007 2983 1118 3047; x_wconf 88' lang='lat' dir='ltr'>Luna.</span> <span class='ocrx_word' id='word_1_257' title='bbox 1160 2984 1239 3046; x_wconf 88' lang='lat' dir='ltr'>Nam</span> <span class='ocrx_word' id='word_1_258' title='bbox 1261 2985 1451 3064; x_wconf 83' lang='lat' dir='ltr'>experientia</span> <span class='ocrx_word' id='word_1_259' title='bbox 1470 3005 1543 3068; x_wconf 89' lang='lat' dir='ltr'>pro·</span> 
     </span>
     <span class='ocr_line' id='line_1_31' title="bbox 181 3071 1544 3153; baseline 0 -15"><span class='ocrx_word' id='word_1_260' title='bbox 181 3076 285 3138; x_wconf 92' lang='lat' dir='ltr'>batum</span> <span class='ocrx_word' id='word_1_261' title='bbox 308 3082 365 3150; x_wconf 87' lang='lat' dir='ltr'>est,</span> <span class='ocrx_word' id='word_1_262' title='bbox 390 3074 488 3134; x_wconf 82' lang='lat' dir='ltr'>ouruia</span> <span class='ocrx_word' id='word_1_263' title='bbox 512 3075 633 3136; x_wconf 85' lang='lat' dir='ltr'>humore</span> <span class='ocrx_word' id='word_1_264' title='bbox 658 3076 832 3137; x_wconf 89' lang='lat' dir='ltr'>constantia</span> <span class='ocrx_word' id='word_1_265' title='bbox 853 3084 1008 3137; x_wconf 84' lang='lat' dir='ltr'>crescente</span> <span class='ocrx_word' id='word_1_266' title='bbox 1023 3071 1110 3136; x_wconf 91' lang='lat' dir='ltr'>Luua</span> <span class='ocrx_word' id='word_1_267' title='bbox 1133 3082 1323 3153; x_wconf 85' lang='lat' dir='ltr'>turgescere;</span> <span class='ocrx_word' id='word_1_268' title='bbox 1347 3074 1544 3139; x_wconf 79' lang='lat' dir='ltr'>decrescente</span> 
     </span>
     <span class='ocr_line' id='line_1_32' title="bbox 182 3160 1544 3244; baseline 0 -18"><span class='ocrx_word' id='word_1_269' title='bbox 182 3164 348 3226; x_wconf 86' lang='lat' dir='ltr'>subsidere.</span> <span class='ocrx_word' id='word_1_270' title='bbox 396 3160 482 3232; x_wconf 83' lang='lat' dir='ltr'>Quae</span> <span class='ocrx_word' id='word_1_271' title='bbox 506 3183 565 3224; x_wconf 92' lang='lat' dir='ltr'>uua</span> <span class='ocrx_word' id='word_1_272' title='bbox 589 3183 637 3225; x_wconf 91' lang='lat' dir='ltr'>res</span> <span class='ocrx_word' id='word_1_273' title='bbox 661 3165 854 3244; x_wconf 89' lang='lat' dir='ltr'>plurimarum</span> <span class='ocrx_word' id='word_1_274' title='bbox 877 3163 1056 3225; x_wconf 88' lang='lat' dir='ltr'>electionum</span> <span class='ocrx_word' id='word_1_275' title='bbox 1081 3172 1112 3223; x_wconf 91' lang='lat' dir='ltr'>et</span> <span class='ocrx_word' id='word_1_276' title='bbox 1134 3163 1374 3242; x_wconf 85' lang='lat' dir='ltr'>praedictionum</span> <span class='ocrx_word' id='word_1_277' title='bbox 1398 3163 1429 3225; x_wconf 92' lang='lat' dir='ltr'>iu</span> <span class='ocrx_word' id='word_1_278' title='bbox 1452 3183 1544 3226; x_wconf 87' lang='lat' dir='ltr'>oeco-</span> 
     </span>
     <span class='ocr_line' id='line_1_33' title="bbox 182 3251 1544 3334; baseline 0.002 -21"><span class='ocrx_word' id='word_1_279' title='bbox 182 3252 291 3326; x_wconf 90' lang='lat' dir='ltr'>nomia,</span> <span class='ocrx_word' id='word_1_280' title='bbox 316 3270 348 3313; x_wconf 87' lang='lat' dir='ltr'>re</span> <span class='ocrx_word' id='word_1_281' title='bbox 373 3251 496 3325; x_wconf 85' lang='lat' dir='ltr'>rustica,</span> <span class='ocrx_word' id='word_1_282' title='bbox 522 3252 679 3322; x_wconf 90' lang='lat' dir='ltr'>medicina,</span> <span class='ocrx_word' id='word_1_283' title='bbox 703 3254 834 3322; x_wconf 88' lang='lat' dir='ltr'>nautica,</span> <span class='ocrx_word' id='word_1_284' title='bbox 859 3261 1032 3314; x_wconf 87' lang='lat' dir='ltr'>causaest.</span> <span class='ocrx_word' id='word_1_285' title='bbox 1062 3251 1223 3314; x_wconf 88' lang='lat' dir='ltr'>Rationem</span> <span class='ocrx_word' id='word_1_286' title='bbox 1247 3251 1336 3330; x_wconf 90' lang='lat' dir='ltr'>hujus</span> <span class='ocrx_word' id='word_1_287' title='bbox 1350 3254 1544 3334; x_wconf 84' lang='lat' dir='ltr'>sympathise</span> 
     </span>
     <span class='ocr_line' id='line_1_34' title="bbox 183 3340 926 3422; baseline 0 -20"><span class='ocrx_word' id='word_1_288' title='bbox 183 3341 312 3402; x_wconf 89' lang='lat' dir='ltr'>nondum</span> <span class='ocrx_word' id='word_1_289' title='bbox 331 3340 465 3420; x_wconf 81' lang='lat' dir='ltr'>perfecte</span> <span class='ocrx_word' id='word_1_290' title='bbox 489 3341 640 3419; x_wconf 90' lang='lat' dir='ltr'>cognitam</span> <span class='ocrx_word' id='word_1_291' title='bbox 664 3341 778 3402; x_wconf 91' lang='lat' dir='ltr'>habeut</span> <span class='ocrx_word' id='word_1_292' title='bbox 800 3340 926 3422; x_wconf 85' lang='lat' dir='ltr'>physici.</span> 
     </span>
    </p>

    <p class='ocr_par' dir='ltr' id='par_1_11' title="bbox 742 3428 983 3491">
     <span class='ocr_line' id='line_1_35' title="bbox 742 3428 983 3491; baseline -0.004 0"><span class='ocrx_word' id='word_1_293' title='bbox 742 3430 872 3491; x_wconf 88' lang='lat' dir='ltr'>Thesis</span> <span class='ocrx_word' id='word_1_294' title='bbox 895 3428 983 3491; x_wconf 92' lang='lat' dir='ltr'>XVI.</span> 
     </span>
    </p>

    <p class='ocr_par' dir='ltr' id='par_1_12' title="bbox 182 3516 1547 3863">
     <span class='ocr_line' id='line_1_36' title="bbox 272 3516 1547 3596; baseline 0.002 -18"><span class='ocrx_word' id='word_1_295' title='bbox 272 3516 332 3578; x_wconf 83' lang='lat' dir='ltr'>Est</span> <span class='ocrx_word' id='word_1_296' title='bbox 354 3525 454 3577; x_wconf 89' lang='lat' dir='ltr'>autem</span> <span class='ocrx_word' id='word_1_297' title='bbox 478 3516 589 3594; x_wconf 84' lang='lat' dir='ltr'>duplex</span> <span class='ocrx_word' id='word_1_298' title='bbox 611 3518 715 3579; x_wconf 91' lang='lat' dir='ltr'>Lunae</span> <span class='ocrx_word' id='word_1_299' title='bbox 739 3519 852 3592; x_wconf 87' lang='lat' dir='ltr'>virtus,</span> <span class='ocrx_word' id='word_1_300' title='bbox 878 3518 975 3579; x_wconf 87' lang='lat' dir='ltr'>altera</span> <span class='ocrx_word' id='word_1_301' title='bbox 998 3523 1166 3590; x_wconf 87' lang='lat' dir='ltr'>menstrua,</span> <span class='ocrx_word' id='word_1_302' title='bbox 1192 3517 1229 3577; x_wconf 92' lang='lat' dir='ltr'>de</span> <span class='ocrx_word' id='word_1_303' title='bbox 1254 3535 1310 3596; x_wconf 89' lang='lat' dir='ltr'>qua</span> <span class='ocrx_word' id='word_1_304' title='bbox 1332 3516 1398 3595; x_wconf 91' lang='lat' dir='ltr'>jam</span> <span class='ocrx_word' id='word_1_305' title='bbox 1423 3518 1503 3593; x_wconf 85' lang='lat' dir='ltr'>dixi,</span> <span class='ocrx_word' id='word_1_306' title='bbox 1528 3538 1547 3580; x_wconf 77' lang='lat' dir='ltr'>a</span> 
     </span>
     <span class='ocr_line' id='line_1_37' title="bbox 183 3600 1544 3684; baseline -0.001 -15"><span class='ocrx_word' id='word_1_307' title='bbox 183 3600 320 3669; x_wconf 88' lang='lat' dir='ltr'>mutabili</span> <span class='ocrx_word' id='word_1_308' title='bbox 344 3606 449 3667; x_wconf 86' lang='lat' dir='ltr'>Lunae</span> <span class='ocrx_word' id='word_1_309' title='bbox 474 3604 550 3666; x_wconf 89' lang='lat' dir='ltr'>facie</span> <span class='ocrx_word' id='word_1_310' title='bbox 575 3607 764 3684; x_wconf 88' lang='lat' dir='ltr'>dependeus;</span> <span class='ocrx_word' id='word_1_311' title='bbox 791 3607 889 3668; x_wconf 88' lang='lat' dir='ltr'>altera</span> <span class='ocrx_word' id='word_1_312' title='bbox 912 3607 1149 3677; x_wconf 89' lang='lat' dir='ltr'>semimenstrua,</span> <span class='ocrx_word' id='word_1_313' title='bbox 1176 3613 1207 3667; x_wconf 90' lang='lat' dir='ltr'>et</span> <span class='ocrx_word' id='word_1_314' title='bbox 1230 3607 1268 3668; x_wconf 94' lang='lat' dir='ltr'>ob</span> <span class='ocrx_word' id='word_1_315' title='bbox 1290 3605 1322 3667; x_wconf 91' lang='lat' dir='ltr'>id</span> <span class='ocrx_word' id='word_1_316' title='bbox 1339 3606 1434 3669; x_wconf 87' lang='lat' dir='ltr'>etiam</span> <span class='ocrx_word' id='word_1_317' title='bbox 1449 3607 1544 3669; x_wconf 90' lang='lat' dir='ltr'>semi-</span> 
     </span>
     <span class='ocr_line' id='line_1_38' title="bbox 183 3694 1545 3776; baseline 0.001 -18"><span class='ocrx_word' id='word_1_318' title='bbox 183 3695 297 3770; x_wconf 90' lang='lat' dir='ltr'>diuma,</span> <span class='ocrx_word' id='word_1_319' title='bbox 322 3694 452 3774; x_wconf 90' lang='lat' dir='ltr'>quaein</span> <span class='ocrx_word' id='word_1_320' title='bbox 477 3695 659 3757; x_wconf 88' lang='lat' dir='ltr'>medicorum</span> <span class='ocrx_word' id='word_1_321' title='bbox 682 3696 809 3758; x_wconf 91' lang='lat' dir='ltr'>crisibus</span> <span class='ocrx_word' id='word_1_322' title='bbox 834 3695 922 3776; x_wconf 87' lang='lat' dir='ltr'>inque</span> <span class='ocrx_word' id='word_1_323' title='bbox 946 3696 1038 3756; x_wconf 91' lang='lat' dir='ltr'>maris</span> <span class='ocrx_word' id='word_1_324' title='bbox 1067 3702 1154 3755; x_wconf 89' lang='lat' dir='ltr'>aestu</span> <span class='ocrx_word' id='word_1_325' title='bbox 1175 3695 1326 3776; x_wconf 88' lang='lat' dir='ltr'>reciproco</span> <span class='ocrx_word' id='word_1_326' title='bbox 1351 3695 1545 3775; x_wconf 76' lang='lat' dir='ltr'>potissimam</span> 
     </span>
     <span class='ocr_line' id='line_1_39' title="bbox 182 3783 623 3863; baseline 0.005 -19"><span class='ocrx_word' id='word_1_327' title='bbox 182 3785 242 3846; x_wconf 88' lang='lat' dir='ltr'>vim</span> <span class='ocrx_word' id='word_1_328' title='bbox 267 3785 368 3856; x_wconf 89' lang='lat' dir='ltr'>habet,</span> <span class='ocrx_word' id='word_1_329' title='bbox 393 3783 429 3844; x_wconf 89' lang='lat' dir='ltr'>de</span> <span class='ocrx_word' id='word_1_330' title='bbox 454 3802 512 3863; x_wconf 88' lang='lat' dir='ltr'>qua</span> <span class='ocrx_word' id='word_1_331' title='bbox 535 3783 623 3846; x_wconf 92' lang='lat' dir='ltr'>iufra.</span> 
     </span>
    </p>

    <p class='ocr_par' dir='ltr' id='par_1_13' title="bbox 728 3869 993 3933">
     <span class='ocr_line' id='line_1_40' title="bbox 728 3869 993 3933; baseline 0 -1"><span class='ocrx_word' id='word_1_332' title='bbox 728 3870 866 3932; x_wconf 88' lang='lat' dir='ltr'>Thesis</span> <span class='ocrx_word' id='word_1_333' title='bbox 889 3869 993 3933; x_wconf 88' lang='lat' dir='ltr'>XVII.</span> 
     </span>
    </p>

    <p class='ocr_par' dir='ltr' id='par_1_14' title="bbox 182 3957 1544 4486">
     <span class='ocr_line' id='line_1_41' title="bbox 272 3957 1544 4040; baseline 0.004 -21"><span class='ocrx_word' id='word_1_334' title='bbox 272 3958 504 4039; x_wconf 85' lang='lat' dir='ltr'>Quibuscunque</span> <span class='ocrx_word' id='word_1_335' title='bbox 529 3960 630 4040; x_wconf 89' lang='lat' dir='ltr'>itaque</span> <span class='ocrx_word' id='word_1_336' title='bbox 655 3961 760 4022; x_wconf 90' lang='lat' dir='ltr'>diebus</span> <span class='ocrx_word' id='word_1_337' title='bbox 784 3961 813 4021; x_wconf 95' lang='lat' dir='ltr'>iu</span> <span class='ocrx_word' id='word_1_338' title='bbox 838 3960 1010 4021; x_wconf 87' lang='lat' dir='ltr'>calendario</span> <span class='ocrx_word' id='word_1_339' title='bbox 1035 3957 1217 4020; x_wconf 87' lang='lat' dir='ltr'>novilunium</span> <span class='ocrx_word' id='word_1_340' title='bbox 1240 3957 1407 4035; x_wconf 87' lang='lat' dir='ltr'>iuvenitur,</span> <span class='ocrx_word' id='word_1_341' title='bbox 1434 3960 1544 4024; x_wconf 88' lang='lat' dir='ltr'>bumo-</span> 
     </span>
     <span class='ocr_line' id='line_1_42' title="bbox 183 4047 1543 4129; baseline 0 -17"><span class='ocrx_word' id='word_1_342' title='bbox 183 4067 232 4112; x_wconf 92' lang='lat' dir='ltr'>res</span> <span class='ocrx_word' id='word_1_343' title='bbox 261 4055 404 4128; x_wconf 90' lang='lat' dir='ltr'>quantum</span> <span class='ocrx_word' id='word_1_344' title='bbox 437 4068 456 4107; x_wconf 91' lang='lat' dir='ltr'>a</span> <span class='ocrx_word' id='word_1_345' title='bbox 483 4049 569 4109; x_wconf 91' lang='lat' dir='ltr'>Luna</span> <span class='ocrx_word' id='word_1_346' title='bbox 598 4050 732 4129; x_wconf 88' lang='lat' dir='ltr'>pendent</span> <span class='ocrx_word' id='word_1_347' title='bbox 770 4056 857 4110; x_wconf 86' lang='lat' dir='ltr'>eruut</span> <span class='ocrx_word' id='word_1_348' title='bbox 887 4049 1050 4122; x_wconf 89' lang='lat' dir='ltr'>imminuti,</span> <span class='ocrx_word' id='word_1_349' title='bbox 1095 4047 1201 4127; x_wconf 90' lang='lat' dir='ltr'>quibus</span> <span class='ocrx_word' id='word_1_350' title='bbox 1231 4068 1302 4110; x_wconf 91' lang='lat' dir='ltr'>vero</span> <span class='ocrx_word' id='word_1_351' title='bbox 1333 4049 1543 4128; x_wconf 83' lang='lat' dir='ltr'>plenilunium,</span> 
     </span>
     <span class='ocr_line' id='line_1_43' title="bbox 183 4136 1544 4219; baseline 0.004 -22"><span class='ocrx_word' id='word_1_352' title='bbox 183 4136 275 4199; x_wconf 70' lang='lat' dir='ltr'>auch.</span> <span class='ocrx_word' id='word_1_353' title='bbox 323 4137 368 4197; x_wconf 89' lang='lat' dir='ltr'>At</span> <span class='ocrx_word' id='word_1_354' title='bbox 390 4156 455 4198; x_wconf 91' lang='lat' dir='ltr'>oum</span> <span class='ocrx_word' id='word_1_355' title='bbox 481 4137 509 4198; x_wconf 95' lang='lat' dir='ltr'>iu</span> <span class='ocrx_word' id='word_1_356' title='bbox 534 4138 579 4199; x_wconf 91' lang='lat' dir='ltr'>his</span> <span class='ocrx_word' id='word_1_357' title='bbox 599 4139 663 4219; x_wconf 90' lang='lat' dir='ltr'>jam</span> <span class='ocrx_word' id='word_1_358' title='bbox 683 4138 789 4210; x_wconf 89' lang='lat' dir='ltr'>dictis,</span> <span class='ocrx_word' id='word_1_359' title='bbox 823 4145 887 4199; x_wconf 92' lang='lat' dir='ltr'>tum</span> <span class='ocrx_word' id='word_1_360' title='bbox 912 4137 1004 4198; x_wconf 89' lang='lat' dir='ltr'>etiam</span> <span class='ocrx_word' id='word_1_361' title='bbox 1028 4138 1056 4198; x_wconf 94' lang='lat' dir='ltr'>in</span> <span class='ocrx_word' id='word_1_362' title='bbox 1082 4137 1274 4217; x_wconf 83' lang='lat' dir='ltr'>quadraturis</span> <span class='ocrx_word' id='word_1_363' title='bbox 1304 4139 1448 4201; x_wconf 90' lang='lat' dir='ltr'>humores</span> <span class='ocrx_word' id='word_1_364' title='bbox 1476 4159 1544 4202; x_wconf 88' lang='lat' dir='ltr'>mo·</span> 
     </span>
     <span class='ocr_line' id='line_1_44' title="bbox 183 4225 1544 4308; baseline 0.005 -23"><span class='ocrx_word' id='word_1_365' title='bbox 183 4227 331 4288; x_wconf 85' lang='lat' dir='ltr'>vebuntur</span> <span class='ocrx_word' id='word_1_366' title='bbox 356 4226 465 4287; x_wconf 87' lang='lat' dir='ltr'>valide.</span> <span class='ocrx_word' id='word_1_367' title='bbox 513 4227 597 4288; x_wconf 89' lang='lat' dir='ltr'>Haec</span> <span class='ocrx_word' id='word_1_368' title='bbox 622 4236 671 4289; x_wconf 88' lang='lat' dir='ltr'>est</span> <span class='ocrx_word' id='word_1_369' title='bbox 686 4227 815 4306; x_wconf 82' lang='lat' dir='ltr'>simplex</span> <span class='ocrx_word' id='word_1_370' title='bbox 840 4235 870 4288; x_wconf 92' lang='lat' dir='ltr'>et</span> <span class='ocrx_word' id='word_1_371' title='bbox 894 4245 975 4287; x_wconf 89' lang='lat' dir='ltr'>mere</span> <span class='ocrx_word' id='word_1_372' title='bbox 1000 4225 1183 4305; x_wconf 86' lang='lat' dir='ltr'>astrologica</span> <span class='ocrx_word' id='word_1_373' title='bbox 1205 4227 1389 4305; x_wconf 89' lang='lat' dir='ltr'>praedictio,</span> <span class='ocrx_word' id='word_1_374' title='bbox 1414 4227 1544 4308; x_wconf 74' lang='lat' dir='ltr'>quaesi</span> 
     </span>
     <span class='ocr_line' id='line_1_45' title="bbox 182 4307 1544 4397; baseline 0.003 -20"><span class='ocrx_word' id='word_1_375' title='bbox 182 4332 238 4395; x_wconf 87' lang='lat' dir='ltr'>per</span> <span class='ocrx_word' id='word_1_376' title='bbox 262 4314 398 4395; x_wconf 87' lang='lat' dir='ltr'>singulas</span> <span class='ocrx_word' id='word_1_377' title='bbox 423 4307 506 4376; x_wconf 83' lang='lat' dir='ltr'>artes</span> <span class='ocrx_word' id='word_1_378' title='bbox 530 4316 730 4389; x_wconf 86' lang='lat' dir='ltr'>diduceretur,</span> <span class='ocrx_word' id='word_1_379' title='bbox 757 4316 929 4394; x_wconf 88' lang='lat' dir='ltr'>astrologus</span> <span class='ocrx_word' id='word_1_380' title='bbox 953 4314 1065 4377; x_wconf 89' lang='lat' dir='ltr'>limites</span> <span class='ocrx_word' id='word_1_381' title='bbox 1091 4334 1163 4377; x_wconf 88' lang='lat' dir='ltr'>suae</span> <span class='ocrx_word' id='word_1_382' title='bbox 1186 4316 1386 4397; x_wconf 85' lang='lat' dir='ltr'>professionis</span> <span class='ocrx_word' id='word_1_383' title='bbox 1409 4318 1544 4382; x_wconf 84' lang='lat' dir='ltr'>excede·</span> 
     </span>
     <span class='ocr_line' id='line_1_46' title="bbox 184 4400 1298 4486; baseline 0 -20"><span class='ocrx_word' id='word_1_384' title='bbox 184 4413 240 4480; x_wconf 90' lang='lat' dir='ltr'>ret,</span> <span class='ocrx_word' id='word_1_385' title='bbox 265 4406 408 4484; x_wconf 87' lang='lat' dir='ltr'>fieretque</span> <span class='ocrx_word' id='word_1_386' title='bbox 433 4403 576 4484; x_wconf 88' lang='lat' dir='ltr'>agricola,</span> <span class='ocrx_word' id='word_1_387' title='bbox 601 4408 745 4477; x_wconf 90' lang='lat' dir='ltr'>medicus,</span> <span class='ocrx_word' id='word_1_388' title='bbox 769 4405 922 4486; x_wconf 90' lang='lat' dir='ltr'>chymicus</span> <span class='ocrx_word' id='word_1_389' title='bbox 946 4405 999 4466; x_wconf 80' lang='lat' dir='ltr'>duc.</span> <span class='ocrx_word' id='word_1_390' title='bbox 1294 4400 1298 4404; x_wconf 49' lang='grc'>“</span> 
     </span>
    </p>
   </div>
   <div class='ocr_carea' id='block_1_3' title="bbox 723 4492 999 4555">
    <p class='ocr_par' dir='ltr' id='par_1_15' title="bbox 723 4492 999 4555">
     <span class='ocr_line' id='line_1_47' title="bbox 723 4492 999 4555; baseline -0.007 0"><span class='ocrx_word' id='word_1_391' title='bbox 723 4493 857 4555; x_wconf 84' lang='lat' dir='ltr'>Thesis</span> <span class='ocrx_word' id='word_1_392' title='bbox 880 4492 999 4554; x_wconf 94' lang='lat' dir='ltr'>XVIII.</span> 
     </span>
    </p>
   </div>
   <div class='ocr_carea' id='block_1_4' title="bbox 183 4577 1543 4751">
    <p class='ocr_par' dir='ltr' id='par_1_16' title="bbox 183 4577 1543 4751">
     <span class='ocr_line' id='line_1_48' title="bbox 273 4577 1543 4666; baseline 0.002 -24"><span class='ocrx_word' id='word_1_393' title='bbox 273 4579 426 4643; x_wconf 88' lang='lat' dir='ltr'>interdum</span> <span class='ocrx_word' id='word_1_394' title='bbox 459 4590 559 4644; x_wconf 91' lang='lat' dir='ltr'>tamen</span> <span class='ocrx_word' id='word_1_395' title='bbox 588 4583 671 4662; x_wconf 82' lang='lat' dir='ltr'>Ipsos</span> <span class='ocrx_word' id='word_1_396' title='bbox 700 4582 812 4645; x_wconf 90' lang='lat' dir='ltr'>moueri</span> <span class='ocrx_word' id='word_1_397' title='bbox 843 4581 976 4661; x_wconf 76' lang='lat' dir='ltr'>expedit.</span> <span class='ocrx_word' id='word_1_398' title='bbox 1023 4580 1075 4645; x_wconf 93' lang='lat' dir='ltr'>Uti</span> <span class='ocrx_word' id='word_1_399' title='bbox 1100 4577 1244 4660; x_wconf 81' lang='lat' dir='ltr'>chymIcis</span> <span class='ocrx_word' id='word_1_400' title='bbox 1274 4580 1350 4642; x_wconf 85' lang='lat' dir='ltr'>haec</span> <span class='ocrx_word' id='word_1_401' title='bbox 1379 4599 1438 4663; x_wconf 89' lang='lat' dir='ltr'>ego</span> <span class='ocrx_word' id='word_1_402' title='bbox 1470 4602 1543 4666; x_wconf 89' lang='lat' dir='ltr'>pro·</span> 
     </span>
     <span class='ocr_line' id='line_1_49' title="bbox 183 4669 1543 4751; baseline 0.005 -22"><span class='ocrx_word' id='word_1_403' title='bbox 183 4686 277 4750; x_wconf 90' lang='lat' dir='ltr'>pono,</span> <span class='ocrx_word' id='word_1_404' title='bbox 310 4669 404 4732; x_wconf 90' lang='lat' dir='ltr'>videri</span> <span class='ocrx_word' id='word_1_405' title='bbox 435 4671 631 4751; x_wconf 89' lang='lat' dir='ltr'>plenilunium</span> <span class='ocrx_word' id='word_1_406' title='bbox 661 4671 769 4734; x_wconf 79' lang='lat' dir='ltr'>fusium</span> <span class='ocrx_word' id='word_1_407' title='bbox 803 4670 993 4734; x_wconf 85' lang='lat' dir='ltr'>metallorum</span> <span class='ocrx_word' id='word_1_408' title='bbox 1023 4671 1198 4743; x_wconf 87' lang='lat' dir='ltr'>adversum,</span> <span class='ocrx_word' id='word_1_409' title='bbox 1231 4678 1354 4750; x_wconf 87' lang='lat' dir='ltr'>propter</span> <span class='ocrx_word' id='word_1_410' title='bbox 1388 4672 1543 4736; x_wconf 86' lang='lat' dir='ltr'>humidum</span> 
     </span>
    </p>
   </div>
   <div class='ocr_carea' id='block_1_5' title="bbox 182 4757 1543 4926">
    <p class='ocr_par' dir='ltr' id='par_1_17' title="bbox 182 4757 1543 4926">
     <span class='ocr_line' id='line_1_50' title="bbox 182 4757 1543 4844; baseline 0.005 -26"><span class='ocrx_word' id='word_1_411' title='bbox 182 4757 272 4819; x_wconf 90' lang='lat' dir='ltr'>nimis</span> <span class='ocrx_word' id='word_1_412' title='bbox 296 4766 405 4822; x_wconf 72' lang='lat' dir='ltr'>aerem.</span> <span class='ocrx_word' id='word_1_413' title='bbox 452 4760 486 4821; x_wconf 93' lang='lat' dir='ltr'>ld</span> <span class='ocrx_word' id='word_1_414' title='bbox 517 4762 543 4823; x_wconf 92' lang='lat' dir='ltr'>si</span> <span class='ocrx_word' id='word_1_415' title='bbox 572 4768 635 4835; x_wconf 83' lang='lat' dir='ltr'>est,</span> <span class='ocrx_word' id='word_1_416' title='bbox 668 4780 797 4844; x_wconf 86' lang='lat' dir='ltr'>magnus</span> <span class='ocrx_word' id='word_1_417' title='bbox 826 4761 939 4823; x_wconf 85' lang='lat' dir='ltr'>orietur</span> <span class='ocrx_word' id='word_1_418' title='bbox 971 4765 1148 4840; x_wconf 85' lang='lat' dir='ltr'>aspectuum</span> <span class='ocrx_word' id='word_1_419' title='bbox 1177 4759 1314 4823; x_wconf 86' lang='lat' dir='ltr'>delectus</span> <span class='ocrx_word' id='word_1_420' title='bbox 1342 4759 1384 4824; x_wconf 79' lang='lat' dir='ltr'>au</span> <span class='ocrx_word' id='word_1_421' title='bbox 1406 4759 1543 4844; x_wconf 81' lang='lat' dir='ltr'>ipsorum</span> 
     </span>
     <span class='ocr_line' id='line_1_51' title="bbox 182 4863 268 4926; baseline 0.023 -20"><span class='ocrx_word' id='word_1_422' title='bbox 182 4863 268 4926; x_wconf 90' lang='lat' dir='ltr'>opus.</span> 
     </span>
    </p>
   </div>
   <div class='ocr_carea' id='block_1_6' title="bbox 0 0 1729 5542">
    <p class='ocr_par' dir='ltr' id='par_1_18' title="bbox 0 0 1729 5542">
     <span class='ocr_line' id='line_1_52' title="bbox 0 0 1729 5542; baseline 0 0"><span class='ocrx_word' id='word_1_423' title='bbox 0 0 1729 5542; x_wconf 95' lang='lat' dir='ltr'> </span> 
     </span>
    </p>
   </div>
  </div>
 </body>
</html>
