3428 5542
691 325 780 369 watra
797 317 894 371 Ursum·
1405 318 1472 385 269
1571 345 1576 351 ·

108 486 214 539 centra
236 476 349 539 orbium
379 484 497 538 tantum
521 495 587 538 cnm
610 476 681 538 Sole
706 484 823 548 movet,
855 476 954 537 altera
982 476 1011 537 in
1035 475 1132 555 ipannr
1165 477 1286 557 insuper
1308 477 1410 539 Solem
1435 498 1473 542 aa

108 568 248 628 collocat.
295 566 360 627 Nee
384 566 475 627 debet
497 582 617 627 movere
641 583 835 645 quemquam,
868 565 946 645 quod
976 566 1166 644 supradixi,
1198 566 1387 646 planetarum
1410 569 1471 631 oir-

107 655 205 717 cnitus
228 656 259 716 in
283 654 446 734 Apollonio
470 662 502 715 et
525 673 594 716 vero
619 659 652 713 et
674 654 744 714 ficto
769 654 806 714 ad
832 652 914 714 Solis
936 652 1157 733 praescriptum
1180 662 1213 716 et
1235 673 1302 716 cum
1321 671 1357 717 eo
1381 655 1472 719 sitnm

107 751 245 806 mutare:
270 750 304 804 nt
326 750 488 822 propterea
503 742 582 804 Urso
605 742 693 803 fidem
717 741 860 802 adhibeat
881 741 1040 811 asserenti,
1065 741 1259 821 Apollonium
1275 762 1312 811 ex
1331 743 1472 807 Aristar·

106 832 163 892 cbo
187 831 278 912 loqui.
324 831 405 894 Nam
430 830 455 891 si
478 838 635 911 utramque
660 830 784 891 formam
808 829 1006 908 problematis
1020 830 1214 909 Apolloniani
1239 831 1317 893 inter
1339 851 1372 893 se
1397 852 1471 895 eon-

108 921 200 994 feras‚
226 919 345 981 videbis
369 919 557 1005 occasionem
581 919 707 980 alterius
733 920 844 980 formae
869 918 1088 998 excogitandae
1112 938 1170 981 non
1190 939 1228 980 ex
1243 920 1316 982 visis
1330 919 1471 984 Aristar·
1495 954 1499 959 ·

86 1009 236 1082 ‚chiania
260 1008 315 1069 sed
340 1027 378 1070 ex
406 1007 516 1086 prioris
532 1010 655 1082 lormae,
682 1025 759 1086 quae
773 1007 961 1069 Ptolemaios
980 1016 1036 1080 est,
1063 1009 1300 1086 transpositione
1323 1010 1426 1072 fluere.

197 1095 273 1159 Cum
297 1096 374 1158 enim
393 1097 460 1176 jam
484 1104 547 1158 tum
571 1096 648 1157 inter
672 1103 861 1156 astronomos
879 1114 933 1156 aen
948 1104 1120 1175 geometras
1143 1098 1345 1170 convenisset,
1370 1098 1473 1161 omnia
1559 1177 1566 1181 ¹

105 1205 182 1266 qnae
209 1204 264 1265 per
291 1184 476 1248 eccentrinoe
500 1186 744 1246 demonstrantur
776 1202 866 1263 posse
890 1183 996 1245 itidem
1020 1192 1052 1245 et
1083 1201 1138 1263 per
1160 1185 1382 1248 conceutrioum
1405 1204 1472 1250 cunr

104 1275 256 1356 epicyclo:
289 1274 469 1353 Apollonius
498 1274 565 1353 jam
597 1273 624 1334 iu
657 1271 750 1352 priori
782 1271 980 1351 problematis
1012 1271 1059 1333 sui
1093 1274 1190 1334 forma
1221 1274 1472 1354 inaequalitatem

104 1362 124 1425 5
148 1364 339 1443 planetarum
362 1381 416 1442 per
438 1362 603 1443 epicyclnm
626 1361 656 1422 in
680 1361 871 1422 comentrico
895 1361 1016 1423 confieri
1041 1361 1080 1422 ab
1104 1363 1286 1425 astronomis
1311 1373 1473 1444 acceperet

106 1460 139 1512 et
158 1458 356 1513 assumserat.
404 1449 551 1512 Statnnnt
575 1450 652 1511 enim
676 1449 853 1509 Ptolemaici
877 1449 905 1510 in
931 1449 1052 1510 orbibus
1077 1445 1299 1529 Ssuperiomm
1323 1458 1388 1513 tres
1403 1470 1471 1515 esee

103 1540 282 1622 epinyclos,-
305 1539 355 1620 qui
379 1539 523 1618 superiori
548 1547 635 1619 parte
658 1537 688 1598 in
711 1537 838 1599 eandem
862 1539 984 1617 plagam
1009 1545 1187 1600 moveantur
1211 1557 1278 1600 cnm
1300 1540 1471 1602 eccentrico

103 1647 142 1688 ea
166 1630 241 1706 lege,
268 1638 310 1701 ut,
335 1646 402 1689 oum
426 1635 565 1689 centrum
593 1625 720 1709 epicyoli
744 1632 793 1686 est
816 1645 883 1687 cnm
907 1624 989 1698 Sole,
1012 1626 1137 1704 planeta
1160 1627 1333 1706 sitsemper
1347 1628 1377 1689 in
1393 1647 1471 1708 apo·

102 1736 179 1796 gaeo
204 1716 343 1798 epinycli.
390 1716 477 1778 Hane
501 1735 572 1796 ergo
598 1718 723 1777 l'ormam
748 1714 936 1792 transposuit
960 1714 1138 1793 Apollonius
1161 1715 1191 1776 in
1216 1717 1359 1791 alteram,
1394 1735 1473 1797 qnae

103 1806 134 1865 in
159 1805 328 1879 creentqioo
353 1804 508 1866 consistit:
533 1813 623 1883 utque
648 1803 678 1863 id
701 1810 783 1863 recte
808 1803 906 1877 fieret,
939 1803 1073 1882 oportuit
1097 1804 1214 1865 omnino
1239 1813 1353 1867 motum
1376 1805 1472 1869 centri

102 1893 265 1955 eccentrici
290 1892 354 1974 (qui
378 1900 426 1954 est
448 1911 502 1972 pro
526 1901 608 1954 motu
632 1890 772 1973 epinycli)
797 1891 836 1951 ad
860 1889 964 1952 Solem
988 1891 1125 1970 alligare,
1150 1891 1220 1973 qnia
1242 1893 1325 1974 prius
1348 1901 1381 1955 et
1404 1895 1470 1974 epi-

102 1983 182 2064 cycli
215 1982 297 2043 circa
329 2000 414 2043 suum
444 1989 578 2043 centrum
612 1978 769 2041 conversio
802 1981 840 2040 ad
865 1977 969 2041 Solem
1000 1980 1195 2059 alligabatur.
1242 1982 1327 2043 Haec
1350 1983 1471 2045 occasio

103 2071 193 2151 hujus
218 2070 430 2152 hypotheseos,
457 2089 513 2130 nou
539 2079 620 2131 certe
644 2068 715 2129 alia.

190 2158 467 2220 Demonstrationis
491 2176 585 2220 causa
609 2155 765 2219 describa-

99 2258 149 2309 tur
180 2255 283 2308 centro
313 2248 347 2307 M
379 2256 411 2307 et
443 2246 667 2309 eccentricitate
705 2243 771 2304 AM

99 2336 285 2398 eccentricus
303 2335 396 2398 EFH.
442 2333 518 2399 Cum
541 2353 613 2415 ergo
636 2341 771 2395 centrum

98 2426 132 2486 M
155 2426 221 2486 loco
244 2443 302 2485 non
318 2432 454 2486 movetur
480 2442 534 2502 per
557 2422 769 2485 circumferen-

99 2514 174 2574 tiam
201 2513 278 2587 MN,
312 2513 440 2575 circulns
466 2512 619 2592 perfectus
652 2509 768 2571 descri-

98 2604 187 2663 betur
225 2618 280 2680 per
315 2600 408 2663 ΕΒΗ.
465 2600 626 2662 Videbitur
668 2607 767 2660 motus
857 2609 861 2646 ἱ

99 2691 209 2752 stellae
222 2708 262 2750 ex
276 2690 307 2752 A
329 2692 435 2752 tardus
454 2689 535 2751 circa
548 2688 575 2749 Ε
590 2705 765 2768 apogaeum,

100 2779 188 2840 velox
220 2780 301 2841 circa
323 2780 349 2840 P
374 2779 557 2860 perigaeum.
604 2778 688 2839 Idem
713 2793 767 2836 ac·
813 2846 817 2857 1
876 2764 895 2803 ¹⁵

99 2869 195 2940 cidet,
227 2868 254 2929 si
286 2868 474 2930 describatur
505 2876 609 2929 centro
635 2866 666 2928 A
694 2883 768 2925 oon·
814 2874 818 2884 ·

99 2956 250 3019 centrious
277 2952 378 3030 1³01),
412 2964 444 3017 et
475 2957 504 3018 in
537 2975 573 3016 eo
605 2954 767 3036 epicyclus‚

98 3046 184 3125 cnjus
216 3045 319 3107 radius
352 3045 419 3120 BE,
465 3043 517 3107 CF
552 3046 601 3106 vel
633 3044 692 3104 ΒΗ
727 3041 770 3102 sit

99 3134 237 3215 aequalis
251 3135 316 3196 AM
333 3134 550 3196 eccentricitati
567 3133 676 3214 priori:
700 3150 767 3193 mo-

99 3233 149 3285 tus
176 3241 248 3285 vero
280 3224 325 3285 sio
356 3231 428 3284 snut
458 3224 640 3302 comparati,
671 3228 706 3284 ut
737 3227 769 3281 et

99 3312 181 3374 orbis
204 3312 265 3373 ME
287 3312 370 3393 prior
397 3330 486 3392 snper
508 3312 543 3373 M
574 3320 606 3374 et
629 3310 685 3373 AB
708 3328 767 3389 po·

99 3401 208 3464 sterior
231 3420 321 3480 super
344 3403 374 3462 A
398 3400 564 3481 aequaliter
587 3401 670 3462 etin
693 3417 767 3481 par-

99 3500 147 3553 tes
171 3491 296 3552 easdem
320 3490 478 3565 incedant,
510 3490 607 3552 lineae
630 3508 701 3551 vero
731 3506 768 3547 ex

98 3579 136 3653 E,
160 3580 196 3651 F,
217 3579 248 3640 H
269 3580 394 3659 planeta
407 3597 461 3659 per
473 3580 509 3654 B,
536 3577 572 3655 C,
586 3579 615 3639 D
635 3587 768 3640 centrum

100 3669 226 3749 epicycli
250 3670 358 3731 ducme
383 3667 567 3729 lineae'MA
591 3666 769 3729 eccentrici-

100 3759 158 3818 tati
171 3768 316 3838 perpetuo
332 3758 537 3837 aequidistent
551 3756 620 3818 dum
643 3757 853 3826 circumfertur
872 3765 901 3825 in
916 3763 1001 3829 1301)
1019 3765 1220 3846 conceutrico.
1268 3763 1338 3839 Qua
1351 3767 1471 3830 ratione

100 3847 238 3923 efficitur,
263 3856 297 3908 nt
320 3847 471 3928 epicyolns
494 3845 524 3906 in
549 3865 616 3908 sese
645 3852 676 3907 et
700 3860 841 3929 respectu
863 3852 956 3915 totins
981 3854 1113 3917 universi
1135 3873 1194 3916 non
1216 3856 1313 3918 minus
1334 3857 1472 3937 quiescat
1556 3881 1563 3895 ¹

101 3954 191 4017 qnam
215 3938 246 3998 M
269 3945 411 4017 punctum
436 3933 574 4017 quiescit.
624 3934 687 3997 Sed
711 3949 887 4014 geometrae
913 3943 950 4004 ad
975 3941 1018 4015 E,
1043 3940 1087 4018 G,
1112 3942 1128 4004 I
1151 3962 1319 4024 apogaeum
1343 3944 1471 4028 epicyoli

100 4026 299 4104 respicientes
323 4027 427 4086 dicunt
454 4023 607 4104 planetam
636 4024 665 4085 in
690 4025 826 4110 epicyclo
851 4051 911 4092 non
936 4031 1104 4112 quiescere,
1140 4032 1194 4094 sed
1223 4033 1336 4096 rnoveri
1358 4033 1390 4096 in
1413 4052 1470 4116 op-

100 4115 233 4195 positum
257 4113 424 4176 eccentrico
454 4131 496 4174 ac.
523 4130 561 4172 ex
586 4110 616 4173 G
638 4113 669 4173 in
693 4114 719 4174 F
741 4123 828 4179 tanto
853 4138 938 4195 arcu,
974 4127 1102 4201 quantus
1127 4130 1176 4182 est
1198 4119 1268 4193 Bc,
1301 4121 1352 4184 via
1374 4122 1470 4186 centri

104 4204 241 4286 epicycli.
287 4204 364 4265 Esto
384 4203 453 4282 jam
478 4209 512 4262 ut
526 4201 559 4261 M
574 4211 708 4263 centrum
732 4207 893 4270 eccentrici
908 4216 1064 4270 moveatur
1087 4218 1119 4271 et
1138 4209 1228 4272 aliter
1242 4209 1361 4292 quidem
1381 4229 1471 4292 quam

105 4294 307 4355 eccentricus:
333 4299 494 4353 moveatur
517 4291 605 4353 modo
629 4290 658 4351 in
681 4293 804 4372 plagam
829 4297 953 4358 eandem
977 4297 1116 4378 inquam
1140 4306 1172 4359 et
1195 4299 1389 4374 eccentricus‚
1415 4299 1470 4361 sed

104 4383 236 4445 velocius
261 4381 330 4457 ille,
355 4388 388 4442 nt
412 4381 599 4442 eccentricus
619 4380 739 4459 quidem
764 4386 903 4464 angulum
923 4384 1027 4461 QLK,
1053 4394 1190 4450 centrum
1212 4406 1284 4451 vero
1309 4388 1470 4450 eccentrici

102 4472 245 4551 angulum
268 4471 360 4532 MAL
390 4469 559 4531 conficiant.
606 4469 677 4530 Fiet
709 4471 764 4533 hoc
793 4481 884 4552 pacto
920 4482 955 4536 ut
977 4475 1070 4536 stella
1102 4476 1140 4537 ab
1162 4475 1189 4536 Ε
1214 4475 1243 4538 in
1267 4475 1297 4537 K
1323 4475 1471 4538 velociter

103 4561 244 4624 videatur
266 4560 449 4621 descendere
482 4578 537 4620 nec
566 4557 709 4620 circulum
738 4562 905 4640 perfectum
935 4562 1097 4625 describat.
1144 4563 1228 4625 Idem
1256 4564 1291 4625 dt
1317 4582 1372 4644 per
1394 4582 1468 4626 con-

104 4650 268 4712 ceutricnm
296 4668 362 4710 eum
386 4647 535 4728 epicyclo‚
570 4645 620 4707 nbi
651 4649 858 4712 conceutricus
887 4650 936 4713 hic
965 4651 1045 4714 illins
1062 4651 1229 4714 eccentrici
1259 4658 1374 4714 motum
1397 4670 1468 4715 sus·

103 4739 187 4819 cipit,
212 4737 365 4820 epicyclus
389 4755 461 4816 vero
485 4735 601 4798 sivein
626 4753 662 4796 eo
686 4738 778 4799 atella
800 4739 830 4800 K
853 4747 969 4802 motum
992 4739 1054 4802 illic
1078 4739 1173 4802 centri
1202 4738 1375 4814 eccentrici,
1409 4759 1468 4803 nu·

103 4828 279 4892 morandum
302 4845 323 4887 a
345 4827 425 4889 linea
446 4825 506 4888 ΒΗ
531 4824 755 4906 aequidistante
778 4826 858 4904 AM,
887 4835 923 4891 ut
944 4827 1034 4892 ΗΒΚ
1057 4836 1090 4893 et
1110 4828 1204 4892 MAL
1226 4824 1290 4891 sint
1312 4828 1467 4912 aequales.
