3428 5542
717 299 878 351 Prooemium.
1431 299 1470 367 61

118 456 307 578 lfsujpisdigegerir
325 458 426 521 similia,
446 464 520 525 atque
538 460 680 523 praesertim
707 461 783 511 etiam
806 460 894 512 calculi
917 460 1027 512 laborem
1045 466 1071 511 et
1087 460 1197 511 taedium
1221 476 1270 512 nen
1289 476 1344 513 esse
1362 463 1430 512 oneri
1448 468 1475 513 et

130 542 159 576 as
206 544 220 578 e
262 544 284 579 e.

192 598 285 660 Quibus
302 604 443 665 praemissis
461 602 514 651 adit
531 600 613 650 Here.
632 603 802 667 quaestionem
829 603 860 653 de
883 604 985 654 Lucano
1011 602 1133 668 pluribus,
1160 604 1208 655 alio
1232 603 1286 652 loco
1308 602 1472 660 inserendam.

119 673 199 720 etsie
218 673 356 722 concludit:
374 672 490 723 Petitioni
509 680 568 721 tuae
587 675 682 737 utrique
701 674 852 723 satisfaciam
870 690 914 738 pro
932 676 1021 724 viribus
1049 684 1075 724 et
1100 673 1159 724 mihi
1184 689 1236 724 rem
1261 681 1358 739 pssum
1375 674 1472 731 leceris.

119 745 141 791 si
159 743 229 805 plura
246 747 354 807 petieris,
373 743 420 793 hac
439 745 504 795 enim
523 746 652 794 occasione
671 759 758 794 ansam
777 746 882 809 arripere
900 761 1008 809 possum,
1027 753 1055 795 ut
1073 752 1099 795 et
1117 746 1161 794 tibi
1178 746 1249 810 plura
1266 746 1379 795 scribam.

190 813 263 864 Diess
283 815 417 865 Schreiben
434 813 595 865 iiberschiclse
620 816 660 865 ich
683 818 776 865 melnes
802 832 844 881 gn.
863 817 968 867 Fiirsteu
987 832 1011 866 ιι.
1030 817 1111 866 Herrn
1134 823 1243 883 egentem
1266 831 1297 866 au
1316 816 1397 882 Prag,
1415 815 1471 866 Joh.

119 883 288 942 Meuhardcn,
315 887 336 936 1.
355 886 391 936 M.
410 885 585 936 Lateinischeu
605 886 725 950 Cantiley
747 887 933 953 Regiatratoren
957 904 987 938 zu
1012 887 1092 953 Prag,
1121 888 1225 938 welches
1249 887 1282 936 Es
1310 888 1366 937 dem
1391 886 1472 937 Herm

120 954 202 1016 Casal,
221 957 241 1007 1.
261 958 363 1008 Durchl.
384 957 523 1023 Ernherzog
540 958 692 1008 Perdinsnds
711 957 779 1008 Rath
795 974 822 1008 u.
840 959 1039 1009 Hotseeretarien
1064 957 1212 1010 seumichen
1234 959 1330 1008 rrilrdet
1352 974 1376 1008 ιι.
1396 958 1472 1008 durch

119 1026 170 1077 diss
188 1029 248 1078 oder
266 1029 422 1094 dergleichen
440 1028 523 1079 Mittel
540 1027 609 1079 kann
628 1030 671 1079 der
687 1030 751 1079 Herr
768 1030 832 1093 yede
850 1030 926 1090 Post,
946 1044 1019 1080 vanu
1043 1030 1077 1079 Er
1098 1031 1164 1088 vill,
1190 1031 1237 1080 mir
1263 1029 1390 1080 schrelbeu
1414 1043 1471 1079 sue·
1549 1062 1553 1071 -

118 1099 245 1182 echichen,
264 1115 336 1151 wann
355 1100 389 1150 Er
407 1101 480 1151 allein
499 1103 539 1150 ein
558 1100 649 1164 (lopert
665 1101 771 1152 daritber
789 1115 823 1151 au
841 1103 959 1153 ermelten
976 1101 1000 1153 J.
1020 1101 1141 1153 hlenhard
1153 1101 1247 1159 matht,
1266 1101 1317 1151 und
1328 1100 1394 1152 nach
1406 1100 1473 1169 Prag

119 1168 288 1293 sehlclibrerlsitt
305 1256 356 1299 vas
374 1243 430 1294 dem
448 1242 529 1293 Herrn
547 1242 596 1292 lieb
614 1243 664 1292 und
683 1244 829 1310 angenemb.

224 1313 320 1365 Datum
337 1314 472 1373 Miinchen,
491 1315 540 1365 deu
559 1312 637 1365 2tsen
655 1314 710 1365 Oct
730 1312 779 1365 h.⁰
797 1312 839 1364 97.

398 1400 402 1405 ·
895 1384 960 1435 Desa
977 1385 1058 1436 Herm
1077 1384 1261 1450 dienstwilliger

788 1457 866 1507 Hans
885 1456 968 1522 (isere
986 1455 1107 1508 Heraean
1125 1473 1148 1508 a.
1168 1455 1337 1523 Hohenberp.
1355 1455 1436 1523 hippr.

189 1545 333 1610 Inscriptio:
353 1545 417 1596 Dens
445 1547 600 1596 Ehrnaesteu
627 1546 699 1597 Hoch
716 1546 767 1596 und
784 1545 968 1611 Wohlgelerten
986 1545 1107 1611 Magister
1132 1545 1213 1597 Johan
1231 1545 1334 1610 Kepler,
1353 1545 1397 1597 der
1413 1546 1470 1597 leti.

116 1615 280 1668 Laudatasud
297 1633 329 1666 za
346 1616 506 1682 Steyrmarkh
522 1618 710 1676 Mathematici),
728 1618 835 1668 meinem
852 1618 953 1668 sonders
970 1616 1051 1668 lieben
1068 1616 1149 1682 Herm
1165 1615 1216 1668 uud
1234 1616 1352 1740 munz}

1352 1697 1400 1740 m·

187 1778 344 1841 Keplerur
361 1780 388 1829 in
405 1780 562 1843 responsione
581 1776 616 1840 (d.
635 1778 659 1827 d.
680 1773 722 1824 24.
743 1776 805 1828 Dec.
824 1774 871 1838 97)
899 1777 930 1827 de
958 1776 1060 1827 Lucano
1088 1778 1256 1843 quaestionem
1280 1779 1379 1843 propius
1408 1777 1471 1843 adit,

116 1863 154 1899 sie
173 1851 308 1914 incipiens:

207 1954 284 2019 Cum
308 1958 491 2039 accepissem
514 1957 619 2018 literas
643 1956 732 2028 Tuas,
759 1955 816 2016 Vir
838 1954 1008 2034 Magnifice,
1032 1955 1127 2017 Nonis
1141 1954 1318 2018 Decembris
1340 1956 1468 2031 circiter,
1506 2008 1509 2013 .

118 2053 152 2105 et
174 2046 462 2117 animadvertissem,
486 2054 520 2107 ut
543 2045 597 2107 tibi
621 2044 839 2118 satisfacerem,
863 2045 996 2106 nonnihil
1018 2044 1089 2106 mihi
1113 2044 1224 2107 laboris
1248 2063 1316 2107 esse
1339 2045 1469 2107 subeun-

121 2136 203 2195 dum:
222 2136 286 2215 jam
311 2146 387 2210 tum,
413 2136 524 2197 omissa
546 2154 618 2196 cura
644 2133 782 2196 celeriter
804 2132 1017 2212 respondendi,
1050 2134 1134 2214 coepi
1157 2135 1228 2196 mihi
1252 2134 1345 2197 otium
1373 2134 1469 2215 dispi-

119 2241 198 2285 cere.
242 2223 358 2296 Quibus
382 2226 460 2286 enim
483 2222 730 2302 occupationibus
754 2222 905 2303 (quamvis
929 2230 959 2284 ct
982 2223 1117 2303 privatus
1137 2231 1167 2285 et
1185 2223 1319 2304 juvenis)
1344 2222 1469 2287 distrin-

117 2331 190 2391 gar,
224 2333 281 2376 non
311 2322 358 2376 est
391 2332 499 2394 operae
529 2312 656 2393 pretium
687 2311 742 2372 tibi
769 2329 938 2386 recensere,
964 2312 1020 2374 uisi
1042 2321 1077 2374 ut
1105 2312 1136 2374 id
1163 2312 1338 2375 summatim
1360 2313 1468 2387 dicam,

116 2420 164 2462 me
188 2402 239 2464 vix
262 2404 420 2485 respirare.
468 2401 544 2465 Cum
572 2401 664 2481 igitur
693 2399 797 2462 dedita
821 2417 912 2478 opera
935 2420 995 2462 rem
1022 2402 1053 2463 in
1081 2400 1172 2463 ferias
1195 2401 1366 2476 natalitias,
1396 2420 1470 2483 quaa

111 2492 178 2570 jam
202 2491 260 2554 Dei
282 2493 470 2573 benignitate
494 2490 684 2571 attingimus,
710 2489 896 2571 rejecissem:
921 2498 955 2550 ut
977 2500 1079 2551 tamen
1101 2497 1187 2552 tanto
1215 2510 1314 2553 essem
1336 2489 1471 2572 paratior

115 2582 319 2658 postmodum,
358 2584 474 2644 interea
510 2581 667 2642 nonnullas
701 2579 790 2640 horas
819 2578 887 2640 aliis
920 2578 1070 2643 laboribus
1109 2579 1276 2641 mehercule
1310 2578 1469 2641 contemtia

117 2678 147 2729 et
169 2671 358 2748 poenitendis
382 2673 461 2733 furto
490 2669 576 2750 quasi
599 2676 719 2747 ereptas
743 2667 772 2728 in
797 2667 954 2728 lectionem
977 2667 1110 2738 Lucani,
1137 2666 1279 2730 Caesaris
1303 2678 1334 2731 et
1354 2669 1468 2730 utrius·

117 2776 172 2836 que
212 2757 365 2823 Ciceronis
403 2760 598 2840 epistolarum
626 2756 784 2818 voluminis
816 2756 949 2818 insumsi.
994 2756 1109 2818 Videor
1137 2767 1236 2819 autem
1266 2757 1338 2818 mihi
1367 2776 1404 2819 ex
1433 2774 1470 2819 ea

116 2846 245 2909 lectione
279 2849 308 2911 id
339 2869 406 2911 esse
439 2856 631 2922 consecutus,
656 2855 690 2908 ut
712 2846 825 2927 reliquo
850 2845 965 2914 labere,
994 2845 1052 2908 nisi
1074 2845 1200 2926 denique
1224 2845 1278 2907 abs
1304 2854 1335 2907 te
1354 2845 1468 2927 jussus,
1497 2884 1499 2889 .

115 2939 311 3015 supersedere
334 2938 465 3018 possim,
499 2946 532 2999 ut
560 2946 668 3017 postea
692 2935 854 3015 intelliges.

185 3042 244 3094 Jans
262 3051 430 3112 transgressus
448 3045 481 3095 ad
498 3043 629 3094 Lucanum
648 3044 685 3093 sic
705 3041 843 3093 concludit:

201 3134 286 3197 Haeo
310 3135 491 3215 intempesta
522 3142 625 3208 nocte,
659 3153 725 3196 cum
748 3131 820 3193 mihi
843 3131 946 3193 oblata
969 3137 1051 3191 esset
1078 3149 1097 3191 a
1120 3128 1295 3209 dignissimo
1318 3130 1357 3194 D.
1384 3127 1467 3193 Can·

117 3222 236 3286 cellario
261 3226 409 3287 scribendi
432 3223 562 3292 occasio,
587 3241 663 3303 quae
688 3229 864 3296 causaest,
894 3220 973 3302 quod
995 3218 1091 3281 literis
1115 3219 1318 3282 excellentiss.
1364 3220 1402 3282 D.
1426 3219 1465 3281 D.

114 3311 254 3388 Fichleri,
280 3314 384 3393 agnati
407 3315 476 3388 mei,
500 3313 530 3374 iu
554 3311 728 3394 praesentia
751 3329 807 3371 non
831 3309 1007 3390 respondeo.
1048 3308 1151 3387 Magn.
1167 3307 1355 3386 Dignitatem
1374 3309 1468 3372 Tuam

116 3401 246 3465 leliciter
269 3405 370 3466 valere
390 3404 491 3483 jubeo,
517 3411 548 3463 et
571 3402 651 3463 bona
675 3400 702 3462 ei
725 3398 793 3461 novi
817 3399 885 3461 anui
910 3397 1044 3477 auspicia
1066 3416 1180 3478 precor.

326 3494 428 3574 Magn.
451 3492 490 3553 D.
516 3491 549 3554 T.
968 3485 1110 3549 Studiose
1135 3483 1237 3548 Cliens

916 3575 963 3638 Μ.
988 3576 1116 3640 Jolane
1135 3573 1271 3657 Kepler,

757 3666 805 3728 Ill.
830 3663 950 3748 Styriee
973 3664 1202 3729 Prouincialium
1223 3662 1467 3727 Mathematicus.

185 3776 367 3825 Hermastus
385 3775 449 3825 haec
469 3773 595 3837 respoudit
613 3771 669 3837 (12.
688 3773 763 3823 Mart.
782 3768 846 3831 etl:
866 3807 873 3820 .
894 3808 900 3821 .
926 3771 1022 3822 Dessen
1042 3770 1176 3823 Schneihen
1199 3785 1253 3819 rom
1276 3767 1317 3821 24.
1337 3771 1400 3823 Dee.
1418 3771 1468 3822 hah

111 3845 154 3894 ich
171 3846 219 3896 hac
237 3848 292 3911 ipsa
312 3847 350 3896 die
371 3854 397 3896 et
415 3846 476 3895 hora
495 3846 651 3910 emplangen.
679 3845 749 3895 Thue
766 3843 832 3893 mich
851 3842 894 3892 der
912 3844 1093 3909 angerandten
1111 3840 1314 3909 hiiihenwaltunp
1332 3843 1468 3895 ireundlich

112 3916 244 3967 bedanhen
269 3918 320 3968 und
344 3918 434 3983 begere
460 3917 552 3967 dieselb
580 3916 711 3967 viederum
736 3914 898 3965 danhharlich
925 3931 956 3965 ru
974 3913 1132 3965 beschuldeu.
1170 3912 1366 3981 luteum-seque
1385 3916 1467 3966 animo

79 3986 222 4053 §accipiat
239 3989 409 4040 munusculum
427 3991 560 4046 minimum,
583 3988 686 4051 alienjus
703 3987 767 4036 forte
785 3987 840 4036 libri
857 3987 1029 4037 mathematici
1046 3987 1152 4050 pretinm
1169 3985 1285 4036 futurum.

183 4061 227 4111 leh
246 4062 287 4111 hin
305 4062 331 4110 iu
350 4062 444 4111 beedeu
463 4060 565 4112 calculis
582 4060 645 4109 wohl
664 4059 805 4115 contentirt,
826 4058 931 4116 behnde,
951 4059 1008 4109 dass
1022 4057 1138 4115 dieselbe,
1152 4058 1237 4121 paucis
1249 4060 1358 4109 minutiis
1370 4058 1466 4121 demtia,

112 4145 168 4180 cum
196 4147 250 4181 meo
279 4133 374 4183 calculo
393 4133 581 4189 concordieren,
607 4132 763 4188 sciderat,
787 4129 852 4195 quod
869 4132 1026 4194 quaerebam.
1063 4128 1139 4178 Danu
1158 4130 1197 4178 die
1215 4128 1343 4181 dvenitss
1361 4144 1466 4196 occupa·

112 4205 206 4252 tionum
224 4204 309 4254 macht
326 4204 393 4253 mich
411 4206 436 4253 in
455 4203 550 4253 calculo
568 4203 688 4265 yerreilen
705 4205 777 4251 irreu.
814 4200 857 4250 Ich
875 4201 924 4251 hah
944 4202 1024 4251 dieser
1041 4200 1096 4266 Τις
1114 4201 1169 4249 eine
1187 4200 1300 4252 hntrrort
1321 4217 1368 4252 ron
1387 4204 1467 4252 eluens

111 4274 290 4325 Mathematieo
310 4277 340 4324 de
360 4275 412 4324 Tuo
430 4274 595 4325 Prodromo
620 4274 782 4339 empiangen,
800 4272 843 4322 sed
862 4287 1004 4338 responsum
1022 4272 1082 4322 illud
1099 4272 1192 4321 nullum
1210 4278 1256 4329 est,
1293 4273 1346 4323 lma
1363 4272 1412 4323 srill
1424 4272 1467 4324 der

111 4352 193 4395 motus
211 4346 302 4397 Terrae
321 4361 367 4411 gar
383 4348 421 4397 nit
440 4345 569 4410 eingehen.

182 4416 251 4468 Mieh
269 4420 357 4468 nimmt
374 4418 497 4473 Wunder,
524 4417 581 4466 dass
605 4418 644 4466 nit
669 4419 737 4467 einer
762 4430 792 4465 ex
809 4416 917 4479 professo
935 4415 1001 4467 haue
1019 4417 1150 4467 materiam
1175 4418 1257 4469 narirt
1274 4414 1326 4465 und
1345 4414 1465 4475 deducirt,

111 4502 167 4538 cum
195 4498 357 4554 argumenta,
383 4491 528 4553 praesertim
553 4488 671 4551 physica,
696 4488 782 4552 quihus
808 4494 956 4553 computatur
980 4498 1061 4538 motus
1080 4489 1171 4539 Terrae
1195 4490 1278 4554 potins
1296 4500 1370 4552 quam
1387 4485 1466 4536 stellis

110 4559 165 4608 rixis
184 4562 324 4611 tribuendos
343 4576 410 4623 esse,
437 4577 487 4610 nou
506 4558 625 4610 deficiant
642 4558 819 4624 pulcherrima,
844 4561 988 4623 praesertim
1011 4575 1042 4611 ex
1063 4562 1160 4612 ratione
1183 4566 1323 4616 rentoruns,
1342 4558 1417 4609 maris
1436 4570 1466 4608 ex

110 4632 173 4680 freto
193 4635 321 4690 currentis,
340 4635 376 4682 uti
396 4639 422 4682 et
439 4633 517 4681 fluxus
536 4638 562 4680 et
579 4631 685 4681 refluxus
704 4632 785 4680 maris.

182 4703 306 4768 Philippus
325 4704 454 4768 Lansberg
472 4703 605 4753 meditatur
622 4717 698 4752 noras
717 4701 863 4766 hypotheses
882 4701 1052 4765 planetamm,
1080 4704 1106 4752 in
1131 4703 1217 4769 quibus
1245 4707 1356 4752 centrum
1374 4699 1466 4750 Terrae

110 4774 185 4823 fixum
203 4777 289 4839 ponit,
312 4776 417 4840 reliquos
439 4782 522 4825 autem
544 4780 625 4823 motus
642 4775 712 4838 primi
731 4774 826 4824 mobilis
845 4774 1058 4826 circumferentiae
1082 4775 1192 4839 ejusdem
1209 4774 1301 4824 tribuit
1339 4771 1390 4824 Sed
1406 4771 1467 4822 nihil

111 4845 193 4898 adhuc
210 4847 307 4911 prodiit.
345 4846 396 4899 Sed
413 4862 463 4898 non
480 4847 550 4897 rideo
569 4859 686 4907 oausam,
711 4861 755 4896 cur
771 4860 830 4917 ¹nors
855 4851 881 4896 et
905 4852 988 4898 centro
1008 4846 1099 4899 Terrae
1116 4854 1198 4899 motus
1216 4845 1316 4899 attribui
1332 4843 1422 4911 possit,
1440 4848 1468 4894 et
