3428 5542
533 311 562 363 ln
581 311 664 377 Opera
681 312 839 379 Astrologics
856 304 940 366 licite
957 313 1072 367 liditodr.
1394 304 1460 381 653

97 469 209 520 omnibus
230 472 281 521 iere
298 483 359 534 quos
380 468 458 519 edidit
474 469 541 521 libris
559 472 663 520 recurrit
690 472 797 522 innitens
816 471 927 522 theoriae
942 472 1044 522 (iilhorti
1057 486 1176 537 suumque
1187 473 1213 522 in
1232 487 1304 523 usum
1322 473 1390 523 illam
1407 488 1460 524 rer·

97 548 160 590 teus.
198 541 327 605 Copomici
345 541 491 603 hypothesin
511 556 528 592 a
546 542 653 591 Giiberto
674 544 827 599 „admirabili
846 542 948 593 solertia
965 544 1158 608 experiundique
1182 543 1303 593 industris
1321 545 1461 608 suppletam
1482 569 1490 580 r

98 611 169 660 esse“
191 619 277 663 censet
291 608 341 672 ,(ι.
361 626 381 659 ι.
401 625 426 674 p.
446 608 510 673 243)
538 626 657 676 suamque
675 615 750 676 ipsius
776 615 865 672 ,nimis
883 614 1051 664 confidenter⁸¹
1080 615 1112 663 ad
1137 616 1282 678 magnetica
1300 615 1404 665 Gilborti
1423 630 1461 671 ref

97 683 161 740 iort,
180 699 245 749 qnae
263 683 414 731 sententiam
432 697 503 732 suam
522 683 553 732 de
572 684 595 730 ri
613 685 748 733 attractiva
767 682 839 740 Solis,
865 683 896 734 dc
915 686 1020 734 motibus
1038 684 1194 747 planetarum
1214 699 1345 749 eorumque
1365 687 1462 736 orbibus

97 751 214 817 sliiptiois
234 752 380 803 confirmare
398 752 552 803 ridebantur.

186 824 226 874 De
246 823 380 872 Gilberti
398 823 451 871 rita
468 823 531 872 haec
549 837 631 887 pauca
648 830 780 872 notamus:
800 831 873 874 natus
893 830 931 873 est
949 838 971 872 c.
990 824 1221 874 mediumseoulum
1233 824 1302 883 xvl,
1322 827 1462 877 medicinae

97 901 124 944 ot
142 894 255 959 chymiao
275 905 374 955 operam
394 892 478 949 dabat,
497 895 571 957 inque
589 894 627 942 his
647 895 739 943 artibus
757 894 825 943 haud
843 909 929 958 parum
948 895 1204 958 proiecisseridetur,
1224 897 1260 944 ita
1277 903 1305 944 ut
1317 896 1463 946 Elisabetha

96 965 204 1028 Anglise
227 966 315 1027 regina
336 963 383 1024 ipsi
401 962 467 1012 haud
486 965 709 1026 parumftribuerot
727 964 866 1029 salarioque
886 979 970 1014 annuo
990 980 1045 1014 eum
1064 966 1210 1015 sublevaret.
1247 966 1351 1016 Praeter
1375 968 1462 1016 librum

99 1034 155 1093 „De
168 1033 304 1100 Magnete“
321 1035 480 1083 concinnavit
498 1033 555 1092 ,Do
567 1035 658 1084 mundo
672 1043 754 1083 nostro
768 1036 892 1085 sublunari
905 1036 1083 1099 philosophiam
1095 1036 1212 1090 norsm“.
1222 1051 1296 1100 quam
1309 1038 1397 1086 Frater
1408 1039 1461 1087 Gii-

96 1106 167 1164 bcrti,
183 1112 283 1155 auctore
296 1118 363 1153 anno
378 1101 454 1152 1603.
468 1112 573 1162 mortno,
587 1106 620 1155 sd
633 1113 719 1169 typum
731 1106 863 1169 disposuit;
878 1106 969 1169 prodiit
981 1120 1048 1155 anno
1061 1107 1159 1155 demum
1174 1103 1249 1154 libi.
1270 1109 1457 1159 Amstoiodauri.

188 1190 216 1253 d)
234 1208 259 1256 p.
280 1188 340 1240 35².
377 1192 513 1255 Keplsrum
526 1193 625 1242 viduam
638 1192 735 1243 duxisse
749 1194 856 1243 Grastiis
874 1194 1003 1243 oriundam
1021 1195 1103 1258 ibique
1116 1195 1182 1243 hona
1202 1194 1368 1258 possidentem
1388 1210 1463 1258 supra

98 1266 134 1330 (p.
154 1262 202 1319 tt)
220 1263 333 1311 diximus.
371 1261 456 1312 liebus
481 1265 506 1313 in
526 1262 610 1326 Scyria
635 1271 722 1313 eontra
748 1267 812 1314 ιιιιι
841 1264 943 1314 Lnthsri
962 1265 1019 1313 ίιιιι
1039 1265 1150 1313 ιιιιιιοι
1170 1266 1247 1329 gestis
1266 1267 1347 1314 uxoris
1366 1280 1462 1330 quoque

97 1335 200 1398 Kspleri
218 1336 319 1397 ejusque
338 1332 405 1382 tiliae
424 1348 453 1382 er
472 1336 552 1397 priore
569 1335 724 1383 matrimonio
742 1342 875 1399 susceptae
894 1332 1033 1400 (Reginae)
1060 1336 1126 1384 bona
1145 1334 1346 1393 infestabantur,
1366 1344 1392 1385 et
1409 1339 1462 1400 ipss

97 1408 227 1472 plurimum
246 1404 389 1454 vexabatur.
418 1404 541 1453 Herwsrti
560 1406 592 1454 ab
604 1405 756 1470 Hohenburg
779 1407 956 1455 intercessione
975 1405 1099 1460 Casaiius.
1118 1406 1250 1456 Archiduoi
1271 1407 1427 1456 lerdinando
1446 1422 1463 1456 s

98 1477 224 1531 consiliis,
244 1474 350 1524 Graetiis
376 1490 415 1523 res
438 1474 539 1539 Kepleri
567 1475 717 1526 „benerole“
747 1476 872 1526 adfinem
891 1477 1020 1540 perduxit,
1051 1477 1108 1525 dnm
1126 1477 1249 1541 Keplerus
1268 1475 1345 1540 perd
1364 1492 1461 1527 ιιιιιιι
1519 1532 1522 1537 ,

99 1549 152 1598 illic
170 1546 315 1595 versabatur
333 1542 403 1604 (inde
423 1545 454 1595 ah
472 1545 538 1596 lulio
557 1547 582 1594 in
601 1544 771 1609 Septembrem
791 1548 849 1595 anni
870 1543 959 1607 1605).

191 1616 231 1665 Do
249 1615 286 1664 his
307 1622 334 1665 et
350 1615 440 1665 salario
458 1631 502 1666 sno
521 1616 644 1680 Keplerus
664 1631 720 1666 cum
737 1616 867 1666 Hernarto
884 1617 948 1668 haec
966 1631 1009 1680 per
1027 1616 1111 1666 literas
1130 1619 1198 1683 egit:

188 1705 238 1756 Die
258 1699 301 1753 ii.
322 1702 384 1753 Nor.
406 1701 491 1753 1602.
506 1704 694 1755 Hervartus
710 1704 821 1769 Kepiero
839 1705 946 1768 scripsit:

187 1777 233 1826 Ais
251 1775 284 1825 D.
304 1774 424 1824 Pistorius
442 1775 495 1825 hier
512 1775 691 1839 durchgereist,
710 1776 760 1825 hah
778 1775 818 1825 ich
836 1777 875 1824 uit
892 1773 1064 1831 unterlassen,
1084 1776 1226 1840 gebiirende
1245 1777 1329 1828 oldoia
1346 1777 1397 1827 ιιι
1417 1776 1460 1829 lir-

97 1846 234 1911 hltrungon
253 1860 285 1895 su
304 1844 374 1900 thum
394 1859 422 1894 so
439 1846 521 1895 seioer
539 1845 596 1895 Zeit
614 1847 652 1894 nit
671 1845 734 1895 ohne
754 1845 845 1895 l'rucht
864 1846 977 1910 ahgehon
997 1846 1102 1895 werden.

177 1919 272 1982 Wegen
302 1916 346 1965 des
365 1915 445 1965 Herm
465 1917 617 1966 bestimmter
633 1915 777 1981 Besoldung
795 1917 837 1965 hin
856 1916 913 1974 ich,
942 1916 1068 1966 rielleioht
1090 1916 1155 1967 ohne
1181 1932 1334 1982 genugsame
1353 1918 1461 1978 Ursaeh,

98 1990 142 2041 der
160 1987 327 2052 Eutriehtung
347 1984 499 2047 (solutionis)
517 1986 605 2037 halber
622 1987 750 2051 rorglsltig
768 2001 891 2052 gevesm.
929 1987 963 2037 ss
985 1989 1019 2036 ist
1041 1989 1087 2037 mir
1105 1989 1165 2038 aber
1183 1989 1283 2038 dissitis
1301 1989 1461 2040 noohmaileu

98 2064 136 2112 nit
153 2060 241 2125 garing
259 2058 376 2113 sziiel,
405 2059 455 2107 und
482 2057 542 2107 volt
559 2058 600 2107 ioh
618 2057 673 2107 dem
691 2058 772 2107 Herm
790 2058 942 2118 ιιιιιιιιιιι,
971 2058 1029 2108 dass
1056 2073 1083 2108 ιι
1102 2059 1154 2108 also
1173 2060 1287 2110 donnoch
1305 2061 1459 2111 simhliches·

98 2146 199 2182 ιιιιιιι
217 2130 314 2214 richtig,
333 2131 379 2178 nie
397 2141 456 2177 man
476 2143 502 2178 es
520 2127 627 2178 machot
664 2128 710 2177 loh
727 2135 785 2194 trag
804 2130 864 2179 aher
880 2130 1006 2193 Beysorg‚
1032 2130 1125 2179 aulicos
1151 2138 1177 2179 et
1205 2146 1244 2180 res
1263 2131 1358 2180 aulicas
1377 2145 1460 2182 rerur-

99 2203 193 2252 sacheu
212 2201 253 2250 rill
274 2203 315 2251 ein
341 2200 455 2255 ιιιιιιις
479 2199 585 2249 ιιιοιιι
608 2198 700 2248 mittier
718 2200 775 2252 Zeit
797 2200 849 2249 und
867 2214 941 2249 ιιιιι
960 2214 1018 2249 man
1038 2215 1065 2250 es
1083 2203 1189 2265 neuigst
1206 2203 1312 2266 besorgt.
1351 2200 1400 2251 Sed
1420 2209 1458 2252 ta-

63 2313 68 2320 ,
99 2273 176 2332 cebo,
203 2286 234 2321 ne
260 2271 359 2321 audiam
381 2281 465 2354 poure
493 2282 599 2326 κακων,
626 2259 661 2316 ou'
685 2281 800 2319 πωπιτε
823 2284 877 2337 μοι
902 2284 934 2318 ro
955 2283 1074 2337 κρηγιοι
1098 2268 1187 2326 elnac.
1237 2272 1320 2322 Meldo
1339 2287 1365 2321 es
1384 2273 1459 2323 uileio

48 2340 60 2354 “
100 2309 202 2400 darum,
230 2344 346 2407 qnoniam
365 2343 481 2405 praerisa
499 2341 553 2391 tela
570 2340 651 2389 minus
668 2347 778 2398 nocent,
798 2341 843 2390 das
861 2341 1047 2391 verhoil'ontlioh
1066 2342 1113 2390 den
1133 2340 1256 2392 Saehen'
1249 2358 1275 2391 ιι
1295 2344 1372 2393 ander
1390 2357 1460 2409 noeg

100 2413 203 2464 etliehsr
220 2427 331 2470 ιιιιιιι,
352 2412 386 2461 da
403 2427 463 2463 man
482 2410 534 2461 sich
554 2411 711 2476 dergieiohen
731 2415 761 2460 ni
780 2412 908 2476 besorgen,
927 2411 984 2461 rath
1002 2412 1053 2461 und
1071 2412 1149 2463 mittei
1169 2428 1201 2463 zu
1219 2412 1320 2462 suohen.

189 2501 229 2551 sd
247 2501 310 2552 haec
328 2499 488 2563 Kopiorus
505 2499 644 2562 rospondit:

190 2574 217 2631 S
238 2575 269 2628 P.
301 2580 331 2627 et
357 2573 450 2627 felicia
481 2571 600 2625 ineuntis
630 2570 695 2625 anni
702 2571 851 2648 auspicia.
893 2572 978 2627 Binas
1001 2573 1052 2626 ahs
1074 2579 1102 2626 to
1123 2572 1272 2644 Magnifice
1293 2572 1343 2627 Vir
1363 2575 1460 2645 accepi

101 2653 200 2709 literas
222 2651 355 2724 proximis
376 2652 449 2707 inter
470 2669 499 2705 se
521 2652 616 2705 diebus
638 2638 765 2722 scriptas,
788 2659 818 2706 at
840 2669 894 2706 non
915 2651 957 2707 ιιι
975 2652 1068 2706 ordine
1083 2653 1213 2710 redditas.
1242 2654 1356 2706 Alteras
1371 2654 1459 2708 Main-
1493 2722 1499 2730 ι

99 2734 292 2804 hardusjusto
308 2739 430 2802 ternpore
446 2731 574 2795 tradidit;
597 2733 702 2786 alteras
716 2731 751 2785 D.
767 2711 913 2787 Annibalis
927 2732 1043 2786 ministri
1060 2738 1182 2797 tenuere,
1204 2732 1322 2804 quoad'
1315 2749 1375 2803 rpse
1396 2733 1467 2788 illas·

100 2817 136 2869 ιιι
158 2814 221 2868 aliis
243 2812 378 2868 indicatas
409 2813 445 2867 ab
474 2812 529 2865 illis
559 2810 667 2881 repetii.
710 2811 824 2865 Factum
852 2818 896 2866 est
925 2812 1028 2884 igitur,
1057 2819 1090 2866 ut
1117 2813 1222 2866 tardius
1254 2814 1459 2882 responderem.

100 2896 172 2950 Nam
192 2913 229 2948 ex
248 2892 387 2962 prioribus
408 2892 618 2954 intellexeram,
640 2889 766 2945 ultimum
787 2908 876 2946 meum
897 2893 1196 2966 responsumlnondnm
1218 2892 1303 2946 fuisse
1324 2892 1361 2947 Μ.
1384 2893 1461 2947 Tuae

100 2973 247 3030 traditum:
270 2972 339 3027 nihil
360 2971 447 3042 igitur
467 2971 647 3026 dubitandum
668 2976 738 3035 erat,
762 2971 826 3042 quin
848 2972 933 3037 brevi,
957 2974 1027 3043 qnod
1048 2978 1078 3026 et
1099 2971 1211 3037 factum,
1235 2973 1345 3027 alterae
1366 2980 1461 3026 essent

100 3069 273 3109 recessurae.
314 3052 417 3105 Passus
440 3056 533 3105 tamen
554 3068 613 3105 sum
634 3050 718 3106 ferias
738 3051 903 3122 praeterire,
925 3054 960 3106 ob
981 3052 1039 3107 alia
1059 3050 1219 3107 necessaria
1238 3052 1367 3123 negotia;
1390 3069 1461 3126 quae

100 3133 157 3188 scio
179 3135 252 3203 apud
274 3131 313 3185 Te
335 3131 541 3186 excusationem
562 3148 676 3187 merere.

189 3211 334 3268 Beneficiis
355 3229 398 3264 me
419 3212 560 3274 cumulas,
591 3218 623 3265 ut
643 3230 681 3266 ex
703 3211 826 3282 utrisque
847 3211 996 3276 intellexi,
1027 3228 1100 3265 more
1123 3217 1179 3266 tuo.
1222 3213 1261 3267 Et
1281 3212 1332 3267 tibi
1354 3212 1461 3283 quidem

101 3292 183 3363 copia
204 3299 250 3347 est
271 3291 451 3346 inveniendae
466 3290 588 3358 ,subinde
609 3307 699 3345 novae
720 3291 835 3344 rationis
857 3309 899 3346 me
919 3291 1103 3361 promovendi,
1126 3291 1191 3344 mihi
1211 3309 1276 3347 vero
1293 3309 1382 3346 norae
1397 3294 1461 3348 suh·

100 3375 164 3429 inde
185 3373 341 3444 gratiarum
363 3370 478 3425 aetionis
500 3369 743 3425 comminiscendae
764 3388 818 3424 non
839 3371 953 3441 perinde
974 3372 1055 3440 copia
1076 3370 1208 3440 suppetit.
1243 3373 1388 3425 Accedant
1407 3372 1461 3426 ita·

100 3470 154 3527 qne
175 3453 231 3507 ista
251 3468 358 3522 quoque
380 3451 414 3503 ad
436 3449 580 3520 pristinum
596 3451 746 3510 cumulum;
769 3466 818 3520 pro
838 3451 936 3519 quihus
959 3450 1026 3503 nihil
1041 3451 1116 3503 aliud
1130 3450 1220 3503 dicere
1235 3466 1354 3520 possum,
1379 3468 1461 3522 quam

102 3551 146 3587 me
167 3532 318 3603 diligenter
338 3530 409 3584 haec
430 3547 537 3600 quoque
558 3529 587 3583 in
608 3530 767 3599 catalogum
788 3528 901 3584 referre.

191 3610 296 3674 Quae
289 3629 316 3664 ιι
338 3608 475 3681 prioribus
497 3610 547 3663 ahs
562 3610 599 3663 Μ
615 3610 676 3663 Tua
697 3610 730 3662 de
748 3625 808 3662 meo
830 3615 907 3663 statu
929 3615 1068 3678 suggesta
1087 3607 1151 3662 rnihi
1167 3613 1239 3672 sunt,
1261 3614 1371 3663 attente
1387 3609 1460 3681 legi·

101 3696 232 3757 caetera,
255 3706 325 3762 quae
346 3707 400 3743 non
421 3690 524 3743 debent
545 3704 563 3742 a
583 3707 626 3742 me
648 3687 806 3759 expectari,
828 3694 861 3742 ut
881 3705 900 3742 ι
920 3696 947 3742 ιι
969 3688 1096 3742 ιιιιιιιι
1116 3686 1257 3757 apertius,
1279 3706 1315 3742 ex
1337 3690 1461 3759 meipso

100 3771 237 3840 conjicere
257 3769 344 3840 potui.
386 3768 462 3822 Vera
482 3785 592 3833 mones,
623 3775 653 3823 et
674 3785 745 3840 quae
766 3785 809 3822 me
831 3784 892 3821 cum
913 3768 1002 3832 alias,
1032 3775 1090 3823 turn
1120 3784 1185 3820 rero
1215 3768 1352 3833 maxime,
1383 3775 1460 3838 post·

101 3867 182 3923 quam
204 3867 222 3905 a
242 3857 271 3904 ιι
292 3849 432 3903 inculcata
453 3854 535 3911 sunt,
558 3848 678 3903 maxime
708 3848 855 3903 sollicitum
885 3853 999 3923 tenent;
1028 3851 1076 3902 sed
1097 3848 1210 3902 frustra.
1255 3847 1324 3909 Quid
1345 3851 1461 3918 prodest

101 3931 174 3986 enim
194 3930 351 3984 sollicitudo
373 3927 431 3981 sine
453 3927 585 3983 consilini
613 3929 687 3983 Sane
708 3948 740 3982 eo
762 3930 822 3999 ipso
843 3935 975 3998 tempore,
999 3944 1051 3998 quo
1073 3928 1169 3982 literas
1191 3929 1294 3996 accepi,
1317 3927 1345 3982 in
1365 3928 1460 3983 diffici-

100 4010 173 4066 libus
195 4011 331 4065 versabar
352 4008 586 4100 cogitationibus,
615 4016 773 4080 suspectam
793 4009 900 4063 habens
922 4025 1027 4062 omnem
1049 4009 1121 4062 hauc
1141 4006 1365 4079 promissionem,
1388 4010 1460 4081 quod

102 4109 156 4145 non
177 4096 370 4144 numeraretur
390 4107 406 4141 e
427 4087 555 4158 vestigio
1464 4136 1467 4140 Α

189 4171 344 4225 Numerata
373 4175 466 4222 tamen
496 4175 598 4222 estex
619 4166 727 4222 dimidio
749 4185 784 4221 ea
805 4184 926 4233 summa,
958 4170 992 4223 de
1021 4166 1128 4237 reliquo
1155 4175 1233 4223 oerta
1260 4167 1325 4222 mihi
1346 4185 1410 4239 spes
1431 4169 1460 4225 ιι

100 4250 240 4320 proximos
262 4249 320 4303 dies
342 4248 426 4302 lacta.
468 4248 564 4318 Neque
595 4256 687 4301 tamen
712 4248 806 4302 desino
828 4248 869 4302 ita
889 4248 1006 4312 leviter,
1038 4248 1102 4318 quin
1124 4266 1217 4302 omnes
1239 4247 1459 4304 circumstantias

100 4330 184 4399 hujus
205 4330 288 4384 aulae
309 4333 339 4381 et
358 4326 544 4397 praesentium
566 4327 741 4398 negotiorum
755 4328 904 4398 diligenter
922 4331 1086 4398 expendam.
1116 4327 1225 4382 Utinam
1244 4328 1311 4381 ιιι·
1304 4346 1331 4382 ιι
1350 4334 1459 4398 promtu

100 4408 166 4463 mihi
188 4409 225 4463 ιιι
245 4407 340 4478 aliqua
360 4412 391 4460 et
410 4406 593 4477 providentia.
633 4411 675 4460 Ac
705 4423 759 4478 ego
788 4416 837 4461 tua
861 4407 948 4462 rerba
973 4424 1040 4462 sane
1061 4426 1115 4462 non
1136 4415 1244 4463 tantum
1264 4415 1297 4462 ut
1323 4409 1458 4464 monentis

101 4489 217 4560 occipio,
239 4491 286 4542 sed
308 4486 392 4541 etiam
414 4493 444 4540 ut
465 4486 607 4540 eonsilium
628 4487 785 4550 deserentis,
807 4505 862 4541 non
883 4486 1009 4553 obscura,
1032 4488 1056 4541 si
1075 4489 1182 4559 quidem
1201 4489 1227 4542 id
1247 4505 1301 4560 ego
1320 4489 1370 4543 sim
1391 4506 1455 4543 con·
1490 4484 1494 4500 '

100 4575 241 4640 cepturus.
284 4567 376 4631 Quare
399 4566 449 4620 tibi
470 4565 678 4636 significandum
699 4573 799 4638 aperte
820 4573 878 4621 est:
908 4585 951 4622 ιιι
979 4573 1109 4638 paratum
1129 4587 1190 4622 esse
1212 4577 1241 4623 et
1262 4576 1401 4624 attentum
1423 4568 1458 4624 ad
1565 4629 1572 4639 .

100 4649 306 4719 percipiendum
327 4648 377 4701 abs
399 4653 446 4712 te,
476 4663 595 4715 quonam
624 4648 703 4700 modo
733 4648 816 4702 rebus
844 4645 912 4701 meis
940 4647 967 4702 in
989 4647 1096 4702 ilituros
1118 4665 1198 4704 cesus
1220 4647 1371 4703 rectissime
1394 4667 1457 4720 pro·

22 4773 24 4776 ,
100 4736 226 4799 spectum
239 4727 273 4784 iri
287 4742 410 4790 censeas.
432 4743 521 4795 neque
539 4733 648 4783 tantum
665 4734 783 4796 paratus
802 4744 862 4782 sum
881 4729 916 4783 ιι
931 4726 1103 4794 audiendum,
1125 4732 1218 4790 sedet
1231 4731 1266 4785 ιι
1280 4733 1457 4802 sequendum,

101 4825 157 4883 qua
176 4810 243 4865 mihi
263 4807 346 4872 linet,
376 4808 401 4861 si
421 4809 493 4878 quod
513 4807 564 4861 tibi
585 4825 641 4862 non
661 4807 802 4863 consilium
823 4813 949 4874 tantum,
981 4811 1029 4863 sed
1054 4807 1182 4879 junctum
1211 4811 1346 4866 auxilium
1372 4812 1410 4867 sit
1429 4810 1459 4867 ιι
