3428 5542
727 326 815 392 rapo
834 325 901 378 xv1.
1437 324 1500 394 tut

135 488 279 551 atriensis
295 488 408 570 aliquis
423 488 504 550 circa
518 487 632 562 lucrum,
658 494 711 547 arnt
727 486 819 548 veluti
834 485 884 566 qni
899 486 928 547 in
953 485 1024 547 navi
1047 486 1253 562 obambulant,
1277 505 1373 567 neque
1398 496 1500 551 tamen

134 596 205 640 sese
229 576 387 656 fatigando
411 573 570 656 proliciunt
592 576 622 637 in
647 575 768 649 itinere,
798 573 856 635 uisi
879 592 990 654 magua
1012 573 1060 635 vis
1084 594 1228 656 aquarum
1252 575 1384 638 incertus
1408 595 1500 657 quor-

43 683 50 694 ·
134 685 201 728 snm
224 673 297 727 eant
320 673 352 726 et
375 665 425 726 vel
450 664 569 746 quietos
592 670 781 743 promoveat.
819 661 921 742 Atque
945 671 979 724 ut
1002 663 1132 742 spatium
1156 663 1242 726 Luna
1265 683 1303 726 ex
1327 664 1399 726 orbe
1422 665 1500 727 Ter-

133 771 207 816 reno
230 761 404 833 motumque
429 752 541 814 sortita
564 761 622 826 est,
647 750 690 812 sic
704 761 737 812 et
752 751 864 812 multas
878 751 1067 813 conditiones
1082 750 1163 830 globi
1179 752 1302 815 Terreni
1318 752 1499 832 adeptam,‘)

132 849 208 922 pnta
235 841 442 916 continentes,
470 841 580 914 maria,
609 848 743 913 montes,
773 835 890 914 adrem,
921 839 971 900 vel
999 839 1047 901 his
1079 840 1180 921 aliqua
1209 859 1383 921 quocunque
1412 841 1500 904 modo

65 935 67 937 ’
135 930 415 1011 correspondentin,
440 929 543 992 multis
562 926 745 1008 conjecturis
760 928 940 990 Maestlinus
954 928 1074 1008 probat,
1099 947 1154 991 nec
1178 928 1277 990 nullas
1301 947 1358 1009 ego
1382 929 1499 1007 habeut

135 1028 170 1082 ut
192 1018 242 1081 vel
267 1019 306 1082 ob
329 1020 387 1081 hoc
411 1019 508 1081 solum
531 1016 722 1080 verisimilior
745 1016 787 1078 sit
810 1014 1011 1097 Cupernicus,
1037 1016 1086 1097 qui
1110 1017 1237 1079 eandem
1260 1018 1317 1080 loci
1341 1030 1500 1102 motusque
1551 1079 1552 1082 ,

134 1107 374 1170 communionem
397 1106 513 1170 dnobus
536 1106 620 1168 hisce
641 1105 817 1184 corporibus
836 1105 974 1185 largitur.
1007 1107 1055 1168 Ac
1073 1111 1156 1167 certe
1171 1109 1385 1188 plnedpnnon
1401 1105 1499 1171 Ores·
1562 1142 1572 1152 κ

133 1205 185 1258 tor
213 1195 318 1259 ultimo
349 1195 512 1258 vestivisse
540 1194 660 1257 videtur
683 1193 834 1256 Tellurem
863 1193 919 1256 hoc
946 1193 1019 1256 orbe
1042 1193 1176 1256 Lunari:
1210 1195 1280 1276 quia
1311 1196 1440 1261 similem
1471 1196 1500 1259 ei

134 1285 225 1347 sitnm
245 1284 411 1347 attribuere
429 1283 526 1346 voluit
543 1281 615 1344 situi
631 1282 728 1344 Solis:
752 1291 786 1344 ut
809 1283 835 1344 si
859 1290 891 1343 et
914 1283 982 1362 ipsa
1005 1282 1086 1344 orbis
1110 1281 1236 1362 alicujus
1260 1292 1395 1347 nentrum
1416 1296 1501 1349 esset

134 1376 183 1444 (nt
206 1372 259 1435 Sol
281 1381 333 1435 est
355 1380 493 1436 centrum
516 1372 661 1444 omnium)
686 1371 781 1432 instar
804 1370 888 1433 Solis
911 1371 1068 1450 etquenam
1092 1371 1194 1434 heberi
1218 1382 1334 1452 posset,
1357 1375 1397 1435 ob
1420 1374 1499 1455 qnod

134 1463 204 1542 ipsa
227 1462 322 1523 totius
346 1460 478 1523 universi
503 1479 657 1523 commune
681 1469 817 1520 centrum
842 1459 1038 1521 communiter
1060 1460 1146 1540 qnasi
1171 1460 1280 1522 habita
1299 1461 1366 1525 luit.

223 1550 282 1612 Est
305 1550 444 1622 omuino,
476 1560 508 1610 ut
537 1551 633 1609 denuo
663 1548 762 1609 ludam
792 1549 956 1627 allegoria,
987 1548 1074 1609 homo
1103 1549 1223 1628 quidam
1248 1550 1334 1630 quasi
1359 1551 1443 1612 Deus
1467 1550 1497 1612 in

136 1639 255 1714 mundo,
280 1647 314 1701 et
336 1639 402 1718 ejus
426 1638 608 1701 domicilium
632 1637 755 1710 Tellus;
779 1637 859 1699 sicut
871 1637 938 1710 Dei,
964 1637 990 1698 si
1014 1636 1106 1698 ullum
1129 1654 1313 1718 corporeum,
1338 1649 1420 1701 certe
1444 1636 1499 1701 Sol

134 1728 188 1789 illa
211 1728 263 1790 lux
285 1728 453 1789 inaccesso.
500 1726 543 1789 Ut
567 1725 660 1805 igitur
683 1725 770 1786 homo
794 1725 869 1800 Deo,
893 1725 937 1788 sic
961 1725 1064 1787 Tellus
1088 1725 1153 1787 Soli
1177 1727 1359 1806 respondere
1384 1726 1498 1789 debuit.

135 1818 325 1896 Argumento
358 1823 406 1877 est
438 1815 526 1896 hujus
557 1815 602 1875 rei
633 1812 738 1875 eadem
773 1813 836 1874 iere
868 1814 1022 1895 proportio
1055 1813 1137 1894 globi
1166 1815 1296 1877 Telluris
1329 1816 1368 1878 nd
1398 1814 1501 1878 orbem

135 1905 250 1980 Lunae,
275 1924 351 1986 quae
375 1904 457 1984 globi
483 1902 601 1966 Solaris
625 1903 664 1962 ad
689 1901 818 1965 mediam
840 1901 982 1964 Mercurii
1007 1902 1226 1983 digressionem
1250 1924 1270 1965 a
1293 1903 1375 1967 Sole.
1392 1903 1419 1978 ἀ)

223 1994 329 2075 Neque
352 2012 425 2055 veru
449 1992 640 2054 metuendum
665 1999 722 2066 est,
748 2011 784 2051 ue
799 1991 936 2052 Lunares
961 1993 1049 2053 orbes
1072 2012 1092 2053 a
1116 1992 1223 2062 vicinis
1247 2012 1404 2073 corporum
1427 2012 1499 2073 pro·

133 2082 322 2162 portionibus
345 2081 510 2160 compressi
534 2080 700 2165 elidantur,
732 2079 758 2141 si
789 2099 845 2141 nou
875 2081 938 2142 sint
966 2080 995 2141 in
1024 2081 1095 2142 orbe
1120 2080 1186 2159 ipso
1215 2082 1385 2144 absconditi
1409 2091 1499 2163 atque

135 2172 252 2234 inclusi.
300 2171 378 2232 Nam
402 2170 564 2233 absurdum
591 2177 622 2230 et
644 2177 846 2230 monstrosum
871 2177 933 2242 est,
963 2188 1091 2248 corpora
1119 2169 1194 2231 haec
1218 2169 1347 2232 materia
1370 2171 1500 2251 quadam

134 2259 266 2333 vestite,
291 2278 369 2341 quae
393 2259 492 2320 alieno
516 2258 634 2337 corpori
658 2257 819 2319 transitum
843 2276 901 2317 non
924 2258 1110 2337 praebeant,
1141 2256 1170 2318 iu
1199 2259 1315 2321 coelum
1339 2261 1500 2323 collucens.

134 2345 228 2410 Certe
252 2348 338 2409 multi
363 2365 420 2408 non
445 2355 586 2408 verentur
609 2344 763 2420 dubitare,
795 2363 832 2406 au
858 2346 977 2407 omnino
1002 2345 1116 2407 sintin
1141 2347 1227 2409 coelo
1250 2349 1399 2427 ejusmodi
1422 2349 1500 2410 adn-

135 2437 261 2499 mantini
284 2436 394 2509 orbes;
423 2455 462 2496 an
485 2435 588 2496 divina
612 2434 741 2514 quadarn
766 2435 894 2509 virtute,
919 2435 1096 2496 moderante
1119 2453 1224 2497 cursus
1246 2435 1403 2499 intellectu
1426 2454 1499 2518 pro-

134 2526 306 2606 portionum
333 2523 602 2604 geometricorum,
634 2523 743 2584 stellae
772 2540 827 2601 per
854 2541 977 2604 campos
1007 2532 1166 2585 et‘auram
1189 2525 1364 2587 aetheream
1387 2525 1500 2588 liberae

135 2614 204 2676 istis
227 2614 343 2676 orbium
367 2612 563 2692 compedibus
587 2620 842 2690 transportentur.
855 2615 882 2686 ⁸)
929 2612 1051 2673 Nullum
1081 2611 1219 2692 equidem
1246 2614 1363 2693 pondus
1393 2613 1500 2676 dubios

135 2710 168 2765 et
190 2702 360 2765 titubantes
384 2700 493 2763 motori
517 2718 642 2781 gressus
666 2699 786 2773 efficiet,
813 2718 871 2780 quo
895 2701 1057 2781 aliquando
1082 2721 1100 2761 a
1123 2701 1235 2762 circulo
1259 2721 1312 2763 suo
1337 2702 1499 2765 exorbitet.

134 2790 260 2854 Nullum
282 2790 362 2852 enim
383 2800 542 2871 punctum,
573 2789 686 2850 nullum
715 2798 849 2849 centrum
878 2806 970 2869 grave
994 2797 1050 2851 est.
1065 2782 1111 2862 ‘)'
1137 2787 1282 2852 Centrum
1306 2809 1377 2854 vero
1401 2790 1501 2854 omnia

135 2879 271 2960 ejusdem
299 2899 366 2942 cum
394 2897 519 2958 corpore
548 2887 674 2939 naturae
704 2884 877 2957 sequuntur.
923 2877 989 2940 Nec
1011 2878 1128 2957 pondns
1153 2897 1190 2939 ex
1214 2898 1250 2940 eo
1274 2880 1402 2960 acquirit
1425 2898 1498 2943 ceu-

135 2979 233 3042 trum,
268 2968 348 3049 qnod
375 2977 479 3030 cetera
509 2968 548 3028 ad
572 2985 605 3040 se
630 2965 726 3028 allicit
749 2975 802 3027 aut
825 2965 865 3027 ab
892 2966 953 3028 illis
981 2967 1155 3047 appetitur:
1189 2987 1247 3029 uon
1278 2968 1375 3049 magis
1408 2977 1501 3050 atquc

113 3075 278 3138 magnes,
308 3057 380 3119 dnm
407 3065 478 3118 actu
502 3057 613 3118 sermm
643 3055 755 3128 trahit,
787 3055 983 3135 ingravescit.
997 3059 1026 3129 ⁸)
1072 3055 1133 3117 Vel
1157 3056 1232 3118 haec
1255 3057 1379 3130 Tellus,
1409 3076 1500 3139 quam

133 3147 254 3208 omnino
276 3164 344 3208 cum
368 3142 536 3225 Oopernico
559 3142 629 3206 vehi
653 3144 825 3218 statuimus,
850 3144 962 3224 quibua
980 3144 1133 3221 vectibus,
1158 3145 1265 3225 quibus
1288 3146 1416 3219 catenis,
1441 3163 1499 3226 qno

135 3236 299 3296 adamante
323 3233 449 3296 coelesti
474 3232 504 3294 in
527 3233 630 3294 orbem
654 3250 739 3294 sunnr
761 3232 878 3295 inserta
901 3233 971 3295 est?
1002 3231 1049 3294 Eo
1073 3251 1179 3313 nempe
1199 3253 1286 3314 quern
1309 3254 1413 3297 ornnes
1437 3235 1499 3298 cir·

134 3324 284 3387 cumcirca
306 3324 335 3384 in
360 3321 518 3401 superficie
541 3320 670 3382 Telluris
695 3321 829 3382 homines
858 3321 1010 3383 haurimus
1039 3322 1269 3396 (tormentatum
1296 3332 1329 3386 et
1351 3324 1499 3388 commix-

135 3421 198 3474 tum
222 3412 401 3491 vaporibus)
426 3416 546 3471 adrem:
571 3429 658 3490 quern
677 3429 777 3484 mauu,
801 3427 888 3489 quem
906 3428 1030 3490 corpore
1049 3418 1253 3490 penetramus,
1279 3428 1374 3493 neque
1397 3422 1499 3475 tamen

135 3500 331 3563 discludimus
354 3509 408 3562 ant
431 3516 631 3572 semovemus,
656 3517 722 3559 cum
747 3498 788 3558 sit
810 3497 973 3587 influxunm
996 3498 1174 3562 coelestium
1198 3501 1227 3562 in
1251 3502 1351 3563 media
1374 3520 1501 3581 corpora

135 3585 354 3663 vehiculum.¹¹)
391 3587 458 3650 Hoc
482 3586 560 3649 euim
585 3587 700 3648 coelum
725 3594 782 3661 est,
807 3586 835 3648 in
853 3606 909 3666 qno
926 3587 1063 3662 vivimus,
1087 3607 1241 3650 movemur
1264 3598 1296 3651 et
1320 3609 1421 3651 sumus
1445 3609 1501 3651 uos

135 3687 167 3740 et
181 3678 598 3756 omniamnndauacorpora.
638 3673 785 3744 Quamvis
810 3676 880 3755 quid
904 3695 978 3755 opus
1003 3686 1049 3737 tot
1072 3676 1198 3741 verbis?
1230 3675 1309 3739 Natu
1333 3677 1392 3738 etsi
1415 3677 1499 3739 orbi-

137 3769 221 3829 culus
240 3767 346 3829 Lunae
370 3784 462 3845 supra
476 3764 606 3826 Telluris
631 3764 733 3826 orbem
757 3763 897 3840 emineat,
923 3764 991 3914 pynid
1016 3773 1065 3826 est
1089 3765 1125 3827 de
1150 3764 1339 3827 dodecaedro
1362 3766 1411 3828 vel
1435 3765 1499 3828 ico·

136 3856 263 3930 saedro‚
298 3855 377 3937 quod
399 3855 493 3916 illum
527 3853 658 3915 transitu
692 3853 876 3932 probibeat?
954 3853 1039 3914 idisti
1067 3872 1160 3934 supra
1186 3871 1253 3932 cap.
1282 3853 1317 3916 ll
1353 3872 1411 3934 quo
1435 3855 1501 3917 loco

136 3944 253 4006 zodiaci
277 3945 399 4024 planum
424 3944 499 4004 haec
523 3941 581 4002 duo
606 3959 733 4022 corpora
755 3952 850 4016 secat,
875 3943 987 4004 nullum
1011 3942 1163 4022 angulum,
1187 3942 1300 4004 nullum
1319 3942 1409 4006 faciei
1427 3962 1500 4006 cen·

136 4041 215 4095 trum
238 4050 415 4107 occurrere,
447 4031 500 4107 sed
526 4029 657 4091 existere
681 4049 719 4091 ex
743 4030 877 4091 sectione
901 4032 1099 4111 decaogulum
1128 4031 1284 4111 utrinque,
1315 4033 1400 4113 cnjus
1424 4050 1500 4113 quae

136 4140 174 4182 ex
196 4130 301 4183 centro
330 4121 369 4183 ad
401 4121 481 4183 latus
510 4118 770 4199 perpendicularis
799 4119 898 4193 cadit,
934 4121 1022 4200 longe
1052 4119 1147 4200 major
1175 4128 1224 4182 est
1250 4120 1280 4182 in
1309 4120 1499 4184 dodecaeuro

137 4211 221 4271 radio
244 4210 393 4289 inscripti,
418 4210 505 4288 louge
530 4207 651 4269 brevior
672 4207 701 4268 in
724 4208 882 4269 icosaedro
902 4209 985 4270 radio
1004 4207 1229 4289 circumscripti,
1255 4217 1287 4270 et
1310 4210 1386 4270 adeo
1410 4210 1501 4290 longa

137 4299 266 4379 quidem,
291 4307 326 4360 ut
350 4316 407 4359 uon
432 4296 579 4358 coelnlnm
599 4296 672 4357 illud
686 4296 790 4357 Lunae
810 4305 937 4372 tautum,
962 4297 1016 4359 sed
1041 4298 1129 4378 lunge
1152 4296 1248 4378 majus
1273 4297 1386 4377 aliquid
1409 4317 1501 4379 supra

137 4387 239 4448 orbem
261 4393 388 4449 exstans
410 4404 464 4466 per
482 4384 612 4447 mediam
628 4385 710 4446 illam
725 4384 804 4446 viam
823 4386 960 4467 interque
979 4386 1032 4448 illa
1050 4386 1219 4467 decangula
1236 4386 1365 4453 transire
1383 4394 1499 4467 posset.

138 4473 200 4538 Sed
223 4475 299 4537 haec
323 4475 424 4537 omnia
448 4472 584 4555 quamvis
608 4491 662 4534 suo
692 4474 755 4535 loco
781 4474 1000 4555 relinquantur,
1031 4474 1122 4536 nihilo
1151 4474 1239 4555 pejus
1268 4479 1373 4536 se'res
1395 4470 1504 4552 inclita

138 4562 238 4627 Vides
251 4565 332 4626 euim
346 4582 400 4643 per
414 4561 673 4644 interpositionem
687 4562 802 4637 Lunae,
826 4572 1039 4645 praeterquam
1057 4562 1087 4626 in
1103 4564 1234 4639 Venere,
1259 4581 1347 4643 quam
1361 4565 1500 4644 proxime

139 4653 245 4717 sccedi
261 4654 307 4716 ¹ad
330 4652 468 4735 preditos
490 4670 544 4735 per
567 4651 651 4715 sinus
675 4648 834 4734 Copernici
858 4672 996 4716 numeros
1019 4671 1150 4718 arcuum.
