3428 5542
706 310 868 363 autema.
1444 310 1465 380 a

107 470 219 533 mundo
243 472 436 553 partibusque
459 471 639 533 coelestibus
663 470 697 533 fit
724 471 858 549 initium,
889 472 944 534 sed
972 473 1112 536 brevibus
1140 474 1195 536 illa
1218 475 1335 556 paginis
1360 475 1464 540 absol·
1502 498 1508 511 ·
1600 530 1606 547 ,

107 587 235 653 vuutnr;
265 579 428 660 praecipua
454 597 526 640 vero
554 579 622 640 libri
650 579 744 641 moles
774 580 982 660 complectitur
1010 579 1228 660 descriptiones
1256 582 1410 663 regionum
1433 592 1466 646 et

107 684 236 748 urbium.
283 686 390 767 ltaque
413 685 520 764 vulgus
544 684 791 765 cosmographiae
814 703 868 765 pro
891 685 1093 766 geographiae
1118 685 1248 749 dictione
1271 689 1382 752 utitur:
1405 687 1464 752 im-

108 792 268 874 posuitque
287 810 347 854 vox
369 789 440 865 ista,
464 811 483 852 a
501 791 608 853 mundo
627 791 700 854 lieet
718 791 857 866 deducta,
880 791 1008 855 officinis
1033 779 1180 870 librariis,'
1198 793 1292 876 iisque
1308 795 1357 876 qui
1376 803 1484 875 cata-¹

110 899 196 977 logne
219 898 362 960 libromm
394 898 602 973 nauseabant,
633 906 667 960 ut
693 898 827 962 libellum
854 918 950 961 meum
978 899 1057 961 iuter
1083 900 1286 981 geographica
1307 903 1464 966 referrent.

109 1005 288 1086 Mysterium
312 1013 414 1067 autem
436 1024 490 1085 pro
515 1024 624 1067 arcano
647 1005 806 1086 usurpavi,
829 1019 861 1067 et
882 1024 937 1086 pro
960 1006 1014 1067 tali
1038 1006 1192 1068 venditari
1216 1007 1368 1072 inventum
1391 1009 1464 1071 hoc:

110 1111 220 1193 qnippe
244 1110 274 1172 iu
298 1110 408 1174 nullius
430 1111 600 1192 philosophi
624 1111 699 1174 libro
722 1111 798 1172 talia
819 1129 947 1191 uuquam
972 1111 1135 1191 legeram.“

200 1219 236 1280 In
268 1216 432 1281 Prodromo
471 1217 536 1300 ipso
570 1218 633 1280 falli
667 1217 814 1293 diximus,
851 1217 901 1298 qui
933 1219 1016 1298 leges
1047 1217 1125 1279 istas
1160 1227 1328 1299 quaeraut3
1367 1219 1464 1300 magis

108 1332 212 1386 antem
236 1324 391 1394 falluntur,
417 1324 442 1387 si
468 1325 517 1406 qui
540 1333 655 1388 certum
677 1325 734 1387 viri
757 1324 795 1385 de
818 1325 983 1405 astrologia
1007 1324 1147 1406 judicium
1171 1343 1204 1386 se
1229 1325 1464 1406 deprehensuros

107 1437 234 1510 potant,
262 1429 300 1492 ab
326 1449 436 1511 eoque,
466 1430 515 1512 qui
540 1431 614 1493 artis
638 1450 694 1494 sua
716 1432 803 1494 initia
824 1439 934 1514 ponat,
963 1439 1059 1493 totam
1083 1432 1266 1512 astrologiae
1289 1450 1465 1514 compagem

108 1538 171 1619 peti
196 1546 287 1618 atque
311 1537 477 1617 impugnari
501 1538 670 1617 opinantur.
716 1536 835 1600 Etenim
864 1539 914 1600 vix
942 1537 1096 1618 digressus
1120 1559 1139 1600 a
1164 1546 1378 1620 praeceptore,
1407 1539 1465 1616 cui,

108 1644 245 1725 quamvis
268 1643 363 1705 invito
379 1638 417 1717 ¹),
443 1644 627 1723 astrologiae
651 1651 732 1706 aerte
756 1662 901 1706 summam
924 1645 1063 1708 tradendi
1086 1664 1191 1707 munus
1215 1653 1297 1708 esset
1321 1647 1463 1719 delatum,

107 1770 174 1813 eum
198 1749 318 1831 etipse
342 1749 468 1811 eandem
492 1758 587 1812 artem
610 1749 742 1829 profiteri
764 1749 883 1829 publice
906 1768 999 1830 nuper
1017 1750 1120 1830 jussus
1140 1758 1232 1823 esset,
1255 1750 1281 1812 si
1302 1750 1462 1814 destmen-

108 1858 165 1932 dis,
189 1876 265 1938 quae
288 1856 434 1919 hacteuus
458 1855 645 1931 obtinebant,
671 1857 831 1918 sententiis
855 1857 965 1918 famam
989 1865 1154 1936 quaereret,
1180 1856 1280 1919 nimiis
1299 1857 1462 1921 difficulta-

108 1965 188 2026 tibus
212 1963 433 2048 implicabatur.
472 1963 612 2043 Idemque
632 1963 671 2024 ad
694 1962 841 2042 imagines
865 1963 1009 2025 viridiore
1033 1964 1132 2025 animo
1156 1963 1367 2044 concipiendas
1390 1982 1462 2045 pro·

108 2071 222 2145 clivior‚
248 2089 307 2131 uon
328 2077 452 2150 poterat
474 2089 533 2131 nou
553 2070 680 2151 probare
700 2070 897 2150 dlscipliuam‚
922 2089 998 2150 quae
1023 2071 1124 2132 sidera
1147 2071 1176 2132 vi
1200 2071 1329 2153 quadam
1352 2089 1465 2133 arcana

108 2177 147 2239 ad
169 2196 220 2239 res
242 2177 389 2239 humanas
413 2176 591 2257 omninoque
616 2186 776 2240 terrestres
803 2177 905 2240 valere
934 2184 1099 2254 statueret,
1130 2185 1162 2239 et
1185 2177 1224 2238 ad
1248 2178 1464 2240 astronomiam

108 2283 214 2347 melius
235 2282 390 2345 colendam
410 2290 442 2344 et
460 2284 627 2364 aagendam
646 2292 711 2346 toto
729 2290 851 2364 pectore
870 2283 1019 2360 incensus,
1043 2284 1097 2345 illa
1114 2284 1191 2364 ipsu,
1216 2302 1305 2364 quam
1324 2285 1464 2360 diximus,

108 2398 236 2453 naturae
258 2389 359 2452 indole
382 2389 574 2453 deferebatur
596 2391 636 2453 ad
658 2391 720 2452 ista
743 2410 861 2453 arcana
898 2391 945 2452 De
969 2391 1017 2453 his
1039 2399 1139 2452 autem
1162 2391 1192 2453 in
1212 2391 1375 2454 Prodmmo
1397 2391 1464 2472 ipso
1567 2424 1571 2429 ·

108 2495 229 2558 nonnisi
251 2514 351 2576 pauca
373 2495 616 2576 deprehenderis.
662 2496 777 2558 Verum
800 2496 884 2559 libris
907 2496 1035 2576 posthac
1064 2496 1258 2577 conscriptis,
1289 2517 1355 2560 cum
1384 2498 1463 2575 aliis,

108 2612 170 2665 tum
184 2602 360 2676 Harmonia,
385 2602 464 2664 baud
484 2604 577 2665 semel
599 2602 716 2664 illarum
740 2621 837 2665 rerum
861 2603 972 2665 mentio
996 2603 1134 2683 injicitur,
1160 2622 1245 2684 qnae,
1270 2603 1463 2684 quotiescun·

109 2729 165 2790 que
188 2716 361 2785 occurrant,
384 2728 477 2790 prope
501 2709 657 2789 attingunt
679 2709 726 2783 id,
748 2710 826 2791 quod
850 2709 897 2771 hic
920 2708 1040 2772 libellus
1063 2708 1157 2771 habet
1177 2712 1373 2792 propositum.

197 2813 296 2887 Quam
319 2816 349 2877 in
374 2814 600 2897 quaestionibus
623 2814 817 2877 instituendis
839 2821 960 2876 secutus
979 2816 1020 2876 sit
1037 2814 1126 2890 viam,
1151 2834 1217 2877 cum
1231 2816 1381 2895 Keplems
1399 2814 1464 2895 ipse

108 2931 140 2986 et
157 2923 188 2985 in
208 2922 397 3003 praefatione
412 2931 445 2985 et
462 2923 563 2985 libello
582 2923 659 3004 ipso,
684 2924 762 3004 quod
785 2923 863 2985 idem
883 2922 913 2984 iu
933 2922 1016 2985 libris
1034 2923 1163 3001 posthac
1185 2922 1363 3002 consemptis
1382 2922 1465 2996 fecit,

109 3030 187 3092 satis
210 3048 266 3090 nos
294 3030 435 3104 edoceat,
469 3030 544 3093 haec
571 3039 690 3092 tantum
719 3031 941 3111 praemittenda
971 3040 1050 3093 sunt.
1097 3032 1140 3094 Ut
1162 3038 1275 3094 certam
1304 3034 1464 3115 quandam,

111 3156 187 3219 quae
209 3137 412 3201 intercederet
434 3137 514 3202 inter
537 3137 738 3201 revolutiones
763 3146 794 3200 et
817 3138 979 3206 distantias
1006 3138 1211 3218 planetamm,
1241 3137 1389 3201 rationem
1416 3138 1464 3201 in·

110 3244 236 3319 veniret,
261 3243 397 3324 primum,
424 3245 502 3320 „via
527 3244 631 3306 mirum
655 3264 743 3327 quam
765 3226 903 3320 audaci,'“
928 3244 1058 3326 planetis
1072 3245 1142 3307 Jovi
1162 3252 1194 3306 et
1207 3244 1309 3320 Marti,
1333 3245 1464 3326 pariter·

109 3369 166 3431 que
187 3350 302 3412 Veneri
331 3358 362 3412 et
389 3350 538 3413 Mercurio
567 3351 778 3432 interpositum
807 3351 864 3414 sibi
891 3351 1024 3432 tingebat
1051 3370 1160 3414 novam
1186 3352 1338 3431 planetam
1371 3369 1466 3433 „quos

108 3457 183 3519 duos
213 3456 292 3518 torte
323 3457 361 3519 ob
390 3457 556 3520 exilitatem
584 3476 642 3520 uon
673 3457 859 3520 videamus“.
911 3456 981 3528 Qua
1008 3457 1058 3519 via
1086 3476 1175 3538 quum
1201 3457 1298 3519 minus
1326 3457 1357 3519 id
1386 3457 1466 3538 quod

19 3582 24 3590 ·
105 3562 447 3643 vellet'assequeretur,
473 3582 519 3637 ea,
544 3581 632 3643 quam
655 3563 750 3643 figura
772 3563 870 3642 prima
892 3562 921 3625 in
940 3564 1127 3644 praelatione
1145 3564 1268 3645 Kepleri
1289 3565 1392 3637 refert,
1415 3562 1466 3625 via

106 3669 257 3732 rationem
270 3667 353 3731 illam
368 3668 592 3749 deprehendere
607 3669 759 3742 studebat,
778 3669 977 3745 intervallum,
998 3689 1055 3752 quo
1069 3671 1194 3751 planeta
1207 3689 1226 3730 a
1240 3666 1311 3732 Sole
1326 3669 1464 3743 distaret,

106 3784 141 3838 nt
164 3775 263 3837 sinum
286 3793 405 3838 versum
428 3795 560 3857 ponens,
592 3777 675 3856 cujus
704 3784 817 3838 motum
846 3785 988 3857 tanquam
1016 3776 1148 3839 casinum
1176 3795 1295 3839 versum
1318 3776 1357 3837 ad
1380 3775 1463 3837 illum

105 3889 214 3962 posset
235 3881 357 3945 referre.
404 3881 491 3953 Quod
521 3902 587 3946 cum
614 3883 798 3965 improspere
828 3883 1042 3959 successisset,
1074 3883 1103 3945 iu
1131 3883 1317 3963 explicandis
1345 3882 1462 3963 maguis

106 3988 366 4069 conjunctionibus
387 3990 577 4070 planetarum
600 3989 686 4052 Jovis
710 3998 742 4051 et
765 3988 890 4052 Saturui
913 3989 1090 4070 colligebat,
1116 3990 1226 4064 lineas,
1258 3989 1363 4071 quibus
1386 4007 1460 4051 cou-

101 4095 276 4176 junctiones
298 4095 377 4158 istae
400 4096 643 4177 depingerentur,
668 4097 713 4159 ita
735 4116 769 4159 se
793 4114 912 4173 secare,
936 4106 969 4160 nt
990 4097 1125 4178 punctis,
1149 4095 1254 4177 quibus
1278 4102 1461 4170 secarentur,

107 4223 202 4266 novus
226 4203 353 4266 circulus
377 4203 552 4280 efficeretur,
578 4204 663 4284 cujus
687 4203 788 4267 radius
812 4204 900 4284 paulo
919 4203 1015 4284 major
1033 4211 1124 4274 esset,
1150 4201 1380 4285 quam'majoris
1400 4201 1460 4264 cir-

106 4310 166 4372 culi
183 4309 288 4373 radius
307 4309 458 4372 dimidius.
494 4306 629 4386 (0,5225
645 4332 654 4374 r
673 4310 700 4374 l.
734 4309 883 4391 Compara
901 4311 1026 4391 figuram
1044 4310 1205 4373 secundam
1225 4308 1255 4371 iu
1273 4309 1461 4389 praefatione

22 4428 27 4435 '
106 4418 259 4498 Keplem.)
295 4414 412 4488 Quodsi
429 4417 527 4480 lineae
546 4418 666 4497 trigona
685 4419 870 4498 aequilatera
889 4418 1051 4486 efficerent,
1075 4435 1107 4477 re
1126 4435 1199 4478 vera
1214 4417 1364 4479 radiorum
1383 4412 1460 4476 ratio

107 4532 193 4586 esset
215 4520 269 4595 0,5
287 4543 295 4586 :
313 4522 341 4588 1.
377 4522 447 4585 Jam
471 4542 542 4585 vero
565 4543 633 4587 cum
655 4525 734 4587 iuter
756 4525 930 4586 distantiam
952 4523 1039 4586 Jovis
1062 4532 1094 4586 et
1116 4522 1239 4586 Saturni
1263 4520 1340 4583 ratio
1362 4521 1459 4582 iuter·

106 4630 198 4693 cedat
220 4631 284 4692 tere
310 4627 402 4704 1:⁶2,
434 4626 503 4704 (52
520 4649 527 4692 :
544 4627 613 4705 at)
642 4631 689 4694 tri
696 4649 821 4711 gouum
845 4638 918 4711 apta
940 4630 987 4692 his
1010 4630 1140 4711 planetis
1163 4631 1259 4710 figura
1280 4646 1349 4689 esse
1371 4625 1458 4688 vide·

37 4760 40 4769 ·
105 4738 206 4802 batur.
251 4735 342 4801 Haud
365 4735 456 4799 aliter
477 4736 517 4799 ad
541 4744 658 4800 ceteros
681 4738 819 4818 planetas
844 4738 973 4818 reliquas
997 4738 1106 4818 figuras
1130 4738 1292 4817 regulares,
1318 4754 1343 4797 e.
1369 4753 1395 4797 c.
1420 4732 1457 4794 ad

1204 4841 1216 4891 1
1228 4842 1245 4873 s
