3428 5542
369 811 1181 948 nucuunrnnnuvu'uo

661 1044 698 1118 S.
753 1046 795 1118 P.
851 1046 897 1122 D.

699 1224 857 1232 *ιο-

188 1338 334 1457 collecta
351 1393 474 1474 Kepleri
490 1413 582 1478 opera
596 1413 651 1458 nos
667 1396 799 1459 edituros
814 1415 881 1459 esse
896 1396 1108 1476 promittentes
1129 1395 1203 1456 haec
1226 1389 1455 1474 praemisimus:

187 1500 305 1564 Gentes
328 1500 515 1563 humanitate
540 1503 678 1564 excultae
702 1503 781 1565 viros
806 1503 945 1583 egregios
969 1520 1025 1563 nun
1051 1498 1252 1563 monumentis
1276 1502 1395 1559 tanturn
1419 1515 1456 1558 ex

96 1627 166 1669 aere
191 1616 244 1670 snt
266 1605 365 1686 lapide
389 1607 544 1687 exigendis
568 1609 758 1670 honorandus
778 1617 901 1689 putaut;
933 1608 987 1670 sed
1021 1607 1059 1668 ab
1082 1607 1186 1667 inseris
1211 1611 1356 1666 revocant
1379 1621 1453 1683 pro-

94 1714 242 1794 ponendis
265 1714 317 1785 iis,
349 1732 425 1793 quae
448 1723 608 1793 gesseruut
631 1723 662 1776 et
686 1715 876 1795 evigilarunt,
905 1715 1094 1793 virorumque
1118 1713 1155 1774 de
1179 1710 1312 1772 colendis
1337 1728 1453 1789 augen-

95 1818 200 1900 disque
221 1818 317 1880 literis
340 1819 416 1880 bene
440 1819 612 1882 meritorum
636 1821 809 1884 memoriam
837 1821 974 1883 recolunt
1007 1819 1090 1882 libris
1124 1836 1225 1879 eorum
1249 1816 1452 1896 divulgandis.

95 1925 186 2004 Apud
210 1922 317 1987 Gallos
341 1926 461 2005 quidem
485 1933 516 1988 et
539 1927 657 2006 Auglos
673 1929 827 2008 Italosque
848 1929 894 1989 La
908 1927 1013 2001 Placii,
1039 1924 1180 2000 heutoni,
1206 1921 1338 1985 Galilaei
1363 1941 1455 2002 opera

95 2031 251 2112 magnifico
275 2041 431 2112 apparatu,
456 2031 669 2113 adjuvantibus
692 2033 876 2113 principibus
900 2042 932 2096 et
955 2032 1127 2106 academiis,
1158 2031 1265 2092 iterum
1288 2030 1454 2110 iterumque

94 2137 174 2218 typis
199 2156 343 2217 expressa
365 2147 445 2201 sunt.
493 2139 594 2220 Atque
624 2138 788 2215 Germani,
821 2150 932 2221 quanto
965 2139 1065 2202 studio
1100 2146 1220 2199 nostrus
1252 2136 1453 2198 recentiorum

93 2243 248 2305 literarum
272 2245 452 2319 conditores,
478 2254 590 2325 quanto
614 2246 725 2308 honore
750 2246 830 2308 viros
854 2247 891 2309 de
915 2247 1083 2309 excolenda
1114 2252 1203 2324 gente
1233 2242 1356 2305 meritus
1380 2259 1453 2321 pro-

96 2356 268 2431 sequautur,
294 2351 428 2413 collectis
445 2347 579 2426 Goethii,
596 2349 747 2427 Schilleri,
764 2352 915 2432 Lessingii
936 2353 1120 2432 aliorumque
1135 2350 1275 2430 operibus
1290 2353 1453 2409 testantur.

184 2455 240 2516 Ille
264 2474 335 2518 vero
354 2457 530 2519 recentioris
555 2457 755 2519 astronomiae
780 2466 885 2520 auctor
908 2467 940 2520 et
963 2458 1108 2526 conditur,
1129 2457 1214 2536 cujus
1233 2473 1338 2516 nomen
1358 2452 1454 2513 inore

99 2568 148 2623 est
171 2559 317 2637 omnium,
349 2563 514 2645 quicunque
538 2581 695 2644 corporum
719 2564 893 2626 coelestium
915 2572 1031 2638 motus,
1063 2572 1104 2633 et,
1133 2582 1208 2644 quas
1237 2560 1286 2622 hic
1310 2557 1453 2639 sequitur,

96 2667 197 2747 legum
221 2668 412 2750 aliquatenus
435 2670 521 2750 gnari
545 2677 623 2745 sunt,
649 2668 714 2750 pari
734 2670 833 2733 studio
853 2671 1013 2732 ethonore
1033 2669 1172 2748 indignus
1191 2665 1358 2729 habeatur?
1382 2663 1453 2725 Mo-

96 2782 238 2837 numento
262 2774 380 2837 scilicet
402 2775 590 2838 Ratisbonae
614 2777 697 2839 sacto
720 2777 797 2840 satis
829 2777 997 2839 consultum
1024 2775 1130 2838 honori
1152 2766 1450 2854 Kepleri,'Ger-

96 2881 232 2942 manicae
257 2880 357 2959 gentis
381 2881 532 2961 dignitati,
557 2881 706 2946 desiderio
731 2902 842 2958 eorum,
867 2881 916 2962 qui
941 2883 1046 2945 literas
1069 2883 1175 2944 volunt
1198 2879 1265 2942 coli.

184 2986 229 3048 At
252 2986 377 3067 Kepleri
401 3006 506 3066 opera,
536 2997 601 3051 arte
636 2998 668 3051 et
691 2988 850 3069 multiplici
874 2988 1027 3064 doctrina,
1049 2985 1213 3050 meditandi
1237 2992 1268 3047 et
1292 2998 1452 3061 argumen-

95 3092 179 3153 tandi
203 3092 384 3162 subtilitate,
410 3093 550 3156 dictionis
574 3094 684 3175 partim
708 3095 826 3175 poetico
852 3095 958 3158 ardore
982 3093 1193 3157 incalescentis
1217 3088 1378 3169 elegantia,
1408 3086 1455 3148 fe·

97 3198 175 3259 stivo
201 3198 302 3277 lepore
328 3199 506 3279 facetiisque
530 3196 670 3281 iusignia,
695 3199 805 3264 libellis
828 3201 908 3277 istis,
933 3202 981 3280 qui
1002 3209 1104 3264 nostro
1125 3219 1200 3261 aevo
1221 3199 1375 3261 literamm
1393 3192 1456 3255 sci-

96 3305 166 3366 licet
189 3305 361 3367 amantibus
385 3308 637 3382 commendantur,
662 3309 861 3387 praeferenda
884 3327 956 3369 saue
982 3315 1053 3370 sunt
1075 3314 1107 3368 et
1130 3306 1227 3385 magis
1251 3303 1356 3383 digna,
1382 3318 1458 3381 quae

98 3409 299 3473 bibliothecas
322 3421 437 3487 ornent,
464 3421 496 3474 et
519 3414 590 3476 viris
614 3414 732 3477 illarum
755 3432 853 3476 rerum
877 3413 1020 3477 studiosis
1044 3413 1179 3494 aptiore,
1205 3429 1293 3493 qnam
1318 3426 1377 3489 qua
1400 3405 1456 3466 du-

98 3518 195 3579 centis
219 3517 437 3599 quinquaginta
461 3519 547 3583 anuis
571 3520 679 3582 abhinc
703 3518 829 3600 primum
854 3520 883 3581 in
908 3521 1004 3584 lucem
1028 3519 1218 3601 prodiemnt,
1249 3516 1345 3577 forma
1368 3529 1457 3572 ruau-

98 3623 216 3685 dentur.
263 3624 391 3686 Praeter
414 3625 527 3705 primas
551 3626 699 3688 editiones
723 3648 742 3688 a
765 3625 897 3705 Keplero
927 3626 992 3707 ipso
1023 3625 1180 3687 institutas
1204 3640 1262 3683 non
1286 3619 1373 3683 modo
1398 3634 1457 3678 uon

98 3729 218 3791 collecti
242 3729 306 3810 ejus
330 3730 399 3793 libri
423 3750 475 3793 seu
499 3730 616 3807 omues‘,
642 3753 695 3795 seu
718 3733 865 3812 potiores,
890 3732 958 3805 sed,
983 3731 1088 3811 paucis
1111 3728 1263 3808 exceptis,
1288 3744 1325 3787 ue
1349 3720 1457 3802 singuli

98 3836 218 3917 quidem
242 3835 338 3898 denuo
362 3845 432 3899 sunt
455 3838 535 3919 typis
560 3838 712 3918 exscripti.
748 3840 833 3903 Unde
854 3840 975 3913 factum,
1000 3845 1033 3899 ut
1051 3836 1101 3898 vix
1123 3835 1184 3896 ulla
1203 3834 1244 3897 sit
1262 3829 1456 3903 bibliotheca,

98 3943 127 4003 in
151 3961 212 4022 qua
237 3961 340 4004 omnes
365 3944 428 4022 ejus
452 3943 520 4006 libri
542 3944 740 4025 reperiantur.

186 4049 317 4110 Multum
345 4069 418 4110 sane
449 4068 557 4129 operae
586 4050 755 4132 laborisque
785 4050 1015 4112 consumendum
1045 4055 1111 4111 crat
1134 4047 1164 4109 iu
1188 4043 1365 4127 colligendis
1388 4040 1457 4104 istis

100 4174 217 4236 quoquo
241 4173 346 4217 versus
370 4154 505 4235 disjectis
529 4155 678 4236 operibus,
703 4175 758 4218 nec
782 4156 839 4218 nisi
859 4156 1018 4219 multorum
1039 4173 1183 4217 annorum
1203 4153 1305 4216 labore
1325 4157 1357 4212 et
1371 4166 1455 4210 sum·

98 4262 178 4323 tibus
202 4279 252 4324 ree
275 4260 314 4322 ad
338 4270 488 4334 eventum,
513 4281 598 4343 quem
619 4263 837 4344 exoptavimus,
863 4263 994 4325 adducta
1013 4271 1069 4325 est.
1100 4263 1234 4324 Insumto
1256 4266 1356 4321 autem
1371 4261 1456 4317 tauto

96 4368 201 4430 labore
225 4366 256 4430 id
280 4367 409 4447 egimus,
434 4376 483 4443 ut,
513 4369 648 4431 collectis
677 4369 724 4432 his
752 4370 892 4451 operibus
923 4377 955 4431 et
978 4369 1006 4431 in
1031 4369 1157 4430 formam
1181 4368 1268 4448 hujus
1291 4361 1384 4426 seculi
1406 4359 1456 4422 in-

96 4473 185 4554 genio
219 4473 317 4552 magis
350 4491 512 4553 congruam
544 4475 692 4551 redactis,
717 4475 785 4538 Viri
815 4484 939 4555 propter
966 4475 1072 4556 judicii
1105 4474 1306 4537 subtilitatem
1333 4475 1484 4531 aeterua·

96 4580 243 4642 memoria
266 4579 348 4659 digni
372 4599 478 4642 nomeu
504 4580 532 4642 in
557 4582 718 4645 illustriore
743 4590 932 4644 monumento
955 4601 1143 4662 poneremus.

187 4685 239 4748 Ao
262 4684 293 4747 id
317 4685 504 4750 efficiendum
528 4697 658 4770 quantae
682 4689 876 4751 difficultates
900 4696 932 4751 et
955 4689 1167 4771 impedimenta
1190 4684 1303 4750 homini
1325 4681 1455 4761 privato,

96 4791 268 4875 splendidis
287 4792 406 4855 auxiliis
422 4793 577 4872 destituto,
603 4797 773 4876 superanda
792 4795 915 4872 fuerint,
940 4817 1026 4860 nemo
1047 4815 1104 4858 uon
1125 4793 1284 4874 intelliget.
1318 4786 1455 4851 Vicimus
