3428 5542
194 284 262 351 420
748 284 788 336 ns
807 285 985 336 runcamsnm

195 445 297 525 Vulgo
321 463 393 506 vero
417 441 496 523 qnod
519 442 594 504 haec
617 450 831 522 proponuntur,
858 443 887 503 in
913 463 969 523 quo
994 445 1088 505 minor
1112 463 1182 523 spes
1207 444 1341 506 fructus:
1364 443 1397 506 id
1421 443 1450 507 si
1474 445 1561 526 qnis-

194 535 275 615 piam
297 531 508 613 reprehendit,
541 550 608 603 eum
641 532 733 593 velim
756 532 955 612 perpendere,
990 533 1068 612 quod
1099 532 1159 594 alia
1182 532 1234 594 via
1263 533 1303 594 ad
1326 532 1470 595 literatos
1491 533 1562 595 hinc

195 622 265 684 inde
289 622 450 683 latitantes
474 639 532 681 non
554 621 774 699 perveniamus,
801 621 859 682 nisi
882 622 933 682 via
955 621 1085 698 publica.
1132 621 1231 697 Adde,
1258 621 1338 702 qund
1357 621 1406 683 hic
1431 621 1561 685 idemin

195 710 330 773 curanda
353 709 435 787 vulgi
459 709 633 770 curiositate
657 709 813 770 observari
835 716 952 789 potest,
987 709 1065 789 quod
1088 710 1118 771 iu
1143 728 1234 790 aegro
1259 731 1278 771 a
1300 710 1427 772 medicis
1452 711 1561 774 ohser-

194 807 293 875 vatnr,
318 805 352 860 nt
375 797 552 859 inordinatis
577 807 608 859 et
631 797 807 877 perniciosis
825 798 908 879 vulgi
932 797 1089 860 desideriis
1113 798 1287 869 abutamur,
1311 799 1350 861 ad
1373 799 1560 880 ingerendas

195 891 265 960 (ceu
288 887 508 949 medicamenta
532 886 648 966 aliqua)
682 887 931 949 commonitiones
963 886 1128 966 ejusmodi,
1163 887 1263 966 specie
1294 889 1560 968 prognosticorum

194 977 332 1045 velatas,
364 994 439 1057 quae
469 975 508 1036 ad
532 974 608 1037 hune
631 975 722 1037 animi
746 977 882 1038 morbum
905 975 1070 1037 tollendum
1094 975 1224 1049 faciunt,
1258 995 1392 1057 quaeque
1423 978 1487 1039 alia
1509 979 1562 1040 via

195 1065 333 1145 ingerere
357 1064 410 1125 vix
432 1082 599 1143 possemus.
647 1062 908 1135 Quemadmodum
940 1064 1032 1143 igitur
1063 1084 1120 1126 nnn
1149 1064 1217 1126 ideo
1242 1084 1309 1127 curn
1331 1083 1425 1144 aegro
1449 1066 1563 1130 delirat

194 1153 337 1227 medicus,
363 1152 443 1231 quod
466 1151 621 1231 ingerendi
644 1152 856 1216 medicamenti
880 1172 975 1215 cansa
998 1152 1138 1215 deliranti
1162 1173 1254 1234 aegro
1278 1153 1378 1216 verbis
1403 1161 1436 1215 et
1458 1155 1561 1234 speeie

196 1242 338 1304 simulata
370 1241 575 1302 obsecundat:
609 1241 654 1303 ita
686 1248 718 1303 et
748 1244 785 1304 de
817 1262 865 1303 me
898 1260 986 1321 spero
1018 1251 1101 1304 recte
1136 1243 1302 1304 sentientes
1333 1242 1408 1304 nihil
1441 1242 1561 1306 sinistri

194 1330 417 1410 suspicatnros,
449 1330 528 1409 quod
561 1330 673 1409 optimc
703 1330 800 1392 animo
831 1350 897 1392 cnm
924 1331 1014 1411 vulgo
1043 1350 1142 1392 rerum
1165 1331 1330 1393 futurarum
1353 1338 1387 1393 et
1410 1350 1559 1394 novarum

197 1419 303 1498 cupido
336 1419 454 1498 publice
478 1419 515 1479 de
540 1419 647 1481 futuris
671 1420 786 1498 loquor.
829 1420 936 1499 Iniqua
954 1419 1079 1498 judicia,
1106 1438 1181 1498 quae
1205 1420 1317 1481 nullum
1341 1421 1390 1482 vel
1405 1421 1559 1483 maximae

195 1506 357 1587 dignitatis
381 1507 496 1568 culmen
521 1526 578 1569 non
603 1508 774 1586 pervadunt
796 1515 829 1569 et
857 1507 1055 1583 cavillantur,
1086 1509 1194 1569 nedum
1227 1517 1260 1570 ut
1290 1509 1365 1570 haec
1396 1509 1561 1572 humiliora

192 1597 273 1659 vitae
295 1595 402 1657 munia
424 1603 456 1657 et
479 1596 615 1657 ludibriis
639 1597 729 1658 obvia
752 1596 870 1659 intacta
893 1597 1081 1677 relinquant,
1107 1597 1251 1675 occipite,
1276 1607 1309 1660 ut
1328 1597 1380 1659 ille
1392 1598 1558 1680 praecipit,

192 1703 283 1747 caeco
307 1683 463 1764 excipiam.

282 1773 384 1835 Hasce
407 1791 478 1833 vero
502 1791 596 1840 meas,
620 1771 780 1834 Illustriss.
805 1772 941 1846 Domine,
967 1772 1004 1832 de
1029 1791 1106 1834 anno
1131 1765 1465 1852 futurofmoditationes
1489 1794 1558 1839 cnm

192 1861 397 1943 disputatione
420 1861 620 1941 pulcherrima
650 1862 687 1922 de
719 1860 850 1921 siderum
882 1860 1058 1935 influxibus,
1092 1862 1174 1922 Tuae
1203 1863 1392 1941 potissimum
1418 1862 1558 1927 Celsitn·

193 1952 255 2013 dini
279 1950 390 2025 dicare,
416 1950 568 2011 strenulae
592 1951 667 2025 loco,
692 1949 792 2010 volui:
817 1951 895 2029 quod
917 1968 1094 2029 persuasum
1117 1950 1255 2024 habeam,
1281 1949 1316 2013 C.
1333 1954 1368 2013 T.
1394 1960 1430 2015 et
1448 1952 1557 2015 litera·

102 2101 104 2104 .
193 2041 235 2101 tis
260 2039 412 2113 omnibns,
448 2045 480 2098 et
508 2038 641 2117 inprimis
665 2038 771 2100 harum
795 2038 904 2099 artium
929 2038 1093 2099 cultoribus
1116 2038 1251 2120 impense
1275 2042 1394 2102 favere:
1421 2042 1504 2123 qnod
1527 2051 1560 2104 et

191 2127 293 2190 verbis
316 2128 484 2190 luculenter
507 2146 540 2187 es
564 2134 706 2200 testatus,
731 2127 859 2205 primum
882 2134 1004 2205 recepto
1020 2127 1048 2187 in
1064 2128 1227 2189 amicitiam
1243 2129 1486 2193 celebratissima
1504 2130 1559 2193 illo

192 2225 224 2278 et
246 2216 385 2296 generosi
408 2216 579 2278 stemmatis
602 2215 668 2276 viro
693 2216 833 2296 Tychoue
859 2216 1010 2288 Brahae0,
1034 2216 1180 2295 phoenice
1200 2224 1461 2282 astronomorum:
1486 2219 1557 2282 dein

191 2324 228 2366 eo
251 2313 378 2380 mortno,
403 2304 475 2366 mihi
499 2323 615 2385 quoque
640 2305 844 2366 declaratione
870 2304 981 2365 doloris
1006 2311 1038 2365 et
1061 2305 1201 2366 desiderii
1221 2307 1265 2367 tni
1289 2308 1372 2369 edita
1399 2315 1435 2370 et
1454 2309 1559 2389 reipsa

190 2393 324 2475 qnotidie
349 2393 490 2466 testaris:
514 2395 583 2455 dum
607 2394 636 2454 in
661 2394 732 2454 anla
756 2401 809 2453 tua
832 2394 926 2454 habes
950 2393 1149 2455 clarissimum
1171 2393 1268 2457 virum
1287 2396 1326 2459 D.
1348 2397 1557 2460 Hermannum

190 2483 364 2557 Bulderum,
389 2482 547 2552 medicum,
571 2482 790 2543 mathematum
814 2482 1063 2556 amantissimum,
1089 2491 1121 2544 et
1144 2483 1173 2544 in
1189 2483 1244 2545 hoc
1262 2485 1428 2547 studiorum
1444 2502 1557 2566 genere

188 2571 426 2654 polyhistorem:
452 2590 509 2651 qno
533 2590 600 2632 curn
624 2571 671 2632 his
695 2572 732 2632 de
755 2571 844 2632 rebus
869 2570 1043 2650 quotidiana
1063 2571 1161 2650 agites
1177 2574 1336 2654 colloquia.
1355 2569 1400 2648 ¹¹)
1437 2575 1557 2656 Aoeipe

191 2658 295 2740 igitur,
320 2660 524 2722 illustrissime
539 2659 677 2733 Domine,
701 2659 891 2738 conjecturas
901 2659 993 2720 hasce
1016 2660 1168 2739 physicas,
1193 2671 1226 2724 et
1243 2682 1309 2725 cnm
1327 2663 1463 2743 politicis
1478 2682 1557 2726 coa·

183 2749 320 2830 jecturis,
346 2769 420 2828 quas
445 2748 500 2810 tibi
524 2757 556 2810 et
579 2748 692 2810 ordinis
716 2749 848 2827 dignitas
873 2757 905 2809 et
927 2747 1001 2827 reip.
1027 2752 1242 2828 contemplatio
1262 2753 1455 2833 suppeditat,
1476 2771 1554 2833 quas

187 2838 366 2900 creberrime
391 2838 524 2917 appello,
550 2837 661 2899 conler.
710 2836 774 2899 Soli
793 2857 921 2918 namque
946 2838 994 2916 qni
1019 2837 1140 2914 publica
1163 2859 1229 2902 cum
1258 2841 1374 2903 ratione
1404 2850 1553 2917 tractant,

188 2926 226 2987 de
249 2944 436 3006 prognoseos
460 2926 548 3005 hujus
572 2928 693 2987 fortuna
716 2926 883 2988 rectissime
903 2926 1099 3006 judicabunt:
1123 2928 1333 3010 philosophica
1348 2937 1380 2990 et
1393 2932 1555 3010 paradoxa

184 3014 312 3095 physica
352 3014 560 3094 philosophiae
597 3016 786 3096 professores
826 3015 883 3077 sibi
926 3034 999 3076 sane
1042 3035 1174 3097 suaeque
1206 3037 1351 3080 censurae
1385 3019 1553 3083 vindicent

185 3102 276 3177 Vale,
302 3104 453 3182 longaeva
476 3111 508 3165 et
531 3104 612 3165 facili
637 3111 762 3165 senecta
784 3121 866 3180 usus,
892 3111 924 3164 et
945 3103 1023 3165 hunc
1047 3104 1198 3168 ineuntem
1223 3127 1332 3170 anunm
1355 3108 1554 3173 foelicissimc

185 3192 360 3272 transigas:
384 3211 490 3273 meque
515 3190 550 3255 C.
571 3193 606 3254 T.
632 3193 871 3255 commendatum
895 3191 1020 3255 habeas.

614 3279 649 3346 C.
674 3282 710 3343 T.
735 3282 871 3364 subjecte
895 3282 998 3344 colens

931 3370 977 3433 M.
1000 3370 1073 3436 Jolt
1096 3369 1235 3454 Kepler,
1258 3370 1508 3439 Mathematicus.

774 3634 904 3695 Thasie
928 3636 951 3695 l.

271 3720 481 3784 Mathematici
505 3721 634 3783 officinm
657 3722 747 3802 vulgo
769 3730 908 3802 putatur,
933 3742 1032 3783 annua
1055 3724 1186 3785 scribere
1211 3724 1422 3805 Prognostica.
1471 3726 1550 3793 cum

182 3827 254 3887 ergo
288 3811 326 3871 ad
359 3811 523 3872 instantem
557 3830 666 3872 annum
695 3821 809 3872 anate
830 3810 952 3873 Christo
976 3810 1136 3873 Salvatore
1165 3809 1249 3876 1602
1273 3815 1454 3893 statuerim,
1487 3838 1548 3882 non

180 3906 245 3960 tam
267 3899 406 3978 publicae
430 3900 609 3973 curiositati,
636 3919 722 3980 qnam
748 3901 845 3962 officio
869 3900 1058 3979 philosophi,
1083 3902 1112 3962 in
1138 3902 1190 3963 illa
1213 3902 1420 3982 reprimenda,
1448 3907 1546 3969 satis-

181 3986 296 4049 facere:
322 3988 360 4049 ab
384 4006 419 4048 eo
442 3989 632 4068 potissimum
656 3991 809 4064 exordiar,
844 3990 923 4069 qnod
951 3989 1100 4051 tutissime
1129 3990 1188 4052 dici
1210 4000 1331 4070 potest:
1364 3997 1546 4074 prognosti-

180 4094 284 4138 corum
307 4076 363 4138 hoc
387 4096 464 4138 anno
488 4086 666 4158 proventum
691 4080 820 4140 futurum
844 4078 983 4152 uberem,
1008 4097 1074 4141 cum
1090 4088 1244 4142 crescente
1259 4081 1341 4160 vulgi
1365 4083 1546 4149 curiositate

182 4164 286 4245 plnres
309 4164 421 4227 indies
445 4166 484 4227 ad
508 4186 662 4229 nnmerum
686 4167 833 4229 accedant
856 4176 1005 4229 auctores.

764 4255 895 4318 Thesis
920 4257 959 4317 Π.

264 4344 301 4406 In
332 4342 393 4405 illis
423 4341 532 4406 libellis
564 4344 665 4424 aliqua
688 4344 839 4421 dicentur,
865 4364 941 4425 qnae
964 4344 1146 4424 probaturus
1170 4350 1219 4404 est
1242 4352 1383 4421 eventus,
1407 4347 1543 4426 plurima

175 4449 266 4506 vero,
301 4451 376 4513 quae
404 4439 521 4511 tempus
550 4442 583 4495 et
610 4434 797 4512 experientia
819 4441 853 4496 nt
874 4453 955 4496 vana
978 4444 1010 4497 et
1031 4433 1118 4495 irrita
1140 4431 1303 4495 refutabit:
1328 4454 1455 4516 qnorum
1479 4439 1542 4503 ista

175 4520 284 4594 ventis,
308 4522 362 4585 illa
385 4522 547 4584 memoriae
571 4522 758 4603 penitissime
783 4523 993 4595 inscribentur,
1016 4531 1051 4585 ut
1072 4522 1155 4601 vulgi
1179 4541 1244 4583 mos
1269 4531 1327 4587 est.

752 4612 884 4674 Thesis
907 4613 963 4674 Ill.

261 4695 383 4760 Etenim
408 4697 505 4778 qualis
528 4718 629 4774 causa,
655 4700 728 4762 talis
751 4702 887 4764 effectus.
920 4700 1077 4780 Astrologi
1096 4714 1173 4760 vero¹
1189 4719 1298 4762 causas
1321 4701 1537 4769 vaticiniorum

172 4802 294 4848 snorum
317 4786 484 4868 respiciunt
505 4789 618 4871 partim
642 4790 760 4873 quidem
783 4791 935 4872 physicas,
958 4791 1070 4871 partim
1091 4789 1242 4869 politicas,
1266 4797 1355 4872 parte
1379 4810 1454 4857 vera
1476 4812 1536 4877 po-
