3428 5542
361 862 905 1014 ILLUSTRlS,SIMO
944 931 1211 1008 DOMINO

417 1111 478 1250 n.
500 1113 699 1214 numo
731 1112 876 1214 non
906 1113 1150 1216 nnsmo.

227 1299 341 1361 Domus
365 1299 618 1380 Rosernbergicae
643 1302 845 1366 Gubernatori
864 1313 923 1366 etc.
948 1303 1075 1367 Domino
1100 1323 1165 1365 meo
1189 1305 1336 1368 clement:

195 1457 355 1520 Praeclare
379 1457 486 1522 Cicero
511 1460 585 1524 libro
608 1461 703 1540 primo
728 1460 901 1524 Officiornm
926 1470 1047 1524 monet:
1077 1482 1144 1524 esse
1167 1464 1269 1545 magui
1298 1463 1403 1539 animi,
1432 1472 1466 1528 et

106 1545 200 1608 inisse
223 1547 335 1609 multos
359 1547 452 1609 etiam
474 1549 504 1610 iu
532 1551 598 1611 vita
623 1550 742 1627 otiosa,
774 1552 822 1631 qui
851 1559 903 1613 aut
936 1551 1169 1630 investigarent,
1203 1561 1256 1619 ant
1287 1562 1465 1616 conarentur

105 1654 217 1715 magna
240 1636 397 1715 quaedam,
422 1656 548 1717 seseque
572 1659 693 1700 suarum
716 1659 815 1712 rerum
837 1639 944 1701 linibus
968 1639 1165 1701 continerent.
1212 1640 1312 1712 Quam
1339 1648 1464 1705 senten-

105 1724 181 1786 tiam
213 1724 400 1786 Reinholdus
433 1734 537 1788 noster
558 1727 753 1806 peculiariter
779 1728 818 1789 ad
842 1728 1045 1789 astronomiae
1070 1729 1201 1791 studium
1225 1731 1464 1806 accommodans,

105 1813 252 1887 hortatur,
277 1832 314 1875 ne
338 1814 483 1876 deterreri
507 1834 539 1877 se
564 1816 602 1877 ab
626 1816 672 1877 bis
696 1816 803 1879 studiis
827 1825 912 1879 recta
934 1816 1054 1895 ingenia
1078 1815 1180 1880 sinant
1206 1818 1392 1880 indoctorum
1411 1819 1465 1898 ju·

106 1901 204 1975 diciis,
228 1902 277 1982 qui
300 1910 418 1963 tantum
443 1912 642 1983 quaestuosas
666 1914 748 1967 artes
768 1906 920 1967 mirentur.
966 1906 1046 1967 Nam
1070 1925 1137 1967 cum
1161 1907 1236 1969 haec
1261 1906 1322 1968 sint
1341 1907 1464 1970 virtutis

105 1990 225 2066 studia,
261 1990 467 2055 fortitudinem
500 1993 592 2055 etiam
620 1995 648 2055 in
682 1995 726 2055 eis
759 1994 892 2056 colendis
922 1994 1045 2074 requiri,
1080 2014 1155 2074 quae
1179 1996 1296 2057 animos
1319 1997 1464 2058 adversus

106 2080 218 2141 stultas
242 2080 324 2159 vulgi
352 2080 508 2160 opiniones
537 2083 675 2145 obfirmet
711 2091 743 2144 et
772 2101 916 2163 perversa
943 2082 1060 2161 judicia
1093 2091 1280 2157 contemnat,
1315 2084 1393 2163 quod
1425 2085 1463 2147 de

105 2177 232 2248 utraque
256 2169 441 2249 astrologiae
465 2179 552 2249 parte
576 2172 652 2232 dixit
675 2171 806 2250 optimus
830 2172 889 2245 vir,
923 2172 952 2232 id
982 2172 1039 2232 boc
1063 2180 1196 2250 tempore
1218 2173 1409 2251 potissimum
1432 2173 1463 2236 in

107 2256 206 2318 altera
225 2257 414 2335 judicatrice,
440 2277 516 2337 quae
539 2260 680 2340 physices
702 2278 774 2339 pars
799 2267 854 2333 est,
879 2259 951 2321 mibi
975 2259 1087 2321 dictum
1108 2279 1175 2323 esse
1189 2260 1303 2339 putavi.
1340 2260 1462 2322 Etenim

106 2345 157 2425 qui
179 2346 373 2424 prognostica
396 2347 484 2408 otlicii
509 2350 625 2410 ratione
649 2349 762 2423 scribit,
792 2349 867 2410 duas
889 2347 1080 2427 potissimum
1101 2349 1183 2428 vulgi
1206 2348 1361 2428 opiniones
1384 2349 1463 2412 inter

105 2454 139 2495 se
163 2433 331 2496 contrarias
355 2436 418 2496 alto
442 2436 540 2497 animo
564 2446 768 2514 contemnere,
797 2455 889 2517 seque
919 2445 1026 2498 contra
1053 2436 1127 2498 dnos
1151 2437 1271 2500 humilis
1295 2445 1327 2499 et
1350 2437 1462 2517 abjecti

106 2522 197 2585 animi
230 2524 355 2586 affectus
387 2525 501 2588 munire
535 2526 640 2598 debet,
674 2526 870 2605 cupiditatem
902 2526 1016 2604 gloriae
1049 2535 1081 2588 et
1112 2533 1231 2589 metum.
1279 2523 1355 2588 Cum
1383 2525 1461 2589 enim

106 2632 219 2692 magna
242 2612 284 2675 sit
306 2613 389 2692 vulgi
413 2614 591 2689 curiositas,
620 2615 719 2678 animo
752 2615 957 2677 contaminato
981 2623 1048 2690 est,
1082 2614 1132 2694 qui
1159 2614 1189 2675 in
1222 2614 1304 2694 vulgi
1331 2613 1462 2693 gratiam

105 2712 138 2764 et
160 2711 283 2783 propter
306 2702 502 2765 vanissimam
525 2704 651 2782 gloriam
674 2705 722 2766 vel
746 2724 784 2766 ea
805 2703 972 2783 profitetur,
997 2720 1073 2782 quae
1097 2711 1206 2764 natura
1224 2722 1283 2764 non
1302 2711 1461 2778 monstrat,

106 2791 156 2853 rel
180 2792 271 2852 etiam
295 2799 422 2853 naturae
446 2793 576 2871 genuina
599 2793 742 2855 miracula
764 2793 914 2872 propalat,
939 2791 966 2853 si
989 2810 1097 2853 causas
1116 2792 1270 2870 graviores
1289 2810 1347 2854 non
1362 2792 1463 2872 respi-

106 2880 158 2944 cit.
204 2878 320 2943 Contra
351 2887 422 2942 sunt
454 2882 503 2961 qni
535 2891 647 2961 negant
676 2900 800 2962 gravem
821 2881 917 2942 virum
940 2889 973 2943 et
994 2880 1204 2960 philosophum
1227 2880 1351 2955 decere,
1376 2888 1410 2942 ut
1431 2881 1462 2943 in

24 2989 27 2996 ·
107 2969 236 3031 materia
259 2976 305 3031 tot
329 2968 540 3048 nugacissimis
565 2979 597 3033 et
619 2970 792 3034 vanissimis
817 2968 1044 3032 ariolationibus
1069 2968 1230 3049 quotannis
1261 2978 1464 3048 conspurcata

107 3059 218 3121 lamam
250 3056 362 3137 ingenii
393 3065 425 3120 et
456 3059 599 3122 honorem
622 3059 799 3124 eruditionis
822 3059 1005 3138 prostituat,
1029 3057 1295 3137 ebriositatemque
1320 3057 1403 3138 vulgi
1430 3067 1463 3120 et

107 3146 337 3225 superstitiones
361 3146 552 3209 imbecillium
584 3149 770 3230 ingeniorum
804 3147 1033 3210 subministrato
1063 3147 1118 3208 hoc
1148 3147 1233 3227 quasi
1257 3146 1362 3208 fomite
1387 3147 1462 3210 alat.

106 3238 221 3298 Fateor
252 3235 328 3296 haec
361 3254 473 3315 magna
504 3237 763 3300 verisimilitudine
787 3235 892 3316 objici,
917 3243 949 3298 et
971 3236 1080 3297 idonea
1104 3255 1182 3309 esse,
1204 3254 1280 3316 qnae
1304 3235 1463 3297 honestum

108 3325 212 3399 virum,
238 3323 264 3385 si
288 3323 443 3403 graviores
465 3343 575 3387 causas
599 3346 655 3388 non
672 3326 793 3400 habeat,
819 3325 857 3385 ab
881 3324 937 3385 hoc
961 3343 1070 3403 genere
1094 3323 1265 3403 scriptionis
1281 3323 1462 3386 deterreant.

107 3414 153 3476 At
176 3413 202 3474 si
226 3411 272 3473 cui
295 3411 428 3474 rationes
452 3413 582 3476 instituti
606 3415 651 3476 sui
675 3415 754 3475 tales
779 3419 951 3492 suppetant,
978 3430 1053 3492 quae
1076 3431 1130 3492 per
1152 3431 1220 3473 sese
1239 3411 1372 3472 cordatis
1391 3411 1465 3473 viris

108 3501 330 3582 approbentur:
364 3503 499 3580 proiecto
528 3522 586 3564 non
616 3509 720 3582 potest
743 3502 800 3564 nisi
824 3502 946 3563 timidus
970 3500 1091 3574 haberi,
1122 3501 1171 3562 nbi
1194 3519 1227 3561 se
1251 3499 1358 3561 alienis
1381 3500 1464 3562 bisce

108 3600 141 3652 et
166 3590 353 3651 extrinsecus
386 3590 613 3653 advenientibus
646 3591 812 3653 obstaculis
836 3611 855 3652 a
877 3590 1031 3670 proposito
1055 3589 1199 3650 deterreri
1227 3606 1335 3667 passus
1364 3588 1464 3663 fuerit,

108 3698 243 3742 rumores
266 3698 374 3742 curans
398 3687 430 3741 et
455 3680 561 3742 falsam
585 3689 721 3742 metuens
745 3679 910 3742 infamiam.
957 3679 1037 3741 Nam
1065 3677 1123 3739 etsi
1146 3695 1258 3755 magna
1280 3695 1351 3755 pars
1373 3694 1465 3756 prae·

108 3776 264 3848 ceptorum
295 3767 324 3829 in
358 3768 416 3831 bac
444 3776 510 3830 arte
533 3769 670 3832 Arabum
700 3768 788 3848 nugis
813 3767 1009 3831 consumitur:
1039 3775 1073 3828 at
1100 3786 1159 3828 uon
1182 3765 1251 3827 ideo
1274 3783 1353 3844 quae
1374 3766 1405 3827 in
1428 3784 1467 3827 ea

110 3865 183 3919 sunt
215 3876 327 3920 arcana
358 3865 505 3930 naturae,
538 3859 585 3919 vel
618 3877 715 3938 nugae
745 3866 833 3932 snut,
867 3857 915 3918 vel
943 3874 1008 3917 cnm
1037 3855 1124 3935 nugis
1148 3854 1238 3933 abjici
1262 3853 1387 3931 debent;
1411 3855 1466 3916 sed

62 3943 69 3950 ’
110 3965 247 4027 gemmae
270 3964 287 4008 e
312 3946 374 4007 luto
398 3946 604 4026 colligendae,
639 3947 734 4008 honor
760 3945 836 4020 Dei,
867 3944 1024 4025 proposita
1046 3952 1172 4007 naturae
1202 3942 1465 4022 contemplatione,

109 4036 324 4108 illustrandus,
348 4035 495 4097 invitandi
519 4037 656 4114 exemplo
680 4035 749 4110 alii,
774 4042 806 4095 et
829 4052 923 4113 opera
946 4033 1046 4095 danda
1069 4040 1136 4107 est,
1169 4039 1203 4094 ut
1229 4050 1305 4111 quae
1334 4033 1404 4094 olim
1427 4031 1468 4095 ad

110 4125 259 4205 insignem
282 4123 415 4204 aliquam
438 4124 565 4186 humani
582 4125 700 4204 generis
724 4123 890 4186 utilitatem
919 4122 1031 4184 servire
1055 4129 1189 4202 possent,
1215 4121 1294 4182 omni
1317 4128 1426 4183 conatu
1450 4139 1467 4183 e

110 4214 245 4277 tenebris
268 4212 456 4293 ignorantiae
480 4213 508 4274 in
529 4222 664 4292 apertum
688 4213 888 4292 proferantur.
934 4211 981 4272 Ac
1005 4212 1063 4273 etsi
1086 4229 1159 4272 sane
1183 4228 1241 4271 uon
1266 4209 1371 4271 statim
1397 4227 1466 4271 res-

111 4303 227 4384 pondet
250 4309 389 4376 eventus,
420 4320 588 4382 magnaque
615 4301 854 4381 praedictionum
881 4299 1063 4362 incertitudo
1097 4306 1146 4361 est
1177 4298 1207 4360 in
1237 4305 1286 4360 tot
1308 4316 1466 4360 causarum

111 4391 302 4456 confusione:
327 4390 522 4454 annitendum
546 4400 647 4453 tamen
671 4397 757 4453 tanto
781 4390 888 4469 magis,
913 4408 980 4451 curn
1003 4388 1033 4450 in
1058 4388 1122 4450 solo
1146 4387 1249 4449 labore
1265 4385 1360 4449 virtus
1375 4405 1466 4465 spec-

112 4490 203 4543 tetur.
251 4479 341 4551 Quod
364 4499 436 4541 vero
460 4480 546 4542 multi
568 4479 652 4542 hisce
675 4480 715 4541 ad
738 4478 947 4541 curiositatem
970 4497 1055 4540 suam
1078 4477 1252 4549 abutuntur,
1271 4473 1467 4555 superstitio-

111 4590 224 4652 nesque
247 4590 319 4632 suas
341 4569 534 4632 confirmant:
565 4568 596 4630 id
619 4567 832 4647 nihilomagis
855 4587 902 4629 me
925 4567 1095 4641 absterret,
1121 4583 1210 4646 qnam
1238 4563 1347 4626 b‘onum
1369 4563 1467 4643 impe-

111 4667 245 4724 ratorem
268 4662 317 4731 (ut
340 4657 569 4721 innumerabilia
593 4658 732 4738 exempla
754 4655 913 4730 omittamJ
932 4656 970 4718 ab
994 4654 1218 4735 oppugnatione
1237 4653 1319 4716 urbis
1335 4652 1469 4715 deterret

110 4767 274 4831 paucorum
295 4747 423 4812 militnm
442 4749 585 4830 jactura,
609 4766 692 4829 qnos,
717 4747 744 4810 si
766 4754 880 4828 posset,
905 4745 1044 4827 equidem
1066 4753 1098 4806 et
1121 4745 1203 4828 ipsos
1227 4749 1365 4806 servatos
1384 4742 1468 4805 velit.

185 4846 188 4850 “
1194 4845 1255 4896 27*
