3428 5542
626 303 634 315 ’
712 343 744 395 ιο
760 343 834 396 aas·
852 343 1014 410 meapte.
1473 336 1538 406 377

183 500 251 574 ΔΒ,
283 496 354 575 BG,
387 497 453 562 OD.
499 499 557 562 Hic
590 501 616 563 si
640 503 798 564 Platonem
825 521 928 584 roges,
963 523 1029 565 cum
1051 502 1082 565 A
1113 520 1170 563 non
1203 509 1351 564 consonat
1382 518 1477 582 neque
1500 501 1537 576 B,

184 608 280 670 neque
305 587 341 664 Ο,
365 607 461 669 neque
481 588 519 649 D.
566 591 611 652 At
633 591 659 651 si
684 588 740 652 OD
763 601 852 654 tonus
875 610 929 671 per
952 592 979 653 Ε
1002 598 1122 654 secetur
1144 590 1172 651 in
1194 588 1258 660 GE,
1282 590 1401 665 lemma,
1426 597 1457 650 et
1471 589 1537 666 ΕΙ),

185 678 292 753 diesin,
317 677 362 739 sic
386 687 419 739 ut
441 677 468 738 E
493 697 560 738 cum
584 679 612 740 A
636 680 749 742 habeat
771 681 994 760 proportionem
1018 679 1175 759 epitriton,
1209 688 1280 742 tuno
1308 680 1386 741 inter
1408 678 1467 741 ΑΕ
1491 686 1540 740 est

184 766 351 830 harmonia.
399 765 513 844 ltaque,
539 766 623 828 siout·
644 777 732 830 tonus
757 768 812 832 CD
835 789 890 849 per
912 769 1099 831 harmoniam
1122 768 1149 829 E
1174 768 1288 829 divisus
1313 775 1361 831 est
1387 768 1418 829 iu
1441 767 1539 829 miuus

185 854 239 920 OE
263 863 295 916 et
313 855 411 934 majus
434 853 505 927 ΕΙ),
537 855 581 916 sic
613 866 722 918 natura
749 859 897 920 hominem
920 877 1010 920 uuum
1038 875 1092 936 per
1120 857 1322 935 generationis
1347 863 1536 936 apparatum,
1563 849 1568 857 ⁸

187 944 295 1027 quavis
318 943 475 1005 harmonia
498 944 676 1020 suaviorem,
703 946 807 1008 divisit
829 948 857 1008 in
882 946 1024 1008 feminam
1048 954 1081 1006 et
1103 964 1230 1019 marem,
1256 964 1380 1025 quorum
1404 944 1456 1005 alii
1479 944 1539 1006 ali-

185 1034 256 1115 quid
279 1034 380 1106 deest,
405 1031 472 1093 lruio
496 1031 639 1095 abundat.
687 1036 797 1096 Patere
821 1037 914 1107 enim,
946 1043 980 1097 ut
1003 1035 1080 1095 hanc
1103 1033 1233 1113 gratiam
1256 1041 1381 1114 tangam
1404 1040 1540 1095 extremo

186 1122 291 1201 digito,
317 1129 352 1181 ut
373 1129 458 1182 tactu
483 1121 720 1200 experimentum
744 1125 860 1204 capiam
885 1125 1036 1203 corporis,
1062 1123 1147 1201 cujus
1172 1124 1269 1185 forma
1291 1122 1407 1184 eminus
1431 1129 1538 1183 tauto-

185 1229 257 1292 pere
282 1210 386 1271 arrisit
409 1210 513 1271 oculis.
561 1210 640 1272 Nam
669 1231 722 1274 cur
746 1232 803 1274 non
832 1214 935 1292 juvem
959 1212 1179 1286 Reiuhardum,
1210 1210 1427 1290 jucundissime
1458 1211 1539 1272 allu-

187 1300 309 1362 dentem
333 1318 370 1359 ex
393 1298 610 1377 Trismegisto,
636 1307 668 1361 et
690 1301 832 1363 feminam
856 1303 975 1382 quidem
999 1302 1078 1362 infra
1101 1300 1314 1375 collocantem,
1339 1307 1374 1362 ut
1395 1318 1453 1379 par
1473 1305 1538 1359 est:

186 1408 243 1449 nou
268 1395 339 1447 sunt
362 1387 440 1447 enim
464 1387 578 1447 ferendi
602 1389 668 1464 viri,
693 1391 742 1470 qui
767 1391 866 1452 ferunt
889 1410 960 1452 suas
986 1390 1112 1451 feminas
1137 1396 1169 1450 et
1192 1397 1298 1452 contra
1317 1390 1426 1451 flumen
1451 1388 1538 1450 nari·

186 1483 269 1556 gant.
318 1475 394 1549 „Dis
418 1494 536 1536 sursum
569 1477 678 1552 fumat,
710 1479 807 1540 stillat
830 1479 917 1541 Jovis
947 1480 1027 1540 unda
1050 1477 1220 1540 deorsum.“
1266 1477 1332 1540 Nec
1355 1475 1541 1538 invenustior

186 1573 235 1627 est
258 1565 311 1625 illa
334 1563 399 1624 duri
422 1563 578 1643 mollisque
603 1568 852 1631 accommodatio.
898 1568 1031 1630 Rursum
1055 1567 1132 1628 enim
1157 1565 1260 1628 suavis
1284 1567 1334 1628 ille
1358 1571 1459 1626 tactus
1481 1582 1539 1626 no-

187 1663 268 1715 stros
293 1652 413 1732 judices
444 1653 575 1716 advocat
602 1655 646 1715 rei
675 1655 892 1736 lepidissimae,
936 1676 1003 1718 cum
1032 1676 1069 1717 ex
1098 1654 1296 1734 Trismegisto
1326 1654 1408 1715 solos
1437 1653 1540 1714 oculos

187 1743 360 1815 erudiisset,
385 1761 423 1802 ex
446 1741 574 1804 Platone
599 1763 698 1806 aures.
745 1746 866 1808 Etenim
891 1747 996 1806 durum
1020 1751 1140 1824 oportet
1163 1761 1248 1817 esse,
1274 1745 1352 1824 quod
1376 1741 1538 1811 infinditur,
1633 1747 1638 1754 '

186 1832 372 1894 multavere
396 1849 503 1908 corpus
532 1840 565 1893 et
585 1833 615 1894 in
640 1851 672 1894 se
698 1835 821 1908 cedens,
853 1835 929 1914 quod
955 1834 1058 1895 durum
1086 1832 1160 1894 illud
1189 1831 1302 1912 excipit
1329 1833 1484 1909 locumque
1513 1830 1541 1890 ei

187 1921 250 1982 dat.
297 1917 367 1989 Qua
389 1919 564 1981 titillatione
587 1921 778 1985 Reiuhardus
802 1922 948 1985 excitavit
962 1936 1058 1983 meum
1074 1920 1233 2001 ingenium,
1260 1927 1294 1982 ut
1313 1919 1441 1982 lnbnerit
1457 1937 1541 2000 sym-

187 2010 266 2072 bolis
291 2028 356 2070 cum
380 2009 433 2069 illo
457 2016 584 2084 certare,
611 2011 717 2090 quibus
741 2013 818 2075 oculi
842 2012 930 2074 simul
954 2020 986 2072 et
1009 2011 1108 2091 digiti,
1134 2010 1223 2072 simul
1247 2020 1279 2070 et
1301 2008 1430 2071 hominis
1455 2007 1542 2086 inge-

188 2097 268 2160 nium
302 2098 491 2176 facultasque
515 2101 690 2161 numerandi
714 2101 753 2162 ad
782 2101 979 2182 judicandum
1003 2108 1094 2180 atque
1118 2099 1349 2160 discernendum
1372 2099 1451 2158 inter
1474 2115 1542 2158 ma-

188 2206 251 2248 rem
275 2195 307 2247 et
331 2185 471 2247 feminam
494 2186 687 2252 advocentur.

278 2274 339 2338 Sed
363 2274 555 2336 ratiocinatio
578 2277 697 2356 prolixa
719 2286 777 2339 est.
824 2277 858 2338 ln
882 2275 1050 2356 geometria
1073 2275 1150 2336 ratio
1174 2281 1223 2336 est
1245 2273 1326 2335 iuter
1344 2273 1419 2334 duos
1435 2272 1541 2335 termi-

187 2384 253 2439 nos,
277 2363 432 2444 proportio
455 2365 603 2426 rationum
628 2366 791 2429 similitudo
815 2373 873 2427 est.
920 2365 970 2426 Ad
985 2364 1209 2445 proportionem
1229 2360 1322 2441 igitur
1336 2369 1463 2440 quatuor
1478 2368 1543 2421 ter-

188 2454 262 2515 mini
284 2453 482 2533 requiruntur.
531 2452 619 2522 Quod
649 2455 675 2515 si
704 2456 794 2517 medii
821 2455 879 2516 duo
911 2456 941 2517 in
965 2471 1054 2515 nuum
1077 2459 1200 2524 cubant,
1234 2451 1388 2530 proportio
1414 2450 1543 2511 efficitur

189 2543 347 2614 contiuua,
381 2549 444 2602 tres
474 2541 589 2603 habens
618 2551 688 2605 actu
717 2543 876 2615 terminos,
909 2550 1063 2624 potestate
1095 2548 1232 2620 quatuor.
1280 2540 1364 2600 luter
1387 2539 1543 2599 continuas

188 2631 399 2713 proportiones
424 2649 512 2692 unum
532 2631 684 2712 singulare
708 2651 802 2712 genus
826 2640 876 2694 est
898 2630 1100 2713 proportionis
1124 2629 1261 2703 divinae,
1296 2647 1363 2689 cum
1387 2627 1544 2688 extribus

189 2721 326 2784 terminis
349 2720 407 2780 duo
431 2719 561 2781 minores
585 2731 717 2801 aequant
739 2722 897 2802 majorem,
922 2740 974 2783 seu
998 2738 1065 2782 oum
1089 2726 1186 2782 totum
1209 2718 1253 2779 ita
1277 2723 1399 2778 secatur
1422 2716 1452 2776 in
1475 2716 1544 2786 duo,

190 2818 224 2871 ut
250 2811 330 2871 inter
356 2816 460 2887 partes
491 2816 643 2871 ettotam
677 2811 718 2873 sit
742 2810 883 2873 contiuua
914 2809 1076 2891 proportio.
1122 2807 1220 2886 Hujus
1244 2804 1446 2885 proportionis
1470 2803 1545 2865 haec

191 2908 239 2960 est
262 2897 446 2978 proprietas,
479 2906 514 2959 ut
536 2917 574 2958 ex
604 2900 717 2979 majore
751 2898 879 2961 termino
911 2907 942 2960 et
966 2905 1030 2960 toto
1063 2915 1179 2958 rursum
1209 2901 1406 2973 componatur
1439 2892 1545 2955 similis

190 2987 355 3069 proportio.
403 2984 460 3054 Qui
487 2987 566 3048 enim
593 2989 676 3069 prins
701 2997 768 3050 erat
790 2989 903 3068 maj0r,
935 2988 997 3066 jam
1026 2988 1060 3047 tit
1082 2985 1194 3059 minor,
1229 2984 1307 3064 quod
1330 2982 1413 3061 prius
1437 2989 1544 3054 totum,

186 3078 252 3156 jam
276 3077 311 3137 fit
333 3074 430 3153 major
454 3076 611 3150 terminus,
639 3085 670 3138 et
693 3078 889 3157 compositum
914 3097 952 3138 ex
975 3083 1100 3154 utroque
1116 3075 1182 3151 jam
1206 3073 1300 3134 habet
1323 3071 1470 3133 rationem
1494 3078 1545 3131 to-

191 3165 261 3227 tius.
309 3165 373 3224 Hoc
402 3164 431 3224 iu
465 3164 628 3241 infinitum,
662 3185 781 3246 semper
812 3173 952 3227 manente
985 3164 1178 3243 proportione
1211 3162 1321 3224 diviua.
1369 3161 1457 3221 Hauc
1489 3177 1546 3237 ego

192 3253 406 3334 geometricam
430 3254 668 3332 proportionem,
701 3263 788 3334 puto,
822 3255 920 3315 ideam
945 3254 1038 3313 fuisse
1063 3251 1206 3324 creatori,
1237 3250 1276 3312 ad
1300 3247 1547 3311 introducendam

192 3341 416 3422 generationem
440 3342 548 3403 similis
572 3344 732 3416 assimili,
760 3363 835 3424 quae
860 3350 909 3404 est
932 3341 1023 3403 etiam
1047 3339 1198 3420 perennis.
1245 3339 1345 3400 Video
1375 3339 1453 3399 enim
1479 3337 1545 3417 qui-

192 3431 307 3493 narium
328 3430 358 3491 in
382 3430 504 3492 floribus
527 3449 603 3509 pene
628 3433 773 3507 omnibus,
799 3433 848 3513 qui
873 3432 1010 3503 fructum,
1035 3430 1091 3490 hoc
1116 3436 1165 3490 est
1179 3429 1404 3507 generationem
1419 3444 1548 3506 praeoe-

192 3521 276 3587 dunt,
301 3539 395 3598 neque
419 3529 488 3580 suut
512 3522 549 3581 ob
574 3540 607 3581 se
631 3522 723 3601 ipsos,
748 3523 801 3582 sed
818 3522 855 3582 ob
871 3521 999 3581 fructum
1015 3524 1198 3598 sequentem.
1246 3515 1360 3578 Omnes
1380 3516 1443 3575 fere
1458 3515 1548 3575 flores

193 3608 311 3670 arborei
336 3615 406 3669 suut
429 3609 458 3668 iu
483 3608 539 3670 hoc
563 3629 669 3684 censu;
699 3611 792 3672 citros
816 3617 846 3672 et
869 3627 974 3689 pomos
999 3607 1152 3669 aurantios
1177 3606 1255 3666 sorte
1279 3601 1417 3682 excipere
1442 3602 1547 3677 debeo,

194 3697 252 3759 etsi
275 3699 378 3758 florem
403 3715 461 3757 nou
485 3698 555 3772 vidi,
581 3718 618 3759 ex
642 3701 740 3761 fructu
764 3700 861 3761 solum
885 3717 938 3758 seu
962 3715 1050 3777 pomo
1069 3695 1180 3775 judico,
1207 3694 1256 3775 qui
1281 3711 1339 3754 non
1355 3691 1448 3753 estin
1462 3692 1547 3753 locu-

194 3788 240 3848 tos
264 3786 388 3867 quinos,
422 3785 476 3846 sed
499 3796 655 3866 septenos,
680 3789 829 3860 undenos,
861 3805 995 3848 novenos
1019 3785 1142 3846 divisus.
1190 3782 1353 3853 Quiuarius
1377 3799 1461 3855 vero,
1495 3798 1549 3840 seu

195 3875 408 3956 quinquanguli
431 3875 526 3954 figura
550 3877 732 3938 construitur
756 3879 785 3939 in
809 3874 976 3955 geometria
999 3894 1055 3954 ope
1078 3871 1280 3953 proportionis
1306 3868 1435 3943 divinae,
1459 3887 1548 3948 quam

194 3963 483 4044 volo'archetypum
507 3966 722 4043 generationis.
770 3966 910 4045 Amplius
926 3964 1003 4026 inter
1018 3971 1131 4025 motum
1152 3961 1234 4024 Solis
1250 3963 1329 4034 (seu,
1353 3965 1388 4020 ut
1403 3976 1459 4038 ego
1476 3977 1548 4019 sen-

196 4053 248 4123 tio,
272 4053 417 4126 Telluris)
442 4061 475 4112 et
499 4053 643 4127 Veneris,
670 4074 745 4134 quae
769 4061 892 4134 praeest
915 4052 1053 4114 facultati
1078 4051 1231 4118 seminali,
1255 4047 1409 4129 proportio
1432 4044 1478 4110 8:
1498 4044 1548 4120 13,

196 4160 272 4222 quac
295 4141 429 4224 proxime
454 4150 502 4202 est
525 4142 635 4216 divina,
670 4152 704 4203 ut
727 4144 891 4206 audiemus.
938 4142 1076 4220 Denique
1100 4141 1211 4201 Terrae
1236 4139 1350 4200 coelum
1378 4137 1407 4197 in
1433 4133 1549 4214 Ceper-

196 4231 261 4292 nioo
294 4230 424 4295 medinm
458 4239 507 4291 est
538 4233 616 4293 inter
648 4233 749 4294 coelos
781 4232 891 4294 Martis
922 4239 954 4291 et
981 4230 1126 4301 Veneris,
1162 4227 1440 4308 proportionemque
1472 4223 1551 4285 inter

197 4320 265 4381 illos
289 4331 410 4384 nactum
434 4328 544 4381 estex
569 4321 757 4383 dodecaddro
781 4329 813 4382 et
836 4320 1011 4394 icosaedro,
1037 4337 1112 4398 quae
1138 4328 1208 4378 sunt
1232 4317 1260 4377 in
1285 4314 1450 4394 geometria
1474 4315 1550 4373 duae
1628 4341 1634 4347 ·

197 4409 317 4473 soboles
344 4409 547 4491 proportionis
581 4410 717 4484 divinae;
750 4410 781 4471 iu
804 4411 899 4471 Terra
921 4426 992 4469 vero
1025 4414 1131 4468 nostra
1160 4413 1316 4467 exercetur
1346 4401 1551 4482 generationis

197 4517 282 4578 opus.
329 4498 411 4562 Vide
430 4497 505 4575 jam,
531 4502 676 4578 quomodo
701 4519 739 4559 ex
762 4497 954 4579 proportione
979 4496 1081 4558 divina
1108 4496 1236 4557 resultet
1265 4493 1380 4572 effigies
1404 4491 1497 4559 maris
1521 4497 1553 4551 et

199 4585 336 4651 feminae.
382 4586 441 4647 Est
469 4606 535 4648 meo
566 4588 676 4666 judicio
709 4589 813 4650 eadem
839 4586 926 4668 quasi
959 4585 1113 4665 proportio
1136 4582 1345 4645 seminationis
1379 4581 1551 4660 plantarum

199 4675 237 4736 ad
262 4686 363 4740 actum
387 4677 590 4753 generationis
620 4677 808 4748 animalium,
841 4695 917 4757 quae
952 4682 1000 4736 est
1027 4673 1228 4754 proportionis
1261 4669 1465 4751 geometricae
1499 4687 1552 4730 seu

199 4767 286 4829 lineis
318 4784 497 4848 expressae,
537 4766 575 4826 ad
607 4765 831 4848 proportionem
864 4763 1084 4828 arithmeticam
1117 4782 1170 4824 seu
1203 4761 1333 4823 numeris
1366 4776 1551 4839 expressam.

199 4855 270 4920 Jam
294 4875 367 4918 vero
391 4854 493 4918 diviua
515 4857 669 4940 proportio
693 4856 824 4919 numeris
848 4854 974 4936 exprimi
996 4854 1130 4932 perfecte
1155 4850 1271 4931 nequit,
1302 4848 1428 4931 exprimi
1452 4855 1552 4910 tamen
