<?xml version="1.0" encoding="UTF-8"?>
<!DOCTYPE html PUBLIC "-//W3C//DTD XHTML 1.0 Transitional//EN"
    "http://www.w3.org/TR/xhtml1/DTD/xhtml1-transitional.dtd">
<html xmlns="http://www.w3.org/1999/xhtml" xml:lang="en" lang="en">
 <head>
  <title>
</title>
<meta http-equiv="Content-Type" content="text/html;charset=utf-8" />
  <meta name='ocr-system' content='tesseract 3.04.00' />
  <meta name='ocr-capabilities' content='ocr_page ocr_carea ocr_par ocr_line ocrx_word'/>
</head>
<body>
  <div class='ocr_page' id='page_1' title='image "./joanniskepleria10frisgoog/joanniskepleria10frisgoog_0374.png"; bbox 0 0 3428 5542; ppageno 0'>
   <div class='ocr_carea' id='block_1_1' title="bbox 708 291 1537 359">
    <p class='ocr_par' dir='ltr' id='par_1_1' title="bbox 708 291 1537 359">
     <span class='ocr_line' id='line_1_1' title="bbox 708 291 1537 359; baseline 0.016 -18"><span class='ocrx_word' id='word_1_1' title='bbox 708 291 739 341; x_wconf 84' lang='lat' dir='ltr'>de.</span> <span class='ocrx_word' id='word_1_2' title='bbox 758 291 831 341; x_wconf 84' lang='lat' dir='ltr'>rebus</span> <span class='ocrx_word' id='word_1_3' title='bbox 849 292 1011 357; x_wconf 65' lang='lat' dir='ltr'>analogicis</span> <span class='ocrx_word' id='word_1_4' title='bbox 1478 291 1537 359; x_wconf 83' lang='grc'>351</span> 
     </span>
    </p>
   </div>
   <div class='ocr_carea' id='block_1_2' title="bbox 188 440 1545 530">
    <p class='ocr_par' dir='ltr' id='par_1_2' title="bbox 188 440 1545 530">
     <span class='ocr_line' id='line_1_2' title="bbox 188 440 1545 530; baseline 0.003 -21"><span class='ocrx_word' id='word_1_5' title='bbox 188 447 256 509; x_wconf 87' lang='lat' dir='ltr'>aliis</span> <span class='ocrx_word' id='word_1_6' title='bbox 280 445 375 507; x_wconf 91' lang='lat' dir='ltr'>literis</span> <span class='ocrx_word' id='word_1_7' title='bbox 399 447 443 525; x_wconf 92' lang='grc' dir='ltr'>(ρ.</span> <span class='ocrx_word' id='word_1_8' title='bbox 470 440 561 525; x_wconf 89' lang='grc'>339).</span> <span class='ocrx_word' id='word_1_9' title='bbox 608 446 739 509; x_wconf 87' lang='lat' dir='ltr'>Videtur</span> <span class='ocrx_word' id='word_1_10' title='bbox 765 467 802 508; x_wconf 87' lang='lat' dir='ltr'>ca</span> <span class='ocrx_word' id='word_1_11' title='bbox 831 449 899 527; x_wconf 89' lang='lat' dir='ltr'>ipsa</span> <span class='ocrx_word' id='word_1_12' title='bbox 926 466 995 510; x_wconf 88' lang='lat' dir='ltr'>esse</span> <span class='ocrx_word' id='word_1_13' title='bbox 1019 449 1120 528; x_wconf 89' lang='lat' dir='ltr'>regio,</span> <span class='ocrx_word' id='word_1_14' title='bbox 1154 450 1232 510; x_wconf 91' lang='lat' dir='ltr'>uude</span> <span class='ocrx_word' id='word_1_15' title='bbox 1264 451 1303 525; x_wconf 89' lang='lat' dir='ltr'>ad</span> <span class='ocrx_word' id='word_1_16' title='bbox 1326 470 1382 513; x_wconf 90' lang='lat' dir='ltr'>nos</span> <span class='ocrx_word' id='word_1_17' title='bbox 1408 452 1545 530; x_wconf 89' lang='lat' dir='ltr'>pervenit</span> 
     </span>
    </p>
   </div>
   <div class='ocr_carea' id='block_1_3' title="bbox 186 532 1665 620">
    <p class='ocr_par' dir='ltr' id='par_1_3' title="bbox 186 532 1665 620">
     <span class='ocr_line' id='line_1_3' title="bbox 186 532 1665 620; baseline 0.005 -27"><span class='ocrx_word' id='word_1_18' title='bbox 186 542 294 597; x_wconf 88' lang='lat' dir='ltr'>ventus</span> <span class='ocrx_word' id='word_1_19' title='bbox 310 532 495 610; x_wconf 71' lang='lat' dir='ltr'>„Nordost“</span> <span class='ocrx_word' id='word_1_20' title='bbox 521 534 570 614; x_wconf 92' lang='lat' dir='ltr'>qui</span> <span class='ocrx_word' id='word_1_21' title='bbox 593 554 714 616; x_wconf 80' lang='lat' dir='ltr'>semper</span> <span class='ocrx_word' id='word_1_22' title='bbox 738 535 876 616; x_wconf 88' lang='lat' dir='ltr'>frigidus.</span> <span class='ocrx_word' id='word_1_23' title='bbox 922 536 1004 617; x_wconf 88' lang='lat' dir='ltr'>Ergo</span> <span class='ocrx_word' id='word_1_24' title='bbox 1029 537 1138 617; x_wconf 85' lang='lat' dir='ltr'>aliquis</span> <span class='ocrx_word' id='word_1_25' title='bbox 1163 538 1203 598; x_wconf 93' lang='lat' dir='ltr'>ibi</span> <span class='ocrx_word' id='word_1_26' title='bbox 1224 539 1308 601; x_wconf 93' lang='lat' dir='ltr'>culus</span> <span class='ocrx_word' id='word_1_27' title='bbox 1332 541 1444 612; x_wconf 87' lang='lat' dir='ltr'>mundi,</span> <span class='ocrx_word' id='word_1_28' title='bbox 1468 540 1544 601; x_wconf 91' lang='lat' dir='ltr'>unde</span> <span class='ocrx_word' id='word_1_29' title='bbox 1594 606 1601 620; x_wconf 20' lang='lat' dir='ltr'>q</span> <span class='ocrx_word' id='word_1_30' title='bbox 1655 592 1665 601; x_wconf 92' lang='lat'>.</span> 
     </span>
    </p>
   </div>
   <div class='ocr_carea' id='block_1_4' title="bbox 186 621 1390 705">
    <p class='ocr_par' dir='ltr' id='par_1_4' title="bbox 186 621 1390 705">
     <span class='ocr_line' id='line_1_4' title="bbox 186 621 1390 705; baseline 0.004 -21"><span class='ocrx_word' id='word_1_31' title='bbox 186 634 250 686; x_wconf 85' lang='lat' dir='ltr'>tam</span> <span class='ocrx_word' id='word_1_32' title='bbox 273 621 375 703; x_wconf 78' lang='lat' dir='ltr'><strong>frigidi</strong></span> <span class='ocrx_word' id='word_1_33' title='bbox 397 623 490 685; x_wconf 84' lang='lat' dir='ltr'>venti.</span> <span class='ocrx_word' id='word_1_34' title='bbox 538 624 606 684; x_wconf 92' lang='lat' dir='ltr'>Nou</span> <span class='ocrx_word' id='word_1_35' title='bbox 630 625 723 703; x_wconf 90' lang='lat' dir='ltr'>liquet</span> <span class='ocrx_word' id='word_1_36' title='bbox 747 645 800 686; x_wconf 87' lang='lat' dir='ltr'>nec</span> <span class='ocrx_word' id='word_1_37' title='bbox 825 624 899 687; x_wconf 93' lang='lat' dir='ltr'>libet</span> <span class='ocrx_word' id='word_1_38' title='bbox 924 626 951 686; x_wconf 93' lang='lat' dir='ltr'>in</span> <span class='ocrx_word' id='word_1_39' title='bbox 977 645 1039 687; x_wconf 90' lang='lat' dir='ltr'>rcm</span> <span class='ocrx_word' id='word_1_40' title='bbox 1063 635 1254 705; x_wconf 78' lang='lat' dir='ltr'>praesentem</span> <span class='ocrx_word' id='word_1_41' title='bbox 1278 629 1390 690; x_wconf 88' lang='lat' dir='ltr'>venire.</span> 
     </span>
    </p>
   </div>
   <div class='ocr_carea' id='block_1_5' title="bbox 185 711 1542 851">
    <p class='ocr_par' dir='ltr' id='par_1_5' title="bbox 185 711 1542 851">
     <span class='ocr_line' id='line_1_5' title="bbox 257 711 1542 780; baseline 0.005 -20"><span class='ocrx_word' id='word_1_42' title='bbox 257 711 440 762; x_wconf 79' lang='lat' dir='ltr'>Fabricius:</span> <span class='ocrx_word' id='word_1_43' title='bbox 460 711 487 762; x_wconf 87' lang='lat' dir='ltr'>Si</span> <span class='ocrx_word' id='word_1_44' title='bbox 506 712 588 762; x_wconf 84' lang='lat' dir='ltr'>cauda</span> <span class='ocrx_word' id='word_1_45' title='bbox 606 719 756 763; x_wconf 72' lang='lat' dir='ltr'>comemmur</span> <span class='ocrx_word' id='word_1_46' title='bbox 776 726 792 762; x_wconf 87' lang='lat' dir='ltr'>a</span> <span class='ocrx_word' id='word_1_47' title='bbox 811 711 867 763; x_wconf 85' lang='lat' dir='ltr'>Sole</span> <span class='ocrx_word' id='word_1_48' title='bbox 888 720 1018 772; x_wconf 84' lang='lat' dir='ltr'>causatur.</span> <span class='ocrx_word' id='word_1_49' title='bbox 1045 729 1089 764; x_wconf 85' lang='lat' dir='ltr'>cur</span> <span class='ocrx_word' id='word_1_50' title='bbox 1105 729 1156 764; x_wconf 90' lang='lat' dir='ltr'>uon</span> <span class='ocrx_word' id='word_1_51' title='bbox 1175 721 1201 764; x_wconf 87' lang='lat' dir='ltr'>et</span> <span class='ocrx_word' id='word_1_52' title='bbox 1220 715 1293 766; x_wconf 84' lang='lat' dir='ltr'>Laus</span> <span class='ocrx_word' id='word_1_53' title='bbox 1311 715 1417 766; x_wconf 85' lang='lat' dir='ltr'>caudam</span> <span class='ocrx_word' id='word_1_54' title='bbox 1436 718 1542 780; x_wconf 87' lang='lat' dir='ltr'>projicit,</span> 
     </span>
     <span class='ocr_line' id='line_1_6' title="bbox 185 783 1344 851; baseline 0.002 -17"><span class='ocrx_word' id='word_1_55' title='bbox 185 799 242 834; x_wconf 88' lang='lat' dir='ltr'>cum</span> <span class='ocrx_word' id='word_1_56' title='bbox 259 797 309 832; x_wconf 92' lang='lat' dir='ltr'>non</span> <span class='ocrx_word' id='word_1_57' title='bbox 328 783 427 832; x_wconf 86' lang='lat' dir='ltr'>dubium</span> <span class='ocrx_word' id='word_1_58' title='bbox 445 784 485 839; x_wconf 85' lang='lat' dir='ltr'>sit.</span> <span class='ocrx_word' id='word_1_59' title='bbox 505 789 656 833; x_wconf 83' lang='lat' dir='ltr'>cometarum</span> <span class='ocrx_word' id='word_1_60' title='bbox 674 798 778 848; x_wconf 88' lang='lat' dir='ltr'>corpora</span> <span class='ocrx_word' id='word_1_61' title='bbox 795 800 844 834; x_wconf 93' lang='lat' dir='ltr'>non</span> <span class='ocrx_word' id='word_1_62' title='bbox 862 785 942 835; x_wconf 88' lang='lat' dir='ltr'>minus</span> <span class='ocrx_word' id='word_1_63' title='bbox 960 785 1039 836; x_wconf 84' lang='lat' dir='ltr'>densa</span> <span class='ocrx_word' id='word_1_64' title='bbox 1057 800 1121 845; x_wconf 90' lang='lat' dir='ltr'>esse,</span> <span class='ocrx_word' id='word_1_65' title='bbox 1143 801 1216 851; x_wconf 85' lang='lat' dir='ltr'>quam</span> <span class='ocrx_word' id='word_1_66' title='bbox 1236 785 1344 838; x_wconf 81' lang='lat' dir='ltr'>Lunae?</span> 
     </span>
    </p>
   </div>
   <div class='ocr_carea' id='block_1_6' title="bbox 184 855 1544 1026">
    <p class='ocr_par' dir='ltr' id='par_1_6' title="bbox 184 855 1544 1026">
     <span class='ocr_line' id='line_1_7' title="bbox 275 855 1544 940; baseline 0.003 -25"><span class='ocrx_word' id='word_1_67' title='bbox 275 855 483 934; x_wconf 87' lang='lat' dir='ltr'>Keplerus:</span> <span class='ocrx_word' id='word_1_68' title='bbox 518 855 564 916; x_wconf 92' lang='lat' dir='ltr'>De</span> <span class='ocrx_word' id='word_1_69' title='bbox 588 855 634 917; x_wconf 89' lang='lat' dir='ltr'>iris</span> <span class='ocrx_word' id='word_1_70' title='bbox 665 873 723 916; x_wconf 92' lang='lat' dir='ltr'>nou</span> <span class='ocrx_word' id='word_1_71' title='bbox 745 856 835 938; x_wconf 92' lang='lat' dir='ltr'>plura</span> <span class='ocrx_word' id='word_1_72' title='bbox 859 857 958 918; x_wconf 80' lang='lat' dir='ltr'>dicere</span> <span class='ocrx_word' id='word_1_73' title='bbox 986 876 1125 937; x_wconf 90' lang='lat' dir='ltr'>possum,</span> <span class='ocrx_word' id='word_1_74' title='bbox 1161 876 1248 936; x_wconf 83' lang='lat' dir='ltr'><strong>qnam</strong></span> <span class='ocrx_word' id='word_1_75' title='bbox 1280 859 1309 921; x_wconf 95' lang='lat' dir='ltr'>in</span> <span class='ocrx_word' id='word_1_76' title='bbox 1334 856 1462 940; x_wconf 88' lang='lat' dir='ltr'>Opticis.</span> <span class='ocrx_word' id='word_1_77' title='bbox 1510 858 1544 919; x_wconf 86' lang='lat' dir='ltr'>Si</span> 
     </span>
     <span class='ocr_line' id='line_1_8' title="bbox 184 944 1197 1026; baseline 0.003 -21"><span class='ocrx_word' id='word_1_78' title='bbox 184 963 282 1025; x_wconf 89' lang='lat' dir='ltr'>opaca</span> <span class='ocrx_word' id='word_1_79' title='bbox 306 953 409 1005; x_wconf 85' lang='lat' dir='ltr'>essent</span> <span class='ocrx_word' id='word_1_80' title='bbox 432 961 567 1022; x_wconf 87' lang='lat' dir='ltr'>corpora,</span> <span class='ocrx_word' id='word_1_81' title='bbox 593 951 626 1005; x_wconf 89' lang='lat' dir='ltr'>ut</span> <span class='ocrx_word' id='word_1_82' title='bbox 648 944 745 1019; x_wconf 91' lang='lat' dir='ltr'>Luna,</span> <span class='ocrx_word' id='word_1_83' title='bbox 770 964 830 1006; x_wconf 93' lang='lat' dir='ltr'>nou</span> <span class='ocrx_word' id='word_1_84' title='bbox 854 946 1036 1026; x_wconf 83' lang='lat' dir='ltr'>projicerent</span> <span class='ocrx_word' id='word_1_85' title='bbox 1058 946 1197 1008; x_wconf 86' lang='lat' dir='ltr'>caudam.</span> 
     </span>
    </p>
   </div>
   <div class='ocr_carea' id='block_1_7' title="bbox 184 1048 1542 1185">
    <p class='ocr_par' dir='ltr' id='par_1_7' title="bbox 184 1048 1542 1185">
     <span class='ocr_line' id='line_1_9' title="bbox 256 1048 1542 1117; baseline 0.002 -18"><span class='ocrx_word' id='word_1_86' title='bbox 256 1049 354 1099; x_wconf 78' lang='lat' dir='ltr'>Deinde</span> <span class='ocrx_word' id='word_1_87' title='bbox 371 1051 452 1114; x_wconf 86' lang='lat' dir='ltr'>pergit</span> <span class='ocrx_word' id='word_1_88' title='bbox 464 1048 630 1113; x_wconf 87' lang='lat' dir='ltr'>Keplerns,</span> <span class='ocrx_word' id='word_1_89' title='bbox 651 1051 683 1099; x_wconf 85' lang='lat' dir='ltr'>ud</span> <span class='ocrx_word' id='word_1_90' title='bbox 702 1051 764 1100; x_wconf 85' lang='lat' dir='ltr'>alias</span> <span class='ocrx_word' id='word_1_91' title='bbox 776 1050 884 1101; x_wconf 79' lang='lat' dir='ltr'>Fabricii</span> <span class='ocrx_word' id='word_1_92' title='bbox 896 1053 1056 1116; x_wconf 76' lang='lat' dir='ltr'>quaestiones</span> <span class='ocrx_word' id='word_1_93' title='bbox 1069 1052 1230 1116; x_wconf 86' lang='lat' dir='ltr'>respondeus,</span> <span class='ocrx_word' id='word_1_94' title='bbox 1250 1067 1314 1116; x_wconf 87' lang='lat' dir='ltr'>quae</span> <span class='ocrx_word' id='word_1_95' title='bbox 1329 1068 1359 1102; x_wconf 85' lang='lat' dir='ltr'>ex</span> <span class='ocrx_word' id='word_1_96' title='bbox 1371 1053 1430 1116; x_wconf 85' lang='lat' dir='ltr'>ipsis</span> <span class='ocrx_word' id='word_1_97' title='bbox 1441 1065 1542 1117; x_wconf 85' lang='lat' dir='ltr'>respou-</span> 
     </span>
     <span class='ocr_line' id='line_1_10' title="bbox 184 1120 1505 1185; baseline -0.008 -14"><span class='ocrx_word' id='word_1_98' title='bbox 184 1121 293 1171; x_wconf 82' lang='lat' dir='ltr'>slonibus</span> <span class='ocrx_word' id='word_1_99' title='bbox 311 1120 413 1185; x_wconf 84' lang='lat' dir='ltr'>Kepleri</span> <span class='ocrx_word' id='word_1_100' title='bbox 431 1121 567 1184; x_wconf 81' lang='lat' dir='ltr'>patebunt:</span> <span class='ocrx_word' id='word_1_101' title='bbox 1500 1136 1505 1142; x_wconf 96' lang='lat'>·</span> 
     </span>
    </p>
   </div>
   <div class='ocr_carea' id='block_1_8' title="bbox 168 1209 1541 3511">
    <p class='ocr_par' dir='ltr' id='par_1_8' title="bbox 168 1209 1541 1643">
     <span class='ocr_line' id='line_1_11' title="bbox 273 1209 1541 1292; baseline 0.002 -21"><span class='ocrx_word' id='word_1_102' title='bbox 273 1210 319 1271; x_wconf 93' lang='lat' dir='ltr'>De</span> <span class='ocrx_word' id='word_1_103' title='bbox 344 1209 461 1271; x_wconf 85' lang='lat' dir='ltr'>arcanis</span> <span class='ocrx_word' id='word_1_104' title='bbox 481 1210 751 1290; x_wconf 80' lang='lat' dir='ltr'>experimentisque</span> <span class='ocrx_word' id='word_1_105' title='bbox 765 1210 904 1289; x_wconf 69' lang='lat' dir='ltr'>,propriis</span> <span class='ocrx_word' id='word_1_106' title='bbox 933 1211 1126 1273; x_wconf 87' lang='lat' dir='ltr'>commendas</span> <span class='ocrx_word' id='word_1_107' title='bbox 1158 1213 1229 1275; x_wconf 88' lang='lat' dir='ltr'>milri</span> <span class='ocrx_word' id='word_1_108' title='bbox 1253 1213 1421 1274; x_wconf 81' lang='lat' dir='ltr'>Ptolemaei</span> <span class='ocrx_word' id='word_1_109' title='bbox 1445 1213 1541 1292; x_wconf 87' lang='lat' dir='ltr'>aplro·</span> 
     </span>
     <span class='ocr_line' id='line_1_12' title="bbox 184 1295 1541 1381; baseline 0.001 -21"><span class='ocrx_word' id='word_1_110' title='bbox 184 1300 307 1361; x_wconf 88' lang='lat' dir='ltr'>rismum</span> <span class='ocrx_word' id='word_1_111' title='bbox 330 1299 360 1360; x_wconf 92' lang='lat' dir='ltr'>in</span> <span class='ocrx_word' id='word_1_112' title='bbox 384 1295 614 1376; x_wconf 78' lang='lat' dir='ltr'>Quadripertito</span> <span class='ocrx_word' id='word_1_113' title='bbox 644 1299 681 1359; x_wconf 93' lang='lat' dir='ltr'>de</span> <span class='ocrx_word' id='word_1_114' title='bbox 705 1299 935 1378; x_wconf 86' lang='lat' dir='ltr'>coaugulatione</span> <span class='ocrx_word' id='word_1_115' title='bbox 960 1301 1104 1362; x_wconf 90' lang='lat' dir='ltr'>siderum.</span> <span class='ocrx_word' id='word_1_116' title='bbox 1150 1301 1226 1366; x_wconf 89' lang='lat' dir='ltr'>Non.</span> <span class='ocrx_word' id='word_1_117' title='bbox 1243 1303 1333 1363; x_wconf 90' lang='lat' dir='ltr'>credo</span> <span class='ocrx_word' id='word_1_118' title='bbox 1362 1302 1422 1363; x_wconf 90' lang='lat' dir='ltr'>tuis</span> <span class='ocrx_word' id='word_1_119' title='bbox 1447 1320 1541 1381; x_wconf 90' lang='lat' dir='ltr'>gene-</span> 
     </span>
     <span class='ocr_line' id='line_1_13' title="bbox 184 1387 1540 1469; baseline 0.002 -21"><span class='ocrx_word' id='word_1_120' title='bbox 184 1388 300 1449; x_wconf 90' lang='lat' dir='ltr'>ralibus</span> <span class='ocrx_word' id='word_1_121' title='bbox 324 1387 501 1460; x_wconf 77' lang='lat' dir='ltr'>affirmatis3</span> <span class='ocrx_word' id='word_1_122' title='bbox 526 1406 648 1449; x_wconf 85' lang='lat' dir='ltr'>recense</span> <span class='ocrx_word' id='word_1_123' title='bbox 673 1388 880 1466; x_wconf 87' lang='lat' dir='ltr'>experimenta</span> <span class='ocrx_word' id='word_1_124' title='bbox 903 1408 957 1468; x_wconf 91' lang='lat' dir='ltr'>per</span> <span class='ocrx_word' id='word_1_125' title='bbox 980 1398 1093 1468; x_wconf 89' lang='lat' dir='ltr'>partes,</span> <span class='ocrx_word' id='word_1_126' title='bbox 1119 1389 1259 1468; x_wconf 87' lang='lat' dir='ltr'>opinione</span> <span class='ocrx_word' id='word_1_127' title='bbox 1281 1390 1424 1469; x_wconf 84' lang='lat' dir='ltr'>pauciora</span> <span class='ocrx_word' id='word_1_128' title='bbox 1445 1400 1540 1451; x_wconf 90' lang='lat' dir='ltr'>eruut.</span> 
     </span>
     <span class='ocr_line' id='line_1_14' title="bbox 184 1475 1540 1559; baseline 0.001 -20"><span class='ocrx_word' id='word_1_129' title='bbox 184 1479 340 1554; x_wconf 84' lang='lat' dir='ltr'>Aspectus</span> <span class='ocrx_word' id='word_1_130' title='bbox 369 1477 559 1555; x_wconf 89' lang='lat' dir='ltr'>planetarum</span> <span class='ocrx_word' id='word_1_131' title='bbox 588 1477 626 1536; x_wconf 92' lang='lat' dir='ltr'>ad</span> <span class='ocrx_word' id='word_1_132' title='bbox 651 1477 758 1538; x_wconf 87' lang='lat' dir='ltr'>stellas</span> <span class='ocrx_word' id='word_1_133' title='bbox 786 1484 931 1556; x_wconf 87' lang='lat' dir='ltr'>perpetuo</span> <span class='ocrx_word' id='word_1_134' title='bbox 959 1475 1066 1539; x_wconf 86' lang='lat' dir='ltr'>infiniti</span> <span class='ocrx_word' id='word_1_135' title='bbox 1090 1485 1175 1551; x_wconf 87' lang='lat' dir='ltr'>sunt,</span> <span class='ocrx_word' id='word_1_136' title='bbox 1210 1498 1267 1541; x_wconf 92' lang='lat' dir='ltr'>uon</span> <span class='ocrx_word' id='word_1_137' title='bbox 1297 1478 1390 1557; x_wconf 84' lang='lat' dir='ltr'>igitur</span> <span class='ocrx_word' id='word_1_138' title='bbox 1413 1480 1477 1559; x_wconf 89' lang='lat' dir='ltr'>apti</span> <span class='ocrx_word' id='word_1_139' title='bbox 1502 1480 1540 1541; x_wconf 92' lang='lat' dir='ltr'>ad</span> 
     </span>
     <span class='ocr_line' id='line_1_15' title="bbox 168 1563 1375 1643; baseline 0.007 -23"><span class='ocrx_word' id='word_1_140' title='bbox 168 1565 366 1643; x_wconf 83' lang='lat' dir='ltr'>objectivam</span> <span class='ocrx_word' id='word_1_141' title='bbox 391 1563 626 1627; x_wconf 82' lang='lat' dir='ltr'>admonitionem</span> <span class='ocrx_word' id='word_1_142' title='bbox 650 1565 699 1626; x_wconf 89' lang='lat' dir='ltr'>vel</span> <span class='ocrx_word' id='word_1_143' title='bbox 724 1565 952 1627; x_wconf 83' lang='lat' dir='ltr'>commotionem</span> <span class='ocrx_word' id='word_1_144' title='bbox 977 1566 1158 1629; x_wconf 84' lang='lat' dir='ltr'>facultatum</span> <span class='ocrx_word' id='word_1_145' title='bbox 1183 1567 1375 1629; x_wconf 85' lang='lat' dir='ltr'>naturalium.</span> 
     </span>
    </p>

    <p class='ocr_par' dir='ltr' id='par_1_9' title="bbox 182 1652 1540 2161">
     <span class='ocr_line' id='line_1_16' title="bbox 275 1652 1538 1733; baseline 0.002 -17"><span class='ocrx_word' id='word_1_146' title='bbox 275 1652 336 1716; x_wconf 87' lang='lat' dir='ltr'>Cur</span> <span class='ocrx_word' id='word_1_147' title='bbox 359 1653 437 1714; x_wconf 89' lang='lat' dir='ltr'>inter</span> <span class='ocrx_word' id='word_1_148' title='bbox 460 1662 602 1733; x_wconf 90' lang='lat' dir='ltr'>aspectus</span> <span class='ocrx_word' id='word_1_149' title='bbox 631 1653 659 1714; x_wconf 93' lang='lat' dir='ltr'>iu</span> <span class='ocrx_word' id='word_1_150' title='bbox 685 1655 766 1716; x_wconf 91' lang='lat' dir='ltr'>nullo</span> <span class='ocrx_word' id='word_1_151' title='bbox 783 1673 874 1716; x_wconf 88' lang='lat' dir='ltr'>ceusu</span> <span class='ocrx_word' id='word_1_152' title='bbox 898 1656 959 1716; x_wconf 86' lang='lat' dir='ltr'>sint</span> <span class='ocrx_word' id='word_1_153' title='bbox 983 1656 1013 1730; x_wconf 64' lang='lat' dir='ltr'>&lt;s</span> <span class='ocrx_word' id='word_1_154' title='bbox 1028 1658 1065 1730; x_wconf 80' lang='lat'>00,</span> <span class='ocrx_word' id='word_1_155' title='bbox 1091 1664 1123 1716; x_wconf 88' lang='lat' dir='ltr'>et</span> <span class='ocrx_word' id='word_1_156' title='bbox 1146 1657 1224 1730; x_wconf 68' lang='lat' dir='ltr'>U)</span> <span class='ocrx_word' id='word_1_157' title='bbox 1252 1665 1284 1718; x_wconf 89' lang='lat' dir='ltr'>ct</span> <span class='ocrx_word' id='word_1_158' title='bbox 1307 1653 1347 1733; x_wconf 76' lang='grc' dir='ltr'>Θ</span> <span class='ocrx_word' id='word_1_159' title='bbox 1380 1656 1441 1718; x_wconf 91' lang='lat' dir='ltr'>dixi</span> <span class='ocrx_word' id='word_1_160' title='bbox 1466 1658 1538 1718; x_wconf 86' lang='lat' dir='ltr'>can-</span> 
     </span>
     <span class='ocr_line' id='line_1_17' title="bbox 184 1743 1540 1824; baseline 0.003 -22"><span class='ocrx_word' id='word_1_161' title='bbox 184 1743 303 1804; x_wconf 88' lang='lat' dir='ltr'>samin</span> <span class='ocrx_word' id='word_1_162' title='bbox 328 1743 552 1804; x_wconf 86' lang='lat' dir='ltr'>Fundamentis.</span> <span class='ocrx_word' id='word_1_163' title='bbox 600 1743 644 1803; x_wconf 89' lang='lat' dir='ltr'>Tu</span> <span class='ocrx_word' id='word_1_164' title='bbox 668 1762 739 1803; x_wconf 89' lang='lat' dir='ltr'>vero</span> <span class='ocrx_word' id='word_1_165' title='bbox 767 1743 896 1822; x_wconf 81' lang='lat' dir='ltr'>paginas</span> <span class='ocrx_word' id='word_1_166' title='bbox 921 1743 1027 1805; x_wconf 88' lang='lat' dir='ltr'>studes</span> <span class='ocrx_word' id='word_1_167' title='bbox 1055 1744 1180 1823; x_wconf 89' lang='lat' dir='ltr'>implere</span> <span class='ocrx_word' id='word_1_168' title='bbox 1208 1767 1377 1824; x_wconf 73' lang='grc' dir='ltr'>περιεργοις.</span> <span class='ocrx_word' id='word_1_169' title='bbox 1425 1744 1540 1806; x_wconf 79' lang='lat' dir='ltr'>Eadem</span> 
     </span>
     <span class='ocr_line' id='line_1_18' title="bbox 184 1831 1539 1914; baseline 0.001 -21"><span class='ocrx_word' id='word_1_170' title='bbox 184 1838 287 1893; x_wconf 89' lang='lat' dir='ltr'>teneto</span> <span class='ocrx_word' id='word_1_171' title='bbox 312 1831 348 1891; x_wconf 94' lang='lat' dir='ltr'>de</span> <span class='ocrx_word' id='word_1_172' title='bbox 373 1831 497 1892; x_wconf 90' lang='lat' dir='ltr'>heliacis</span> <span class='ocrx_word' id='word_1_173' title='bbox 522 1831 684 1892; x_wconf 84' lang='lat' dir='ltr'>exortibus.</span> <span class='ocrx_word' id='word_1_174' title='bbox 732 1831 845 1893; x_wconf 87' lang='lat' dir='ltr'>Eorum</span> <span class='ocrx_word' id='word_1_175' title='bbox 869 1832 914 1893; x_wconf 88' lang='lat' dir='ltr'>vis</span> <span class='ocrx_word' id='word_1_176' title='bbox 940 1833 1086 1894; x_wconf 88' lang='lat' dir='ltr'>naturalis</span> <span class='ocrx_word' id='word_1_177' title='bbox 1109 1833 1232 1913; x_wconf 89' lang='lat' dir='ltr'>propria</span> <span class='ocrx_word' id='word_1_178' title='bbox 1247 1835 1339 1897; x_wconf 89' lang='lat' dir='ltr'>nulla.</span> <span class='ocrx_word' id='word_1_179' title='bbox 1387 1831 1466 1896; x_wconf 86' lang='lat' dir='ltr'>Sunt</span> <span class='ocrx_word' id='word_1_180' title='bbox 1480 1833 1539 1914; x_wconf 89' lang='lat' dir='ltr'>igi·</span> 
     </span>
     <span class='ocr_line' id='line_1_19' title="bbox 183 1920 1539 2002; baseline 0.001 -20"><span class='ocrx_word' id='word_1_181' title='bbox 183 1931 234 1982; x_wconf 91' lang='lat' dir='ltr'>tur</span> <span class='ocrx_word' id='word_1_182' title='bbox 257 1920 343 1999; x_wconf 88' lang='lat' dir='ltr'>signa</span> <span class='ocrx_word' id='word_1_183' title='bbox 366 1931 418 1980; x_wconf 86' lang='lat' dir='ltr'>aut</span> <span class='ocrx_word' id='word_1_184' title='bbox 443 1928 532 1981; x_wconf 89' lang='lat' dir='ltr'>notae</span> <span class='ocrx_word' id='word_1_185' title='bbox 557 1928 722 2000; x_wconf 88' lang='lat' dir='ltr'>temporum</span> <span class='ocrx_word' id='word_1_186' title='bbox 747 1941 784 1981; x_wconf 88' lang='lat' dir='ltr'>ex</span> <span class='ocrx_word' id='word_1_187' title='bbox 808 1921 933 1982; x_wconf 89' lang='lat' dir='ltr'>arbitrio</span> <span class='ocrx_word' id='word_1_188' title='bbox 957 1921 1121 1996; x_wconf 88' lang='lat' dir='ltr'>hominurn,</span> <span class='ocrx_word' id='word_1_189' title='bbox 1155 1923 1225 2002; x_wconf 89' lang='lat' dir='ltr'>quia</span> <span class='ocrx_word' id='word_1_190' title='bbox 1248 1923 1316 1985; x_wconf 91' lang='lat' dir='ltr'>aliis</span> <span class='ocrx_word' id='word_1_191' title='bbox 1341 1922 1445 1997; x_wconf 89' lang='lat' dir='ltr'>citius,</span> <span class='ocrx_word' id='word_1_192' title='bbox 1470 1922 1539 1984; x_wconf 88' lang='lat' dir='ltr'>aliis</span> 
     </span>
     <span class='ocr_line' id='line_1_20' title="bbox 183 2009 1540 2092; baseline 0.001 -22"><span class='ocrx_word' id='word_1_193' title='bbox 183 2009 300 2070; x_wconf 89' lang='lat' dir='ltr'>tardius</span> <span class='ocrx_word' id='word_1_194' title='bbox 334 2009 481 2082; x_wconf 92' lang='lat' dir='ltr'>oriuntur,</span> <span class='ocrx_word' id='word_1_195' title='bbox 515 2018 603 2088; x_wconf 89' lang='lat' dir='ltr'>prout</span> <span class='ocrx_word' id='word_1_196' title='bbox 626 2009 692 2070; x_wconf 83' lang='lat' dir='ltr'>risu</span> <span class='ocrx_word' id='word_1_197' title='bbox 716 2010 820 2071; x_wconf 89' lang='lat' dir='ltr'>valent</span> <span class='ocrx_word' id='word_1_198' title='bbox 852 2010 996 2072; x_wconf 86' lang='lat' dir='ltr'>homiues.</span> <span class='ocrx_word' id='word_1_199' title='bbox 1043 2011 1109 2073; x_wconf 82' lang='lat' dir='ltr'>Nec</span> <span class='ocrx_word' id='word_1_200' title='bbox 1138 2011 1274 2092; x_wconf 86' lang='lat' dir='ltr'>sequitur</span> <span class='ocrx_word' id='word_1_201' title='bbox 1303 2031 1402 2073; x_wconf 91' lang='lat' dir='ltr'>rerum</span> <span class='ocrx_word' id='word_1_202' title='bbox 1431 2020 1540 2074; x_wconf 86' lang='lat' dir='ltr'>natura</span> 
     </span>
     <span class='ocr_line' id='line_1_21' title="bbox 182 2097 1251 2161; baseline 0.002 -2"><span class='ocrx_word' id='word_1_203' title='bbox 182 2105 319 2159; x_wconf 87' lang='lat' dir='ltr'>nostram</span> <span class='ocrx_word' id='word_1_204' title='bbox 343 2098 425 2158; x_wconf 89' lang='lat' dir='ltr'>visus</span> <span class='ocrx_word' id='word_1_205' title='bbox 450 2097 697 2159; x_wconf 86' lang='lat' dir='ltr'>imbecillitatem.</span> <span class='ocrx_word' id='word_1_206' title='bbox 744 2097 806 2158; x_wconf 93' lang='lat' dir='ltr'>Sed</span> <span class='ocrx_word' id='word_1_207' title='bbox 831 2098 867 2159; x_wconf 93' lang='lat' dir='ltr'>de</span> <span class='ocrx_word' id='word_1_208' title='bbox 892 2099 1000 2159; x_wconf 89' lang='lat' dir='ltr'>hocin</span> <span class='ocrx_word' id='word_1_209' title='bbox 1025 2099 1251 2161; x_wconf 87' lang='lat' dir='ltr'>Fundameutis.</span> 
     </span>
    </p>

    <p class='ocr_par' dir='ltr' id='par_1_10' title="bbox 182 2182 1539 2443">
     <span class='ocr_line' id='line_1_22' title="bbox 276 2182 1539 2267; baseline 0.002 -22"><span class='ocrx_word' id='word_1_210' title='bbox 276 2186 372 2246; x_wconf 86' lang='lat' dir='ltr'>Venio</span> <span class='ocrx_word' id='word_1_211' title='bbox 397 2185 435 2246; x_wconf 90' lang='lat' dir='ltr'>ad</span> <span class='ocrx_word' id='word_1_212' title='bbox 460 2187 565 2247; x_wconf 87' lang='lat' dir='ltr'>literas</span> <span class='ocrx_word' id='word_1_213' title='bbox 589 2182 619 2248; x_wconf 83' lang='lat'>6.</span> <span class='ocrx_word' id='word_1_214' title='bbox 636 2183 721 2257; x_wconf 85' lang='grc'>(16.)</span> <span class='ocrx_word' id='word_1_215' title='bbox 736 2186 843 2260; x_wconf 86' lang='lat' dir='ltr'>Febr.,</span> <span class='ocrx_word' id='word_1_216' title='bbox 869 2207 944 2266; x_wconf 86' lang='lat' dir='ltr'>quas</span> <span class='ocrx_word' id='word_1_217' title='bbox 968 2187 1095 2266; x_wconf 85' lang='lat' dir='ltr'>geminis</span> <span class='ocrx_word' id='word_1_218' title='bbox 1120 2189 1297 2267; x_wconf 80' lang='lat' dir='ltr'>expressisti</span> <span class='ocrx_word' id='word_1_219' title='bbox 1317 2187 1539 2265; x_wconf 86' lang='lat' dir='ltr'>exemplaribus</span> 
     </span>
     <span class='ocr_line' id='line_1_23' title="bbox 182 2273 1539 2357; baseline 0.001 -22"><span class='ocrx_word' id='word_1_220' title='bbox 182 2276 295 2355; x_wconf 91' lang='lat' dir='ltr'>(cqmp.</span> <span class='ocrx_word' id='word_1_221' title='bbox 322 2275 372 2336; x_wconf 92' lang='lat' dir='ltr'>lib.</span> <span class='ocrx_word' id='word_1_222' title='bbox 398 2275 434 2335; x_wconf 90' lang='lat' dir='ltr'>de</span> <span class='ocrx_word' id='word_1_223' title='bbox 459 2273 558 2357; x_wconf 82' lang='lat' dir='ltr'>Stella</span> <span class='ocrx_word' id='word_1_224' title='bbox 580 2274 699 2347; x_wconf 89' lang='lat' dir='ltr'>Nova),</span> <span class='ocrx_word' id='word_1_225' title='bbox 732 2294 854 2354; x_wconf 89' lang='lat' dir='ltr'>quorum</span> <span class='ocrx_word' id='word_1_226' title='bbox 880 2277 1006 2337; x_wconf 89' lang='lat' dir='ltr'>alterum</span> <span class='ocrx_word' id='word_1_227' title='bbox 1031 2277 1068 2336; x_wconf 91' lang='lat' dir='ltr'>de</span> <span class='ocrx_word' id='word_1_228' title='bbox 1093 2275 1202 2338; x_wconf 88' lang='lat' dir='ltr'>Schele</span> <span class='ocrx_word' id='word_1_229' title='bbox 1226 2277 1333 2339; x_wconf 93' lang='lat' dir='ltr'>nudius</span> <span class='ocrx_word' id='word_1_230' title='bbox 1357 2276 1475 2337; x_wconf 87' lang='lat' dir='ltr'>demum</span> <span class='ocrx_word' id='word_1_231' title='bbox 1500 2275 1539 2337; x_wconf 89' lang='lat' dir='ltr'>ad</span> 
     </span>
     <span class='ocr_line' id='line_1_24' title="bbox 182 2360 1175 2443; baseline 0.002 -18"><span class='ocrx_word' id='word_1_232' title='bbox 182 2383 230 2427; x_wconf 90' lang='lat' dir='ltr'>rue</span> <span class='ocrx_word' id='word_1_233' title='bbox 254 2364 345 2436; x_wconf 84' lang='lat' dir='ltr'>misit,</span> <span class='ocrx_word' id='word_1_234' title='bbox 371 2360 499 2425; x_wconf 85' lang='lat' dir='ltr'>alterum</span> <span class='ocrx_word' id='word_1_235' title='bbox 518 2364 684 2442; x_wconf 86' lang='lat' dir='ltr'>exemplum</span> <span class='ocrx_word' id='word_1_236' title='bbox 708 2382 761 2424; x_wconf 89' lang='lat' dir='ltr'>suo</span> <span class='ocrx_word' id='word_1_237' title='bbox 786 2371 919 2443; x_wconf 85' lang='lat' dir='ltr'>ternpore</span> <span class='ocrx_word' id='word_1_238' title='bbox 943 2373 993 2425; x_wconf 91' lang='lat' dir='ltr'>cst</span> <span class='ocrx_word' id='word_1_239' title='bbox 1016 2366 1175 2427; x_wconf 87' lang='lat' dir='ltr'>redditum.</span> 
     </span>
    </p>

    <p class='ocr_par' dir='ltr' id='par_1_11' title="bbox 179 2451 1537 3511">
     <span class='ocr_line' id='line_1_25' title="bbox 273 2451 1537 2532; baseline 0 -20"><span class='ocrx_word' id='word_1_240' title='bbox 273 2453 338 2532; x_wconf 87' lang='lat' dir='ltr'>Ego</span> <span class='ocrx_word' id='word_1_241' title='bbox 371 2451 516 2531; x_wconf 90' lang='lat' dir='ltr'>impedior</span> <span class='ocrx_word' id='word_1_242' title='bbox 541 2452 594 2522; x_wconf 86' lang='lat' dir='ltr'>(ab</span> <span class='ocrx_word' id='word_1_243' title='bbox 627 2452 918 2525; x_wconf 77' lang='lat' dir='ltr'>obseruationibus);</span> <span class='ocrx_word' id='word_1_244' title='bbox 952 2453 1110 2515; x_wconf 86' lang='lat' dir='ltr'>catarrhus</span> <span class='ocrx_word' id='word_1_245' title='bbox 1139 2474 1185 2516; x_wconf 91' lang='lat' dir='ltr'>me</span> <span class='ocrx_word' id='word_1_246' title='bbox 1214 2453 1328 2515; x_wconf 90' lang='lat' dir='ltr'>bilosus</span> <span class='ocrx_word' id='word_1_247' title='bbox 1361 2451 1537 2514; x_wconf 86' lang='lat' dir='ltr'>hisdiebus</span> 
     </span>
     <span class='ocr_line' id='line_1_26' title="bbox 182 2537 1536 2621; baseline -0.001 -19"><span class='ocrx_word' id='word_1_248' title='bbox 182 2562 202 2602; x_wconf 88' lang='lat' dir='ltr'>a</span> <span class='ocrx_word' id='word_1_249' title='bbox 229 2542 255 2602; x_wconf 87' lang='lat' dir='ltr'>l.</span> <span class='ocrx_word' id='word_1_250' title='bbox 271 2539 340 2602; x_wconf 90' lang='lat' dir='ltr'>Juu.</span> <span class='ocrx_word' id='word_1_251' title='bbox 365 2547 459 2601; x_wconf 85' lang='lat' dir='ltr'>tenet.</span> <span class='ocrx_word' id='word_1_252' title='bbox 507 2539 558 2601; x_wconf 90' lang='lat' dir='ltr'>Sic</span> <span class='ocrx_word' id='word_1_253' title='bbox 583 2560 602 2601; x_wconf 91' lang='lat' dir='ltr'>a</span> <span class='ocrx_word' id='word_1_254' title='bbox 628 2537 677 2604; x_wconf 75' lang='lat'>12.</span> <span class='ocrx_word' id='word_1_255' title='bbox 702 2540 731 2601; x_wconf 94' lang='lat' dir='ltr'>iu</span> <span class='ocrx_word' id='word_1_256' title='bbox 756 2537 808 2602; x_wconf 78' lang='lat'>22.</span> <span class='ocrx_word' id='word_1_257' title='bbox 833 2541 921 2603; x_wconf 85' lang='lat' dir='ltr'>Febr.</span> <span class='ocrx_word' id='word_1_258' title='bbox 947 2542 1004 2603; x_wconf 87' lang='lat' dir='ltr'>fuit</span> <span class='ocrx_word' id='word_1_259' title='bbox 1027 2542 1163 2604; x_wconf 88' lang='lat' dir='ltr'>defluxus</span> <span class='ocrx_word' id='word_1_260' title='bbox 1187 2541 1439 2621; x_wconf 89' lang='lat' dir='ltr'>interscapilium,</span> <span class='ocrx_word' id='word_1_261' title='bbox 1464 2540 1536 2601; x_wconf 87' lang='lat' dir='ltr'>bra-</span> 
     </span>
     <span class='ocr_line' id='line_1_27' title="bbox 180 2627 1536 2710; baseline -0.002 -18"><span class='ocrx_word' id='word_1_262' title='bbox 180 2631 315 2692; x_wconf 87' lang='lat' dir='ltr'>chiorum</span> <span class='ocrx_word' id='word_1_263' title='bbox 340 2639 453 2692; x_wconf 89' lang='lat' dir='ltr'>motum</span> <span class='ocrx_word' id='word_1_264' title='bbox 478 2630 659 2708; x_wconf 89' lang='lat' dir='ltr'>impediens;</span> <span class='ocrx_word' id='word_1_265' title='bbox 690 2630 827 2710; x_wconf 90' lang='lat' dir='ltr'>utrinqne</span> <span class='ocrx_word' id='word_1_266' title='bbox 851 2627 871 2708; x_wconf 68' lang='lat' dir='ltr'>b</span> <span class='ocrx_word' id='word_1_267' title='bbox 896 2631 926 2691; x_wconf 92' lang='lat' dir='ltr'>in</span> <span class='ocrx_word' id='word_1_268' title='bbox 950 2648 1059 2692; x_wconf 89' lang='lat' dir='ltr'>occasu</span> <span class='ocrx_word' id='word_1_269' title='bbox 1091 2650 1168 2692; x_wconf 85' lang='lat' dir='ltr'>rnen.</span> <span class='ocrx_word' id='word_1_270' title='bbox 1215 2631 1260 2692; x_wconf 89' lang='lat' dir='ltr'>Tu</span> <span class='ocrx_word' id='word_1_271' title='bbox 1283 2631 1308 2692; x_wconf 91' lang='lat' dir='ltr'>si</span> <span class='ocrx_word' id='word_1_272' title='bbox 1333 2630 1449 2691; x_wconf 89' lang='lat' dir='ltr'>videres</span> <span class='ocrx_word' id='word_1_273' title='bbox 1474 2628 1536 2690; x_wconf 87' lang='lat' dir='ltr'>fieri</span> 
     </span>
     <span class='ocr_line' id='line_1_28' title="bbox 183 2713 1535 2796; baseline 0 -18"><span class='ocrx_word' id='word_1_274' title='bbox 183 2716 268 2796; x_wconf 61' lang='grc' dir='ltr'>θῶ</span> <span class='ocrx_word' id='word_1_275' title='bbox 294 2726 325 2779; x_wconf 91' lang='lat' dir='ltr'>et</span> <span class='ocrx_word' id='word_1_276' title='bbox 347 2714 382 2796; x_wconf 70' lang='lat' dir='ltr'>ij,</span> <span class='ocrx_word' id='word_1_277' title='bbox 418 2716 502 2794; x_wconf 58' lang='grc' dir='ltr'>ἄῤ)</span> <span class='ocrx_word' id='word_1_278' title='bbox 528 2725 560 2779; x_wconf 86' lang='lat' dir='ltr'>et</span> <span class='ocrx_word' id='word_1_279' title='bbox 583 2725 622 2790; x_wconf 64' lang='grc' dir='ltr'>ὁ,</span> <span class='ocrx_word' id='word_1_280' title='bbox 658 2713 721 2794; x_wconf 69' lang='grc' dir='ltr'>0οῇ</span> <span class='ocrx_word' id='word_1_281' title='bbox 746 2729 777 2780; x_wconf 93' lang='lat' dir='ltr'>et</span> <span class='ocrx_word' id='word_1_282' title='bbox 800 2726 826 2789; x_wconf 63' lang='grc' dir='ltr'><em>ὁ</em></span> <span class='ocrx_word' id='word_1_283' title='bbox 850 2719 878 2780; x_wconf 94' lang='lat' dir='ltr'>in</span> <span class='ocrx_word' id='word_1_284' title='bbox 898 2727 1076 2782; x_wconf 82' lang='lat' dir='ltr'>tuoexortu</span> <span class='ocrx_word' id='word_1_285' title='bbox 1104 2728 1136 2781; x_wconf 87' lang='lat' dir='ltr'>st</span> <span class='ocrx_word' id='word_1_286' title='bbox 1166 2739 1289 2791; x_wconf 91' lang='lat' dir='ltr'>occasu,</span> <span class='ocrx_word' id='word_1_287' title='bbox 1323 2728 1404 2779; x_wconf 88' lang='lat' dir='ltr'>metu</span> <span class='ocrx_word' id='word_1_288' title='bbox 1427 2725 1535 2779; x_wconf 89' lang='lat' dir='ltr'>conta-</span> 
     </span>
     <span class='ocr_line' id='line_1_29' title="bbox 183 2807 1537 2890; baseline -0.003 -20"><span class='ocrx_word' id='word_1_289' title='bbox 183 2809 333 2870; x_wconf 88' lang='lat' dir='ltr'>besceres.</span> <span class='ocrx_word' id='word_1_290' title='bbox 382 2807 480 2868; x_wconf 90' lang='lat' dir='ltr'>Video</span> <span class='ocrx_word' id='word_1_291' title='bbox 495 2826 551 2884; x_wconf 90' lang='lat' dir='ltr'>ego</span> <span class='ocrx_word' id='word_1_292' title='bbox 569 2807 708 2868; x_wconf 86' lang='lat' dir='ltr'>effectum</span> <span class='ocrx_word' id='word_1_293' title='bbox 732 2816 764 2868; x_wconf 90' lang='lat' dir='ltr'>et</span> <span class='ocrx_word' id='word_1_294' title='bbox 787 2807 947 2886; x_wconf 87' lang='lat' dir='ltr'>praescivi,</span> <span class='ocrx_word' id='word_1_295' title='bbox 972 2817 1005 2869; x_wconf 87' lang='lat' dir='ltr'>at</span> <span class='ocrx_word' id='word_1_296' title='bbox 1025 2827 1083 2869; x_wconf 92' lang='lat' dir='ltr'>nou</span> <span class='ocrx_word' id='word_1_297' title='bbox 1099 2809 1202 2883; x_wconf 89' lang='lat' dir='ltr'>metui,</span> <span class='ocrx_word' id='word_1_298' title='bbox 1227 2809 1297 2890; x_wconf 86' lang='lat' dir='ltr'>quia</span> <span class='ocrx_word' id='word_1_299' title='bbox 1320 2808 1393 2869; x_wconf 93' lang='lat' dir='ltr'>nihil</span> <span class='ocrx_word' id='word_1_300' title='bbox 1417 2814 1537 2887; x_wconf 85' lang='lat' dir='ltr'>praeter</span> 
     </span>
     <span class='ocr_line' id='line_1_30' title="bbox 179 2895 1535 2975; baseline -0.001 -17"><span class='ocrx_word' id='word_1_301' title='bbox 179 2905 307 2958; x_wconf 90' lang='lat' dir='ltr'>naturae</span> <span class='ocrx_word' id='word_1_302' title='bbox 331 2896 467 2969; x_wconf 88' lang='lat' dir='ltr'>modum,</span> <span class='ocrx_word' id='word_1_303' title='bbox 494 2896 550 2957; x_wconf 91' lang='lat' dir='ltr'>nisi</span> <span class='ocrx_word' id='word_1_304' title='bbox 575 2915 621 2956; x_wconf 94' lang='lat' dir='ltr'>me</span> <span class='ocrx_word' id='word_1_305' title='bbox 646 2895 712 2975; x_wconf 94' lang='lat' dir='ltr'>ipso</span> <span class='ocrx_word' id='word_1_306' title='bbox 737 2916 856 2958; x_wconf 89' lang='lat' dir='ltr'>manum</span> <span class='ocrx_word' id='word_1_307' title='bbox 880 2898 1075 2971; x_wconf 88' lang='lat' dir='ltr'>admovente,</span> <span class='ocrx_word' id='word_1_308' title='bbox 1109 2898 1181 2960; x_wconf 90' lang='lat' dir='ltr'>mihi</span> <span class='ocrx_word' id='word_1_309' title='bbox 1205 2898 1324 2959; x_wconf 90' lang='lat' dir='ltr'>evenire</span> <span class='ocrx_word' id='word_1_310' title='bbox 1348 2914 1437 2975; x_wconf 89' lang='lat' dir='ltr'>posse</span> <span class='ocrx_word' id='word_1_311' title='bbox 1463 2895 1535 2957; x_wconf 91' lang='lat' dir='ltr'>scio.</span> 
     </span>
     <span class='ocr_line' id='line_1_31' title="bbox 182 2985 1535 3066; baseline -0.002 -19"><span class='ocrx_word' id='word_1_312' title='bbox 182 2986 280 3065; x_wconf 91' lang='lat' dir='ltr'>lgitur</span> <span class='ocrx_word' id='word_1_313' title='bbox 311 2993 343 3046; x_wconf 91' lang='lat' dir='ltr'>et</span> <span class='ocrx_word' id='word_1_314' title='bbox 375 3003 468 3046; x_wconf 87' lang='lat' dir='ltr'>caveo</span> <span class='ocrx_word' id='word_1_315' title='bbox 495 2993 529 3045; x_wconf 91' lang='lat' dir='ltr'>ct</span> <span class='ocrx_word' id='word_1_316' title='bbox 559 2990 695 3063; x_wconf 87' lang='lat' dir='ltr'>tempero</span> <span class='ocrx_word' id='word_1_317' title='bbox 729 3007 747 3046; x_wconf 91' lang='lat' dir='ltr'>a</span> <span class='ocrx_word' id='word_1_318' title='bbox 778 2986 956 3066; x_wconf 87' lang='lat' dir='ltr'>periculosis</span> <span class='ocrx_word' id='word_1_319' title='bbox 989 2987 1171 3062; x_wconf 89' lang='lat' dir='ltr'>actionibus,</span> <span class='ocrx_word' id='word_1_320' title='bbox 1206 2986 1346 3048; x_wconf 89' lang='lat' dir='ltr'>libertate</span> <span class='ocrx_word' id='word_1_321' title='bbox 1380 2985 1535 3059; x_wconf 91' lang='lat' dir='ltr'>sermonis,</span> 
     </span>
     <span class='ocr_line' id='line_1_32' title="bbox 182 3072 1535 3155; baseline -0.001 -20"><span class='ocrx_word' id='word_1_322' title='bbox 182 3074 337 3155; x_wconf 86' lang='lat' dir='ltr'>suspectis</span> <span class='ocrx_word' id='word_1_323' title='bbox 370 3072 584 3151; x_wconf 88' lang='lat' dir='ltr'>scriptionibus</span> <span class='ocrx_word' id='word_1_324' title='bbox 613 3074 762 3136; x_wconf 91' lang='lat' dir='ltr'>derebus</span> <span class='ocrx_word' id='word_1_325' title='bbox 789 3075 972 3155; x_wconf 92' lang='lat' dir='ltr'>principum,</span> <span class='ocrx_word' id='word_1_326' title='bbox 1005 3077 1099 3138; x_wconf 89' lang='lat' dir='ltr'>donec</span> <span class='ocrx_word' id='word_1_327' title='bbox 1128 3076 1285 3138; x_wconf 90' lang='lat' dir='ltr'>transierit</span> <span class='ocrx_word' id='word_1_328' title='bbox 1308 3074 1357 3136; x_wconf 92' lang='lat' dir='ltr'>hic</span> <span class='ocrx_word' id='word_1_329' title='bbox 1381 3073 1535 3136; x_wconf 87' lang='lat' dir='ltr'>transitus.</span> 
     </span>
     <span class='ocr_line' id='line_1_33' title="bbox 179 3160 1535 3246; baseline -0.003 -20"><span class='ocrx_word' id='word_1_330' title='bbox 179 3161 236 3227; x_wconf 88' lang='lat' dir='ltr'>Sin</span> <span class='ocrx_word' id='word_1_331' title='bbox 255 3171 355 3224; x_wconf 86' lang='lat' dir='ltr'>autem</span> <span class='ocrx_word' id='word_1_332' title='bbox 380 3181 417 3224; x_wconf 88' lang='lat' dir='ltr'>ex</span> <span class='ocrx_word' id='word_1_333' title='bbox 440 3162 496 3223; x_wconf 90' lang='lat' dir='ltr'>hoc</span> <span class='ocrx_word' id='word_1_334' title='bbox 519 3160 664 3241; x_wconf 91' lang='lat' dir='ltr'>principio</span> <span class='ocrx_word' id='word_1_335' title='bbox 687 3165 858 3242; x_wconf 90' lang='lat' dir='ltr'>pulmonum</span> <span class='ocrx_word' id='word_1_336' title='bbox 874 3164 969 3225; x_wconf 87' lang='lat' dir='ltr'>erasis</span> <span class='ocrx_word' id='word_1_337' title='bbox 985 3172 1016 3226; x_wconf 92' lang='lat' dir='ltr'>et</span> <span class='ocrx_word' id='word_1_338' title='bbox 1031 3165 1150 3246; x_wconf 88' lang='lat' dir='ltr'>phtysis</span> <span class='ocrx_word' id='word_1_339' title='bbox 1165 3196 1207 3206; x_wconf 90' lang='lat'>—</span> <span class='ocrx_word' id='word_1_340' title='bbox 1232 3173 1265 3226; x_wconf 87' lang='lat' dir='ltr'>at</span> <span class='ocrx_word' id='word_1_341' title='bbox 1278 3163 1407 3226; x_wconf 90' lang='lat' dir='ltr'>materia</span> <span class='ocrx_word' id='word_1_342' title='bbox 1421 3170 1492 3224; x_wconf 89' lang='lat' dir='ltr'>ante</span> <span class='ocrx_word' id='word_1_343' title='bbox 1507 3162 1535 3223; x_wconf 93' lang='lat' dir='ltr'>iu</span> 
     </span>
     <span class='ocr_line' id='line_1_34' title="bbox 180 3251 1535 3332; baseline -0.002 -18"><span class='ocrx_word' id='word_1_344' title='bbox 180 3271 306 3331; x_wconf 90' lang='lat' dir='ltr'>corpore</span> <span class='ocrx_word' id='word_1_345' title='bbox 331 3252 397 3325; x_wconf 80' lang='lat' dir='ltr'>luit,</span> <span class='ocrx_word' id='word_1_346' title='bbox 423 3269 481 3312; x_wconf 92' lang='lat' dir='ltr'>non</span> <span class='ocrx_word' id='word_1_347' title='bbox 505 3269 558 3330; x_wconf 86' lang='lat' dir='ltr'>per</span> <span class='ocrx_word' id='word_1_348' title='bbox 582 3251 803 3330; x_wconf 79' lang='lat' dir='ltr'>hos‘aspectus</span> <span class='ocrx_word' id='word_1_349' title='bbox 828 3253 885 3314; x_wconf 87' lang='lat' dir='ltr'>suit</span> <span class='ocrx_word' id='word_1_350' title='bbox 899 3253 1080 3327; x_wconf 87' lang='lat' dir='ltr'>introducta,</span> <span class='ocrx_word' id='word_1_351' title='bbox 1105 3254 1158 3315; x_wconf 91' lang='lat' dir='ltr'>sed</span> <span class='ocrx_word' id='word_1_352' title='bbox 1184 3262 1302 3325; x_wconf 83' lang='lat' dir='ltr'>tanturn</span> <span class='ocrx_word' id='word_1_353' title='bbox 1318 3252 1428 3327; x_wconf 84' lang='lat' dir='ltr'>excita,</span> <span class='ocrx_word' id='word_1_354' title='bbox 1453 3251 1535 3332; x_wconf 91' lang='lat' dir='ltr'>potui</span> 
     </span>
     <span class='ocr_line' id='line_1_35' title="bbox 182 3339 1535 3423; baseline -0.002 -21"><span class='ocrx_word' id='word_1_355' title='bbox 182 3341 277 3421; x_wconf 90' lang='lat' dir='ltr'>igitur</span> <span class='ocrx_word' id='word_1_356' title='bbox 299 3340 414 3401; x_wconf 86' lang='lat' dir='ltr'>meliori</span> <span class='ocrx_word' id='word_1_357' title='bbox 438 3340 541 3401; x_wconf 87' lang='lat' dir='ltr'>diaeta</span> <span class='ocrx_word' id='word_1_358' title='bbox 555 3357 747 3418; x_wconf 80' lang='lat' dir='ltr'>praecavere.</span> <span class='ocrx_word' id='word_1_359' title='bbox 794 3341 915 3403; x_wconf 82' lang='lat' dir='ltr'>Excuso</span> <span class='ocrx_word' id='word_1_360' title='bbox 930 3349 1030 3414; x_wconf 89' lang='lat' dir='ltr'>astra;</span> <span class='ocrx_word' id='word_1_361' title='bbox 1054 3342 1128 3410; x_wconf 85' lang='lat' dir='ltr'>scio,</span> <span class='ocrx_word' id='word_1_362' title='bbox 1153 3361 1208 3404; x_wconf 93' lang='lat' dir='ltr'>uos</span> <span class='ocrx_word' id='word_1_363' title='bbox 1228 3360 1402 3423; x_wconf 89' lang='lat' dir='ltr'>quocunque</span> <span class='ocrx_word' id='word_1_364' title='bbox 1416 3339 1535 3402; x_wconf 87' lang='lat' dir='ltr'>vivendi</span> 
     </span>
     <span class='ocr_line' id='line_1_36' title="bbox 180 3428 717 3511; baseline -0.006 -21"><span class='ocrx_word' id='word_1_365' title='bbox 180 3447 292 3511; x_wconf 81' lang='lat' dir='ltr'>genere</span> <span class='ocrx_word' id='word_1_366' title='bbox 316 3429 389 3491; x_wconf 92' lang='lat' dir='ltr'>nihil</span> <span class='ocrx_word' id='word_1_367' title='bbox 414 3428 495 3490; x_wconf 89' lang='lat' dir='ltr'>aliud</span> <span class='ocrx_word' id='word_1_368' title='bbox 520 3448 609 3508; x_wconf 91' lang='lat' dir='ltr'>quam</span> <span class='ocrx_word' id='word_1_369' title='bbox 633 3429 717 3490; x_wconf 92' lang='lat' dir='ltr'>mori.</span> 
     </span>
    </p>
   </div>
   <div class='ocr_carea' id='block_1_9' title="bbox 177 3530 1537 3884">
    <p class='ocr_par' dir='ltr' id='par_1_12' title="bbox 177 3530 1537 3884">
     <span class='ocr_line' id='line_1_37' title="bbox 252 3530 1533 3597; baseline -0.004 -14"><span class='ocrx_word' id='word_1_370' title='bbox 252 3534 416 3583; x_wconf 82' lang='lat' dir='ltr'>Fabricius</span> <span class='ocrx_word' id='word_1_371' title='bbox 435 3531 469 3594; x_wconf 90' lang='lat' dir='ltr'>(d.</span> <span class='ocrx_word' id='word_1_372' title='bbox 491 3530 531 3581; x_wconf 84' lang='grc'>16.</span> <span class='ocrx_word' id='word_1_373' title='bbox 552 3530 639 3593; x_wconf 86' lang='lat' dir='ltr'>Feb.):</span> <span class='ocrx_word' id='word_1_374' title='bbox 669 3533 741 3581; x_wconf 85' lang='lat' dir='ltr'>Mitto</span> <span class='ocrx_word' id='word_1_375' title='bbox 767 3533 869 3597; x_wconf 79' lang='lat' dir='ltr'>genesin</span> <span class='ocrx_word' id='word_1_376' title='bbox 888 3532 932 3581; x_wconf 89' lang='lat' dir='ltr'>tilii</span> <span class='ocrx_word' id='word_1_377' title='bbox 950 3534 1120 3597; x_wconf 83' lang='lat' dir='ltr'>primogeniti,</span> <span class='ocrx_word' id='word_1_378' title='bbox 1149 3534 1190 3597; x_wconf 92' lang='lat' dir='ltr'>qui</span> <span class='ocrx_word' id='word_1_379' title='bbox 1212 3533 1290 3582; x_wconf 89' lang='lat' dir='ltr'>literis</span> <span class='ocrx_word' id='word_1_380' title='bbox 1315 3547 1381 3583; x_wconf 90' lang='lat' dir='ltr'>nuuc</span> <span class='ocrx_word' id='word_1_381' title='bbox 1405 3531 1533 3581; x_wconf 87' lang='lat' dir='ltr'>incumbit.</span> 
     </span>
     <span class='ocr_line' id='line_1_38' title="bbox 179 3603 1534 3668; baseline -0.004 -12"><span class='ocrx_word' id='word_1_382' title='bbox 179 3605 235 3656; x_wconf 86' lang='lat' dir='ltr'>Tuo</span> <span class='ocrx_word' id='word_1_383' title='bbox 251 3605 344 3667; x_wconf 86' lang='lat' dir='ltr'>jndicio</span> <span class='ocrx_word' id='word_1_384' title='bbox 367 3605 420 3668; x_wconf 92' lang='lat' dir='ltr'>plus</span> <span class='ocrx_word' id='word_1_385' title='bbox 439 3606 527 3662; x_wconf 87' lang='lat' dir='ltr'>tribuo,</span> <span class='ocrx_word' id='word_1_386' title='bbox 546 3619 619 3668; x_wconf 85' lang='lat' dir='ltr'>qnam</span> <span class='ocrx_word' id='word_1_387' title='bbox 637 3619 692 3653; x_wconf 86' lang='lat' dir='ltr'>meo</span> <span class='ocrx_word' id='word_1_388' title='bbox 714 3629 746 3638; x_wconf 95' lang='lat'><em>-</em></span> <span class='ocrx_word' id='word_1_389' title='bbox 765 3603 794 3651; x_wconf 92' lang='lat' dir='ltr'>ln</span> <span class='ocrx_word' id='word_1_390' title='bbox 807 3603 892 3658; x_wconf 89' lang='lat' dir='ltr'>literis,</span> <span class='ocrx_word' id='word_1_391' title='bbox 911 3618 976 3667; x_wconf 88' lang='lat' dir='ltr'>quae</span> <span class='ocrx_word' id='word_1_392' title='bbox 988 3603 1034 3652; x_wconf 86' lang='lat' dir='ltr'>has</span> <span class='ocrx_word' id='word_1_393' title='bbox 1047 3605 1195 3653; x_wconf 86' lang='lat' dir='ltr'>subsecutae</span> <span class='ocrx_word' id='word_1_394' title='bbox 1214 3611 1272 3653; x_wconf 88' lang='lat' dir='ltr'>suut</span> <span class='ocrx_word' id='word_1_395' title='bbox 1289 3603 1313 3652; x_wconf 95' lang='lat' dir='ltr'>d.</span> <span class='ocrx_word' id='word_1_396' title='bbox 1330 3603 1369 3650; x_wconf 81' lang='lat'>12.</span> <span class='ocrx_word' id='word_1_397' title='bbox 1383 3604 1456 3666; x_wconf 76' lang='lat' dir='ltr'>Apa,</span> <span class='ocrx_word' id='word_1_398' title='bbox 1475 3617 1534 3651; x_wconf 85' lang='lat' dir='ltr'>eau-</span> 
     </span>
     <span class='ocr_line' id='line_1_39' title="bbox 180 3673 1537 3740; baseline -0.005 -14"><span class='ocrx_word' id='word_1_399' title='bbox 180 3677 238 3727; x_wconf 84' lang='lat' dir='ltr'>dcru</span> <span class='ocrx_word' id='word_1_400' title='bbox 256 3678 401 3740; x_wconf 82' lang='lat' dir='ltr'>petitionem</span> <span class='ocrx_word' id='word_1_401' title='bbox 418 3677 453 3725; x_wconf 87' lang='lat' dir='ltr'>sic</span> <span class='ocrx_word' id='word_1_402' title='bbox 472 3678 575 3739; x_wconf 85' lang='lat' dir='ltr'>repetit:</span> <span class='ocrx_word' id='word_1_403' title='bbox 603 3676 709 3740; x_wconf 85' lang='lat' dir='ltr'>Egregie</span> <span class='ocrx_word' id='word_1_404' title='bbox 728 3688 810 3722; x_wconf 84' lang='lat' dir='ltr'>meum</span> <span class='ocrx_word' id='word_1_405' title='bbox 828 3676 931 3739; x_wconf 78' lang='lat' dir='ltr'>genesin</span> <span class='ocrx_word' id='word_1_406' title='bbox 950 3675 1099 3738; x_wconf 87' lang='lat' dir='ltr'>descripsisti</span> <span class='ocrx_word' id='word_1_407' title='bbox 1118 3690 1209 3738; x_wconf 90' lang='lat' dir='ltr'>nuper,</span> <span class='ocrx_word' id='word_1_408' title='bbox 1229 3689 1260 3724; x_wconf 87' lang='lat' dir='ltr'>ac</span> <span class='ocrx_word' id='word_1_409' title='bbox 1279 3677 1299 3722; x_wconf 91' lang='lat' dir='ltr'>si</span> <span class='ocrx_word' id='word_1_410' title='bbox 1318 3673 1376 3722; x_wconf 89' lang='lat' dir='ltr'>mihi</span> <span class='ocrx_word' id='word_1_411' title='bbox 1394 3675 1440 3736; x_wconf 91' lang='lat' dir='ltr'>ipsi</span> <span class='ocrx_word' id='word_1_412' title='bbox 1458 3674 1537 3735; x_wconf 83' lang='lat' dir='ltr'>pictor</span> 
     </span>
     <span class='ocr_line' id='line_1_40' title="bbox 177 3742 1537 3810; baseline -0.005 -13"><span class='ocrx_word' id='word_1_413' title='bbox 177 3748 288 3797; x_wconf 67' lang='lat' dir='ltr'>minem.</span> <span class='ocrx_word' id='word_1_414' title='bbox 326 3747 363 3796; x_wconf 88' lang='lat' dir='ltr'>Tu</span> <span class='ocrx_word' id='word_1_415' title='bbox 382 3749 407 3796; x_wconf 92' lang='lat' dir='ltr'>in</span> <span class='ocrx_word' id='word_1_416' title='bbox 426 3747 475 3796; x_wconf 87' lang='lat' dir='ltr'>lilio</span> <span class='ocrx_word' id='word_1_417' title='bbox 493 3748 559 3796; x_wconf 89' lang='lat' dir='ltr'>idem</span> <span class='ocrx_word' id='word_1_418' title='bbox 578 3760 669 3810; x_wconf 88' lang='lat' dir='ltr'>quaeso</span> <span class='ocrx_word' id='word_1_419' title='bbox 689 3751 809 3808; x_wconf 86' lang='lat' dir='ltr'>praestes,</span> <span class='ocrx_word' id='word_1_420' title='bbox 829 3746 908 3795; x_wconf 83' lang='lat' dir='ltr'>iacies</span> <span class='ocrx_word' id='word_1_421' title='bbox 927 3742 1025 3810; x_wconf 83' lang='lat' dir='ltr'>gratum</span> <span class='ocrx_word' id='word_1_422' title='bbox 1045 3745 1160 3795; x_wconf 81' lang='lat' dir='ltr'>officium.</span> <span class='ocrx_word' id='word_1_423' title='bbox 1198 3745 1251 3810; x_wconf 82' lang='lat' dir='ltr'>Fgo</span> <span class='ocrx_word' id='word_1_424' title='bbox 1276 3744 1335 3793; x_wconf 92' lang='lat' dir='ltr'>mihi</span> <span class='ocrx_word' id='word_1_425' title='bbox 1359 3745 1432 3793; x_wconf 90' lang='lat' dir='ltr'>iniis</span> <span class='ocrx_word' id='word_1_426' title='bbox 1451 3743 1537 3792; x_wconf 87' lang='lat' dir='ltr'>studiis</span> 
     </span>
     <span class='ocr_line' id='line_1_41' title="bbox 178 3817 772 3884; baseline -0.01 -15"><span class='ocrx_word' id='word_1_427' title='bbox 178 3826 268 3884; x_wconf 72' lang='lat' dir='ltr'>parum</span> <span class='ocrx_word' id='word_1_428' title='bbox 286 3819 374 3875; x_wconf 88' lang='lat' dir='ltr'>tribuo,</span> <span class='ocrx_word' id='word_1_429' title='bbox 395 3825 421 3868; x_wconf 88' lang='lat' dir='ltr'>et</span> <span class='ocrx_word' id='word_1_430' title='bbox 439 3831 505 3867; x_wconf 87' lang='lat' dir='ltr'>nnnc</span> <span class='ocrx_word' id='word_1_431' title='bbox 523 3819 592 3882; x_wconf 89' lang='lat' dir='ltr'>quasi</span> <span class='ocrx_word' id='word_1_432' title='bbox 612 3817 693 3866; x_wconf 90' lang='lat' dir='ltr'>nullus</span> <span class='ocrx_word' id='word_1_433' title='bbox 712 3832 772 3865; x_wconf 78' lang='lat' dir='ltr'>sum.</span> 
     </span>
    </p>
   </div>
   <div class='ocr_carea' id='block_1_10' title="bbox 176 3901 1536 4883">
    <p class='ocr_par' dir='ltr' id='par_1_13' title="bbox 176 3901 1536 4883">
     <span class='ocr_line' id='line_1_42' title="bbox 184 3901 1536 3987; baseline -0.006 -19"><span class='ocrx_word' id='word_1_434' title='bbox 184 3982 187 3987; x_wconf 73' lang='lat'>.</span> <span class='ocrx_word' id='word_1_435' title='bbox 244 3907 475 3987; x_wconf 88' lang='lat' dir='ltr'>.Keplerus:</span> <span class='ocrx_word' id='word_1_436' title='bbox 510 3907 578 3968; x_wconf 86' lang='lat' dir='ltr'>Filii</span> <span class='ocrx_word' id='word_1_437' title='bbox 603 3905 646 3966; x_wconf 92' lang='lat' dir='ltr'>tui</span> <span class='ocrx_word' id='word_1_438' title='bbox 669 3906 794 3985; x_wconf 86' lang='lat' dir='ltr'>genesin</span> <span class='ocrx_word' id='word_1_439' title='bbox 819 3914 1038 3979; x_wconf 77' lang='lat' dir='ltr'>contractem,</span> <span class='ocrx_word' id='word_1_440' title='bbox 1063 3925 1129 3967; x_wconf 91' lang='lat' dir='ltr'>cum</span> <span class='ocrx_word' id='word_1_441' title='bbox 1149 3913 1181 3966; x_wconf 87' lang='lat' dir='ltr'>tu</span> <span class='ocrx_word' id='word_1_442' title='bbox 1200 3905 1263 3984; x_wconf 88' lang='lat' dir='ltr'>jam</span> <span class='ocrx_word' id='word_1_443' title='bbox 1289 3925 1307 3964; x_wconf 90' lang='lat' dir='ltr'>a</span> <span class='ocrx_word' id='word_1_444' title='bbox 1330 3903 1426 3965; x_wconf 89' lang='lat' dir='ltr'>tribus</span> <span class='ocrx_word' id='word_1_445' title='bbox 1450 3901 1536 3962; x_wconf 88' lang='lat' dir='ltr'>anuis</span> 
     </span>
     <span class='ocr_line' id='line_1_43' title="bbox 179 3993 1534 4075; baseline -0.006 -17"><span class='ocrx_word' id='word_1_446' title='bbox 179 3997 279 4059; x_wconf 93' lang='lat' dir='ltr'>induci</span> <span class='ocrx_word' id='word_1_447' title='bbox 304 4016 362 4057; x_wconf 92' lang='lat' dir='ltr'>non</span> <span class='ocrx_word' id='word_1_448' title='bbox 386 3997 496 4075; x_wconf 91' lang='lat' dir='ltr'>possis,</span> <span class='ocrx_word' id='word_1_449' title='bbox 522 4001 556 4056; x_wconf 92' lang='lat' dir='ltr'>ut</span> <span class='ocrx_word' id='word_1_450' title='bbox 578 3995 615 4055; x_wconf 91' lang='lat' dir='ltr'>de</span> <span class='ocrx_word' id='word_1_451' title='bbox 640 4013 708 4055; x_wconf 82' lang='lat' dir='ltr'>meu</span> <span class='ocrx_word' id='word_1_452' title='bbox 731 3994 912 4055; x_wconf 87' lang='lat' dir='ltr'>transmissa</span> <span class='ocrx_word' id='word_1_453' title='bbox 935 3994 1039 4073; x_wconf 85' lang='lat' dir='ltr'>genesi</span> <span class='ocrx_word' id='word_1_454' title='bbox 1054 3993 1197 4073; x_wconf 90' lang='lat' dir='ltr'>judicium</span> <span class='ocrx_word' id='word_1_455' title='bbox 1218 3995 1468 4068; x_wconf 83' lang='lat' dir='ltr'>ieras,&#39;metueus</span> <span class='ocrx_word' id='word_1_456' title='bbox 1492 4010 1534 4052; x_wconf 90' lang='lat' dir='ltr'>sc.</span> 
     </span>
     <span class='ocr_line' id='line_1_44' title="bbox 178 4079 1535 4166; baseline -0.006 -19"><span class='ocrx_word' id='word_1_457' title='bbox 178 4086 228 4161; x_wconf 90' lang='lat' dir='ltr'>id,</span> <span class='ocrx_word' id='word_1_458' title='bbox 263 4087 339 4166; x_wconf 92' lang='lat' dir='ltr'>quod</span> <span class='ocrx_word' id='word_1_459' title='bbox 364 4105 412 4146; x_wconf 91' lang='lat' dir='ltr'>res</span> <span class='ocrx_word' id='word_1_460' title='bbox 436 4093 499 4157; x_wconf 91' lang='lat' dir='ltr'>est,</span> <span class='ocrx_word' id='word_1_461' title='bbox 534 4103 569 4144; x_wconf 93' lang='lat' dir='ltr'>ue</span> <span class='ocrx_word' id='word_1_462' title='bbox 595 4083 727 4145; x_wconf 88' lang='lat' dir='ltr'>irretiam</span> <span class='ocrx_word' id='word_1_463' title='bbox 758 4090 788 4144; x_wconf 91' lang='lat' dir='ltr'>te</span> <span class='ocrx_word' id='word_1_464' title='bbox 818 4083 847 4144; x_wconf 93' lang='lat' dir='ltr'>iu</span> <span class='ocrx_word' id='word_1_465' title='bbox 877 4082 1066 4161; x_wconf 81' lang='lat' dir='ltr'>dogmatibus</span> <span class='ocrx_word' id='word_1_466' title='bbox 1100 4082 1301 4160; x_wconf 85' lang='lat' dir='ltr'>astrologicis.</span> <span class='ocrx_word' id='word_1_467' title='bbox 1350 4079 1410 4143; x_wconf 90' lang='lat' dir='ltr'>Sed</span> <span class='ocrx_word' id='word_1_468' title='bbox 1435 4089 1535 4140; x_wconf 87' lang='lat' dir='ltr'>tamen</span> 
     </span>
     <span class='ocr_line' id='line_1_45' title="bbox 179 4163 1534 4254; baseline -0.007 -18"><span class='ocrx_word' id='word_1_469' title='bbox 179 4175 379 4254; x_wconf 78' lang='lat' dir='ltr'>obsequamur</span> <span class='ocrx_word' id='word_1_470' title='bbox 403 4173 546 4246; x_wconf 89' lang='lat' dir='ltr'>nonnihil,</span> <span class='ocrx_word' id='word_1_471' title='bbox 567 4173 654 4251; x_wconf 88' lang='lat' dir='ltr'>quasi</span> <span class='ocrx_word' id='word_1_472' title='bbox 677 4179 837 4250; x_wconf 90' lang='lat' dir='ltr'>praeterea</span> <span class='ocrx_word' id='word_1_473' title='bbox 860 4172 934 4232; x_wconf 91' lang='lat' dir='ltr'>nihil</span> <span class='ocrx_word' id='word_1_474' title='bbox 958 4172 1007 4245; x_wconf 85' lang='lat' dir='ltr'>sit,</span> <span class='ocrx_word' id='word_1_475' title='bbox 1034 4172 1110 4250; x_wconf 90' lang='lat' dir='ltr'>quod</span> <span class='ocrx_word' id='word_1_476' title='bbox 1127 4179 1300 4232; x_wconf 88' lang='lat' dir='ltr'>tractemus.</span> <span class='ocrx_word' id='word_1_477' title='bbox 1349 4166 1389 4245; x_wconf 76' lang='grc' dir='ltr'>Θ</span> <span class='ocrx_word' id='word_1_478' title='bbox 1411 4170 1438 4228; x_wconf 92' lang='lat' dir='ltr'>in</span> <span class='ocrx_word' id='word_1_479' title='bbox 1453 4169 1489 4241; x_wconf 73' lang='lat' dir='ltr'><em>U</em></span> <span class='ocrx_word' id='word_1_480' title='bbox 1503 4163 1534 4244; x_wconf 64' lang='lat' dir='ltr'>li,</span> 
     </span>
     <span class='ocr_line' id='line_1_46' title="bbox 177 4259 1535 4340; baseline -0.004 -16"><span class='ocrx_word' id='word_1_481' title='bbox 177 4264 205 4337; x_wconf 53' lang='lat' dir='ltr'>b</span> <span class='ocrx_word' id='word_1_482' title='bbox 233 4264 261 4324; x_wconf 92' lang='lat' dir='ltr'>in</span> <span class='ocrx_word' id='word_1_483' title='bbox 284 4265 321 4338; x_wconf 76' lang='grc' dir='ltr'><strong>Π</strong></span> <span class='ocrx_word' id='word_1_484' title='bbox 336 4265 375 4340; x_wconf 63' lang='lat' dir='ltr'>Q,</span> <span class='ocrx_word' id='word_1_485' title='bbox 400 4263 431 4337; x_wconf 76' lang='lat' dir='ltr'>ll</span> <span class='ocrx_word' id='word_1_486' title='bbox 454 4262 483 4323; x_wconf 92' lang='lat' dir='ltr'>in</span> <span class='ocrx_word' id='word_1_487' title='bbox 507 4261 584 4335; x_wconf 71' lang='grc' dir='ltr'>ΔΩ</span> <span class='ocrx_word' id='word_1_488' title='bbox 609 4269 641 4322; x_wconf 90' lang='lat' dir='ltr'>et</span> <span class='ocrx_word' id='word_1_489' title='bbox 663 4261 722 4322; x_wconf 90' lang='lat' dir='ltr'>imo</span> <span class='ocrx_word' id='word_1_490' title='bbox 747 4261 832 4334; x_wconf 91' lang='lat' dir='ltr'>coeli,</span> <span class='ocrx_word' id='word_1_491' title='bbox 858 4268 928 4321; x_wconf 92' lang='lat' dir='ltr'>sunt</span> <span class='ocrx_word' id='word_1_492' title='bbox 952 4269 1093 4339; x_wconf 89' lang='lat' dir='ltr'>aspectus</span> <span class='ocrx_word' id='word_1_493' title='bbox 1110 4259 1211 4332; x_wconf 78' lang='lat' dir='ltr'>validi,</span> <span class='ocrx_word' id='word_1_494' title='bbox 1236 4269 1269 4319; x_wconf 92' lang='lat' dir='ltr'>ut</span> <span class='ocrx_word' id='word_1_495' title='bbox 1293 4277 1350 4318; x_wconf 93' lang='lat' dir='ltr'>nou</span> <span class='ocrx_word' id='word_1_496' title='bbox 1371 4259 1448 4319; x_wconf 91' lang='lat' dir='ltr'>male</span> <span class='ocrx_word' id='word_1_497' title='bbox 1463 4277 1535 4338; x_wconf 92' lang='lat' dir='ltr'>spe-</span> 
     </span>
     <span class='ocr_line' id='line_1_47' title="bbox 178 4346 1535 4434; baseline -0.007 -19"><span class='ocrx_word' id='word_1_498' title='bbox 178 4372 260 4426; x_wconf 86' lang='lat' dir='ltr'>rem;</span> <span class='ocrx_word' id='word_1_499' title='bbox 285 4351 546 4434; x_wconf 16' lang='lat' dir='ltr'>illegiudustriam</span> <span class='ocrx_word' id='word_1_500' title='bbox 572 4350 629 4412; x_wconf 90' lang='lat' dir='ltr'>iste</span> <span class='ocrx_word' id='word_1_501' title='bbox 654 4349 814 4430; x_wconf 86' lang='lat' dir='ltr'>ingenium,</span> <span class='ocrx_word' id='word_1_502' title='bbox 840 4350 894 4411; x_wconf 87' lang='lat' dir='ltr'>sed</span> <span class='ocrx_word' id='word_1_503' title='bbox 917 4368 1036 4427; x_wconf 80' lang='lat' dir='ltr'>vagum,</span> <span class='ocrx_word' id='word_1_504' title='bbox 1062 4349 1109 4409; x_wconf 85' lang='lat' dir='ltr'>lrie</span> <span class='ocrx_word' id='word_1_505' title='bbox 1133 4348 1261 4426; x_wconf 88' lang='lat' dir='ltr'>gratiam</span> <span class='ocrx_word' id='word_1_506' title='bbox 1281 4346 1449 4427; x_wconf 88' lang='lat' dir='ltr'>pollicetur.</span> <span class='ocrx_word' id='word_1_507' title='bbox 1491 4346 1535 4407; x_wconf 91' lang='lat' dir='ltr'>At</span> 
     </span>
     <span class='ocr_line' id='line_1_48' title="bbox 179 4434 1535 4521; baseline -0.005 -18"><span class='ocrx_word' id='word_1_508' title='bbox 179 4460 252 4503; x_wconf 80' lang='lat' dir='ltr'>cero</span> <span class='ocrx_word' id='word_1_509' title='bbox 274 4438 295 4517; x_wconf 76' lang='lat' dir='ltr'>ij</span> <span class='ocrx_word' id='word_1_510' title='bbox 319 4461 373 4521; x_wconf 92' lang='lat' dir='ltr'>per</span> <span class='ocrx_word' id='word_1_511' title='bbox 397 4440 585 4502; x_wconf 89' lang='lat' dir='ltr'>latitudinem</span> <span class='ocrx_word' id='word_1_512' title='bbox 609 4447 704 4500; x_wconf 88' lang='lat' dir='ltr'>austr.</span> <span class='ocrx_word' id='word_1_513' title='bbox 729 4457 870 4518; x_wconf 84' lang='lat' dir='ltr'>magnam</span> <span class='ocrx_word' id='word_1_514' title='bbox 894 4439 922 4499; x_wconf 92' lang='lat' dir='ltr'>iu</span> <span class='ocrx_word' id='word_1_515' title='bbox 946 4438 1031 4517; x_wconf 92' lang='lat' dir='ltr'>signo</span> <span class='ocrx_word' id='word_1_516' title='bbox 1061 4436 1303 4497; x_wconf 86' lang='lat' dir='ltr'>brevissimarum</span> <span class='ocrx_word' id='word_1_517' title='bbox 1328 4434 1535 4496; x_wconf 88' lang='lat' dir='ltr'>ascensionum</span> 
     </span>
     <span class='ocr_line' id='line_1_49' title="bbox 179 4523 1534 4611; baseline -0.007 -18"><span class='ocrx_word' id='word_1_518' title='bbox 179 4538 212 4594; x_wconf 88' lang='lat' dir='ltr'>et</span> <span class='ocrx_word' id='word_1_519' title='bbox 239 4550 350 4611; x_wconf 86' lang='lat' dir='ltr'>magna</span> <span class='ocrx_word' id='word_1_520' title='bbox 376 4530 437 4611; x_wconf 94' lang='lat' dir='ltr'>poli</span> <span class='ocrx_word' id='word_1_521' title='bbox 460 4528 653 4591; x_wconf 88' lang='lat' dir='ltr'>inclinatione</span> <span class='ocrx_word' id='word_1_522' title='bbox 679 4528 768 4589; x_wconf 89' lang='lat' dir='ltr'>valde</span> <span class='ocrx_word' id='word_1_523' title='bbox 793 4527 908 4603; x_wconf 83' lang='lat' dir='ltr'>vicinus</span> <span class='ocrx_word' id='word_1_524' title='bbox 933 4534 981 4587; x_wconf 89' lang='lat' dir='ltr'>est</span> <span class='ocrx_word' id='word_1_525' title='bbox 1005 4525 1126 4596; x_wconf 85' lang='lat' dir='ltr'>orienti,</span> <span class='ocrx_word' id='word_1_526' title='bbox 1153 4532 1185 4585; x_wconf 93' lang='lat' dir='ltr'>et</span> <span class='ocrx_word' id='word_1_527' title='bbox 1214 4533 1304 4604; x_wconf 91' lang='lat' dir='ltr'>puto,</span> <span class='ocrx_word' id='word_1_528' title='bbox 1334 4523 1423 4601; x_wconf 87' lang='lat' dir='ltr'>plane</span> <span class='ocrx_word' id='word_1_529' title='bbox 1448 4523 1534 4586; x_wconf 88' lang='lat' dir='ltr'>infra.</span> 
     </span>
     <span class='ocr_line' id='line_1_50' title="bbox 178 4611 1534 4700; baseline -0.006 -18"><span class='ocrx_word' id='word_1_530' title='bbox 178 4620 222 4682; x_wconf 85' lang='lat' dir='ltr'>Tu</span> <span class='ocrx_word' id='word_1_531' title='bbox 247 4620 351 4700; x_wconf 87' lang='lat' dir='ltr'>itaque</span> <span class='ocrx_word' id='word_1_532' title='bbox 375 4619 478 4698; x_wconf 84' lang='lat' dir='ltr'>cogita</span> <span class='ocrx_word' id='word_1_533' title='bbox 502 4618 538 4680; x_wconf 95' lang='lat' dir='ltr'>de</span> <span class='ocrx_word' id='word_1_534' title='bbox 563 4617 728 4679; x_wconf 85' lang='lat' dir='ltr'>directione</span> <span class='ocrx_word' id='word_1_535' title='bbox 755 4617 819 4696; x_wconf 85' lang='lat' dir='ltr'>ejus</span> <span class='ocrx_word' id='word_1_536' title='bbox 843 4617 881 4677; x_wconf 89' lang='lat' dir='ltr'>ad</span> <span class='ocrx_word' id='word_1_537' title='bbox 906 4614 1062 4676; x_wconf 72' lang='lat' dir='ltr'>ementem.</span> <span class='ocrx_word' id='word_1_538' title='bbox 1108 4613 1197 4675; x_wconf 87' lang='lat' dir='ltr'>Facit</span> <span class='ocrx_word' id='word_1_539' title='bbox 1224 4613 1272 4675; x_wconf 92' lang='lat' dir='ltr'>hic</span> <span class='ocrx_word' id='word_1_540' title='bbox 1295 4611 1371 4673; x_wconf 89' lang='lat' dir='ltr'>situs</span> <span class='ocrx_word' id='word_1_541' title='bbox 1396 4611 1534 4693; x_wconf 87' lang='lat' dir='ltr'>frigidum</span> 
     </span>
     <span class='ocr_line' id='line_1_51' title="bbox 179 4701 1534 4790; baseline -0.004 -19"><span class='ocrx_word' id='word_1_542' title='bbox 179 4710 207 4771; x_wconf 92' lang='lat' dir='ltr'>in</span> <span class='ocrx_word' id='word_1_543' title='bbox 233 4709 335 4790; x_wconf 91' lang='lat' dir='ltr'>legum</span> <span class='ocrx_word' id='word_1_544' title='bbox 358 4707 568 4769; x_wconf 88' lang='lat' dir='ltr'>observatione</span> <span class='ocrx_word' id='word_1_545' title='bbox 592 4714 746 4767; x_wconf 80' lang='lat' dir='ltr'>elamore</span> <span class='ocrx_word' id='word_1_546' title='bbox 770 4706 1017 4785; x_wconf 82' lang='lat' dir='ltr'>propinquornm3</span> <span class='ocrx_word' id='word_1_547' title='bbox 1043 4719 1187 4788; x_wconf 25' lang='lat' dir='ltr'>&#39;erronem</span> <span class='ocrx_word' id='word_1_548' title='bbox 1211 4702 1320 4774; x_wconf 89' lang='lat' dir='ltr'>habes,</span> <span class='ocrx_word' id='word_1_549' title='bbox 1350 4719 1408 4761; x_wconf 91' lang='lat' dir='ltr'>uon</span> <span class='ocrx_word' id='word_1_550' title='bbox 1432 4701 1534 4765; x_wconf 83' lang='lat' dir='ltr'>infeli-</span> 
     </span>
     <span class='ocr_line' id='line_1_52' title="bbox 176 4789 1536 4883; baseline -0.008 -19"><span class='ocrx_word' id='word_1_551' title='bbox 176 4817 254 4864; x_wconf 81' lang='lat' dir='ltr'>cem.</span> <span class='ocrx_word' id='word_1_552' title='bbox 296 4799 337 4863; x_wconf 84' lang='lat' dir='ltr'>¹In</span> <span class='ocrx_word' id='word_1_553' title='bbox 369 4797 593 4883; x_wconf 87' lang='lat' dir='ltr'>comparatione</span> <span class='ocrx_word' id='word_1_554' title='bbox 624 4814 692 4859; x_wconf 89' lang='lat' dir='ltr'>cum</span> <span class='ocrx_word' id='word_1_555' title='bbox 725 4804 778 4857; x_wconf 89' lang='lat' dir='ltr'>tua</span> <span class='ocrx_word' id='word_1_556' title='bbox 806 4793 911 4876; x_wconf 90' lang='lat' dir='ltr'>genesi</span> <span class='ocrx_word' id='word_1_557' title='bbox 939 4809 998 4853; x_wconf 90' lang='lat' dir='ltr'>uon</span> <span class='ocrx_word' id='word_1_558' title='bbox 1026 4790 1186 4853; x_wconf 85' lang='lat' dir='ltr'>admodum</span> <span class='ocrx_word' id='word_1_559' title='bbox 1214 4791 1257 4854; x_wconf 84' lang='lat' dir='ltr'>fni</span> <span class='ocrx_word' id='word_1_560' title='bbox 1285 4789 1469 4866; x_wconf 86' lang='lat' dir='ltr'>delectatus,</span> <span class='ocrx_word' id='word_1_561' title='bbox 1501 4800 1536 4855; x_wconf 92' lang='lat' dir='ltr'>ut</span> 
     </span>
    </p>
   </div>
   <div class='ocr_carea' id='block_1_11' title="bbox 0 0 1718 5542">
    <p class='ocr_par' dir='ltr' id='par_1_14' title="bbox 0 0 1718 5542">
     <span class='ocr_line' id='line_1_53' title="bbox 0 0 1718 5542; baseline 0 3"><span class='ocrx_word' id='word_1_562' title='bbox 0 0 1718 5542; x_wconf 95' lang='lat' dir='ltr'> </span> 
     </span>
    </p>
   </div>
  </div>
 </body>
</html>
