3428 5542
670 335 760 381 um
776 328 876 383 Um
1385 322 1451 393 268

91 490 204 554 Terrae
225 464 281 551 sen
303 509 386 568 φορᾳ
408 488 543 568 ejusdem
565 488 689 567 persni
712 486 815 550 circuli
838 485 1050 566 quadrantem,
1083 495 1225 549 manente
1257 503 1313 547 axe
1338 484 1451 551 Terrae

91 596 211 656 semper
238 576 379 654 sibiipsi
408 577 439 638 in
463 576 592 638 diversis
614 576 733 639 sitobus
761 574 924 654 parallelo,
957 572 1077 635 minime
1101 592 1173 636 vero
1201 579 1339 637 nutante.
1385 574 1461 649 Nee,

90 667 220 744 simplex
233 666 313 736 ,haec
337 664 524 727 asseveratio
549 684 620 726 vera
643 676 700 737 est,
725 665 868 742 angulum
889 663 966 724 hunc
985 661 1107 725 variari.
1152 662 1231 725 Nam
1246 661 1353 724 eadem
1367 680 1451 725 seme

91 773 144 834 per
166 761 270 816 manet
291 754 358 816 axis
383 754 495 815 Terrae
519 753 703 834 adplenum
727 751 884 833 eclipticae
909 749 1077 823 inclinatio,
1111 750 1174 810 sive
1199 751 1228 812 in
1253 749 1451 827 aequinoctiis

89 843 155 904 eive
187 842 218 903 in
241 843 384 905 solstitiis
409 843 461 915 (de
492 845 672 915 mutatione,
708 861 784 920 quae
815 848 887 920 post
918 838 1013 900 multa
1040 837 1143 899 secula
1174 855 1319 918 perquam
1343 837 1452 918 exigua

90 931 250 1010 contingit,
278 933 342 1012 jam
375 949 435 991 non
467 931 602 1011 loquor),
636 932 690 995 sed
722 951 781 993 non
810 946 927 1006 semper
956 926 1058 988 Solem
1090 926 1233 1005 respicit3
1267 925 1451 988 transfertur

89 1038 218 1098 namque
241 1019 345 1082 Tellus
368 1038 434 1080 cnm
457 1037 513 1081 sua
535 1021 743 1101 inclinatione,
772 1037 848 1099 quae
871 1034 989 1095 semper
1019 1014 1048 1076 in
1073 1016 1195 1076 easdem
1218 1012 1321 1076 mundi
1343 1023 1450 1093 partes

90 1108 199 1187 vergit.
247 1108 353 1189 Itaque
382 1107 537 1172 inclinatio
566 1112 656 1185 haec,
692 1110 798 1175 eadem
830 1124 955 1173 manens
988 1123 1055 1164 cum
1083 1105 1173 1182 plano
1199 1101 1280 1182 ipso,
1313 1102 1450 1164 diversos

89 1205 191 1258 tamen
214 1198 341 1275 angulos
365 1215 433 1258 cnm
457 1197 584 1262 diversis
611 1199 694 1280 plani
718 1196 806 1259 lineis
831 1192 1002 1266 constituit,
1036 1200 1070 1253 ut
1099 1211 1136 1251 ex
1165 1190 1351 1270 geometrica
1373 1190 1450 1252 soli-

88 1286 193 1347 dorum
216 1285 353 1348 doctrina
375 1295 507 1350 constat.
663 1289 666 1292 ’

178 1374 324 1455 Adeoque
353 1375 403 1453 qui
436 1386 506 1456 apte
535 1376 593 1437 sibi
624 1374 754 1438 voluerit
787 1367 945 1450 imaginari
978 1368 1104 1446 primum
1129 1374 1161 1428 et
1193 1366 1315 1427 tertium
1338 1365 1450 1428 Terrae

88 1468 201 1524 motam
224 1465 386 1526 secundum
412 1463 611 1544 Oopernicnm
634 1464 785 1542 (quamvis
819 1457 928 1521 tertius
961 1455 1009 1517 hic
1035 1474 1091 1534 per
1113 1473 1145 1516 se
1169 1460 1271 1515 motus
1294 1472 1352 1514 non
1376 1457 1449 1529 eat),

87 1552 114 1612 is
137 1551 303 1633 cylindrum
326 1552 405 1614 binis
427 1555 526 1632 planis
550 1552 706 1632 parallelis
730 1551 848 1630 oblique
872 1553 956 1607 secet
969 1544 1009 1605 ad
1024 1544 1165 1623 angulum
1181 1535 1304 1620 66¹l,⁰,
1328 1542 1447 1621 etquia

87 1641 144 1703 hoc
166 1647 257 1718 pacto
280 1659 451 1703 communes
474 1642 625 1704 sectiones
648 1661 703 1704 sen
725 1643 816 1704 bases
839 1637 914 1698 liant
1128 1679 1172 1729 Μ
1188 1674 1209 1720 9·

87 1729 220 1808 ellipsee,
241 1747 296 1808 per
309 1731 413 1792 coroll.
433 1726 483 1793 16.
500 1731 550 1793 lib.
566 1732 590 1792 1.
615 1729 722 1793 Sereni
736 1730 773 1790 de
788 1724 915 1807 cylindri

86 1818 242 1879 sectione:
270 1818 366 1897 fingat
387 1819 414 1880 is
437 1819 572 1894 interim,
602 1838 670 1881 esse
694 1819 822 1881 circulos
846 1833 917 1894 per-

89 1906 195 1969 lectos.
224 1904 311 1976 Quae
326 1906 480 1985 igiturest
500 1908 530 1969 in
546 1907 788 1969 circumferentia
801 1903 918 1965 basium

86 1995 259 2073 superficies
274 1994 384 2057 alicubi
400 2004 494 2070 recta,
518 1995 667 2058 inclinata
681 1994 800 2068 alicubi,
825 1992 918 2054 talem

86 2083 274 2162 superficiem
293 2084 361 2145 axis
375 2085 487 2146 Terrae
507 2084 649 2146 inclinate
669 2083 847 2147 circumlata
860 2080 916 2140 de·
940 2123 958 2183 c

86 2171 202 2234 scribit.
223 2203 226 2207 ·
249 2170 317 2244 Ac,
342 2173 398 2234 BD
421 2173 512 2235 bases
536 2173 675 2255 cylindri,
708 2172 762 2234 illa
783 2169 916 2241 inferior,

86 2261 162 2322 haec
195 2259 344 2341 superior,
382 2260 438 2323 OD
471 2261 643 2341 superficies
676 2259 838 2341 aeqnealta
870 2256 920 2318 axi

87 2350 214 2418 Terrae,
243 2350 292 2411 hic
316 2356 365 2410 est
391 2350 538 2412 inclinata
568 2357 602 2412 nt
624 2357 657 2412 et
679 2350 710 2411 in
733 2348 805 2420 AB,
836 2352 922 2409 recta

83 2438 115 2499 in
138 2438 174 2512 E,
199 2439 234 2499 F.
273 2438 322 2499 lta
345 2436 410 2512 OD,
440 2438 497 2499 AB
521 2439 726 2501 solstitiornm
749 2443 819 2524 sunt
842 2437 920 2507 loca,
1186 2477 1206 2533 ἲ

84 2526 131 2601 Ε,
154 2527 181 2588 Γ
203 2526 466 2606 aequinoctiorum.
1137 2560 1140 2566 ·

175 2616 240 2677 Nec
263 2613 393 2677 feliciter
406 2615 504 2678 Ursus
519 2612 659 2677 Graecas
675 2632 765 2696 voces
790 2614 893 2694 tetigit
915 2623 1041 2695 κυλισις,
1064 2626 1187 2699 temore,
1209 2628 1373 2701 potestque
1395 2621 1446 2684 vel

86 2703 143 2765 hoc
167 2704 232 2764 solo
256 2702 396 2766 Graecae
415 2704 535 2783 linguae
550 2703 648 2782 perito
674 2699 874 2781 Oopernicnm
893 2708 1054 2771 obscurum
1068 2710 1204 2772 reddere.
1251 2708 1329 2783 Tibi,
1354 2709 1444 2785 Urso,

84 2792 194 2866 Terra,
218 2792 262 2855 uti
285 2791 404 2872 quidem
428 2792 554 2866 statuis,
579 2791 609 2853 in
629 2791 756 2872 jactatis
780 2799 852 2854 ate
876 2795 1093 2877 hypothesibus
1117 2803 1247 2868 devertar,
1272 2798 1302 2858 in
1326 2795 1445 2876 (lepor.

84 2881 151 2942 nico
175 2881 256 2942 orbis
285 2880 335 2960 qni
359 2881 483 2943 Terram
506 2880 605 2956 vehit,
638 2879 665 2941 si
688 2881 754 2960 quie
777 2881 939 2959 palpabilis
963 2894 1060 2961 esset,
1091 2893 1215 2949 diversor.
1264 2887 1445 2948 inusitatis

84 2969 301 3053 hypothesibus
334 2987 438 3031 ornnes
471 2971 559 3031 orbes
591 2976 622 3030 et
646 2969 822 3031 nominatim
851 2975 978 3037 mundus
1006 2982 1090 3037 totus
1123 2982 1154 3036 et
1177 2974 1309 3054 sphaera
1332 2971 1447 3037 extima

83 3062 216 3127 dvenae,
249 3057 280 3120 in
312 3068 400 3120 torno
423 3057 531 3138 globus
560 3065 674 3120 torreor
707 3059 931 3138 quiescentibus
957 3064 1036 3142 polis
1065 3073 1097 3126 et
1123 3070 1264 3125 manente
1288 3063 1391 3125 mobili
1414 3063 1445 3125 in

83 3164 138 3206 suo
163 3148 239 3208 loco.
286 3149 381 3209 Terra
405 3165 475 3207 vero
499 3147 529 3207 in
545 3145 723 3226 Cepernico,
748 3148 774 3208 si
797 3147 893 3212 solnm
917 3171 1045 3214 annuum
1061 3161 1173 3214 motum
1189 3159 1319 3232 spectes,
1343 3157 1444 3214 mente

83 3253 230 3314 separans
254 3236 399 3312 diurnum,
423 3235 601 3314 simpliciter
622 3241 820 3314 πιριφιριται.
867 3238 920 3301 Sin
944 3248 979 3301 tu
1003 3241 1104 3317 dicas,
1130 3239 1297 3320 Cepernico
1320 3240 1446 3303 Terram

82 3328 242 3398 locandas,
273 3343 331 3385 non
356 3343 412 3405 ego
437 3324 616 3386 intellexero
650 3326 687 3384 de
714 3332 797 3386 motu
821 3346 919 3389 annuo
953 3329 1006 3390 sed
1036 3330 1072 3390 de
1097 3330 1217 3402 diurno,
1251 3348 1318 3391 cnm
1347 3329 1445 3390 abeo

83 3416 182 3474 ruente
206 3431 383 3493 separamus
407 3423 553 3474 annuum·
593 3411 646 3475 Sin
667 3422 767 3473 autern
789 3413 873 3477 dicas
887 3419 1085 3493 volcrdsndor,
1104 3419 1170 3497 jam
1188 3427 1343 3495 utrumqne
1359 3436 1444 3478 com-

82 3501 189 3579 plexus
213 3521 246 3563 es
270 3509 302 3563 et
324 3509 438 3564 motum
462 3501 600 3563 diurnum
624 3488 655 3565 'ec
679 3521 817 3562 annuum.
864 3504 984 3567 Etenim
1008 3509 1132 3577 κυλισις,
1166 3505 1192 3566 si
1216 3505 1328 3578 nescis,
1360 3496 1476 3566 com-'

81 3591 200 3668 positus
223 3597 272 3651 est
295 3598 393 3652 motus
424 3609 462 3652 ex
486 3612 567 3670 φορᾳ
600 3600 631 3653 et
655 3595 770 3667 δινησιι.
817 3592 859 3652 Et
889 3596 1048 3656 voheberc:
1082 3594 1188 3674 globus
1221 3592 1272 3653 ille
1301 3593 1443 3667 lusorum,

82 3696 140 3758 qno
174 3679 213 3739 ad
237 3686 357 3740 stantes
390 3699 500 3741 cuneos
529 3679 707 3741 evertendos
740 3679 903 3743 collimant.
947 3682 1014 3744 Nec
1045 3702 1092 3744 me
1117 3681 1246 3743 Hercule
1270 3666 1443 3742 concinnius

82 3775 132 3828 est
154 3768 324 3847 exemplum
348 3776 447 3830 motus
461 3768 591 3829 Telluris
616 3767 783 3846 compositi,
808 3774 895 3849 qnam
920 3769 946 3831 ei
971 3770 1035 3851 quis
1059 3771 1164 3849 fingat,
1188 3767 1309 3847 globum
1330 3767 1442 3829 Terrae

82 3857 180 3918 instar
203 3857 350 3937 ejusmodi
374 3857 454 3936 globi
479 3857 580 3918 lusorii
605 3856 724 3937 obliquo
749 3863 849 3920 tamen
874 3859 923 3920 axi
947 3859 1083 3938 provolvi
1106 3858 1136 3918 in
1159 3859 1305 3918 directam
1320 3855 1442 3924 lineam.

82 3945 137 4007 sed
157 3963 233 4026 qnae
248 3965 306 4006 non
322 3946 364 4007 sit
378 3945 407 4007 in
422 3946 512 4025 plano
534 3965 636 4008 verum
659 3946 689 4006 in
717 3947 824 4024 glob03
849 3955 883 4009 ut
907 3947 931 4009 si
947 3947 1042 4009 Terra
1065 3948 1095 4008 in
1119 3945 1265 4024 superiori
1288 3945 1442 4007 schemate

80 4033 236 4114 superficie
251 4031 362 4097 EATO
386 4035 615 4115 provolveretur
630 4035 680 4096 via
693 4033 797 4110 EGF3
820 4043 852 4097 et
876 4036 919 4098 sic
943 4043 1007 4098 tres
1024 4034 1182 4115 Copernici
1206 4040 1304 4096 motus
1327 4033 1358 4094 in
1381 4050 1441 4095 nna

81 4123 139 4184 hac
161 4122 369 4201 provolutione
392 4123 504 4185 insunt.

170 4211 317 4274 Perdnxit
338 4210 548 4294 hypothesium
571 4210 728 4274 historiam
743 4214 841 4276 Ursus
863 4231 956 4292 usqne
981 4213 1019 4274 ad
1039 4221 1176 4293 tempora
1191 4209 1317 4283 (lhristi,
1340 4207 1441 4289 quall-

81 4318 198 4381 cnnqne
222 4319 373 4363 successu.
421 4298 511 4369 Quod
534 4300 629 4363 sicubi
653 4322 671 4362 a
694 4320 786 4382 scopo
811 4301 936 4375 erravit,
962 4319 1043 4365 error
1065 4301 1187 4364 crimine
1211 4309 1312 4363 tamen
1337 4315 1440 4359 carere

81 4388 178 4450 videri
200 4396 315 4468 potest
362 4390 423 4450 Per
445 4389 644 4466 ignorantiam
669 4390 746 4451 enim
771 4408 873 4452 omnes
906 4390 1101 4452 multifariam
1125 4390 1263 4452 labimur.
1310 4385 1356 4448 At
1374 4385 1440 4463 jam

80 4477 131 4540 ubi
154 4478 194 4538 ad
216 4477 410 4557 Apollonium
434 4477 600 4557 Pergaeam
625 4478 755 4554 devenit,
780 4479 857 4540 adeo
880 4481 955 4542 dura
978 4480 1076 4541 fronte
1100 4487 1157 4552 est,
1183 4479 1316 4556 adeoque
1340 4491 1439 4552 nnga-

80 4565 233 4629 cissimam
264 4566 364 4628 sciens
388 4567 549 4646 volensque
580 4576 684 4629 narrat
714 4568 866 4641 sahulem,
900 4576 933 4631 nt
960 4569 1093 4637 nescias,
1126 4567 1266 4630 rideasne
1289 4560 1439 4625 hominem

79 4656 183 4736 potins
207 4674 244 4715 en
273 4654 425 4718 irascaris.
473 4653 716 4718 Circumstantiis
740 4656 875 4719 omnibus
898 4657 1102 4719 narrationem
1126 4674 1211 4718 suam
1233 4650 1369 4722 instruit,
1385 4656 1436 4722 ut,

80 4744 128 4806 cni
152 4744 189 4804 de
214 4762 245 4804 re
268 4745 336 4823 ipsa
359 4762 416 4805 uon
441 4751 512 4806 ante
536 4752 667 4819 constet,
687 4746 791 4825 jurare
816 4746 913 4815 ausit,
938 4765 996 4807 non
1022 4765 1089 4808 esse
1113 4743 1197 4806 nihili
1221 4758 1293 4815 rem,
1318 4737 1437 4818 quade

79 4826 222 4913 loquitur.
271 4830 343 4904 Qua
366 4832 396 4895 in
420 4851 452 4895 re
475 4852 541 4896 curn
557 4834 748 4915 praecipuum
763 4854 873 4898 causae
888 4854 960 4898 suae
975 4835 1193 4898 firmamentum
1216 4835 1320 4910 ponat,
1343 4843 1436 4907 prae-
