<?xml version="1.0" encoding="UTF-8"?>
<!DOCTYPE html PUBLIC "-//W3C//DTD XHTML 1.0 Transitional//EN"
    "http://www.w3.org/TR/xhtml1/DTD/xhtml1-transitional.dtd">
<html xmlns="http://www.w3.org/1999/xhtml" xml:lang="en" lang="en">
 <head>
  <title>
</title>
<meta http-equiv="Content-Type" content="text/html;charset=utf-8" />
  <meta name='ocr-system' content='tesseract 3.04.00' />
  <meta name='ocr-capabilities' content='ocr_page ocr_carea ocr_par ocr_line ocrx_word'/>
</head>
<body>
  <div class='ocr_page' id='page_1' title='image "./joanniskepleria10frisgoog/joanniskepleria10frisgoog_0196.png"; bbox 0 0 3428 5542; ppageno 0'>
   <div class='ocr_carea' id='block_1_1' title="bbox 716 297 1475 369">
    <p class='ocr_par' dir='ltr' id='par_1_1' title="bbox 716 297 1475 369">
     <span class='ocr_line' id='line_1_1' title="bbox 716 297 1475 369; baseline 0.008 -6"><span class='ocrx_word' id='word_1_1' title='bbox 716 298 801 363; x_wconf 58' lang='lat'>⁰¹⁸⁶</span> <span class='ocrx_word' id='word_1_2' title='bbox 817 297 869 351; x_wconf 77' lang='lat'>¹¹-</span> <span class='ocrx_word' id='word_1_3' title='bbox 1412 303 1475 369; x_wconf 80' lang='grc'>176</span> 
     </span>
    </p>
   </div>
   <div class='ocr_carea' id='block_1_2' title="bbox 112 455 1504 630">
    <p class='ocr_par' dir='ltr' id='par_1_2' title="bbox 112 455 1504 630">
     <span class='ocr_line' id='line_1_2' title="bbox 112 455 1475 541; baseline 0.007 -24"><span class='ocrx_word' id='word_1_4' title='bbox 112 456 203 519; x_wconf 80' lang='lat' dir='ltr'>istius</span> <span class='ocrx_word' id='word_1_5' title='bbox 224 474 315 536; x_wconf 84' lang='lat' dir='ltr'>quam</span> <span class='ocrx_word' id='word_1_6' title='bbox 338 455 419 518; x_wconf 86' lang='lat' dir='ltr'>illius</span> <span class='ocrx_word' id='word_1_7' title='bbox 442 464 542 519; x_wconf 84' lang='lat' dir='ltr'>metus</span> <span class='ocrx_word' id='word_1_8' title='bbox 566 455 689 530; x_wconf 85' lang='lat' dir='ltr'>fortior,</span> <span class='ocrx_word' id='word_1_9' title='bbox 712 456 777 518; x_wconf 84' lang='lat' dir='ltr'>sire</span> <span class='ocrx_word' id='word_1_10' title='bbox 801 457 937 527; x_wconf 77' lang='lat' dir='ltr'>citatior,</span> <span class='ocrx_word' id='word_1_11' title='bbox 961 458 1025 520; x_wconf 83' lang='lat' dir='ltr'>sire</span> <span class='ocrx_word' id='word_1_12' title='bbox 1044 457 1201 538; x_wconf 80' lang='lat' dir='ltr'>pernicior,</span> <span class='ocrx_word' id='word_1_13' title='bbox 1226 459 1290 522; x_wconf 85' lang='lat' dir='ltr'>sire</span> <span class='ocrx_word' id='word_1_14' title='bbox 1313 460 1475 541; x_wconf 80' lang='lat' dir='ltr'>vigentior,</span> 
     </span>
     <span class='ocr_line' id='line_1_3' title="bbox 114 544 1504 630; baseline 0.006 -25"><span class='ocrx_word' id='word_1_15' title='bbox 114 563 168 606; x_wconf 93' lang='lat' dir='ltr'>seu</span> <span class='ocrx_word' id='word_1_16' title='bbox 191 562 365 624; x_wconf 85' lang='lat' dir='ltr'>quocunqne</span> <span class='ocrx_word' id='word_1_17' title='bbox 390 544 487 626; x_wconf 23' lang='lat' dir='ltr'>verbo·</span> <span class='ocrx_word' id='word_1_18' title='bbox 506 563 570 606; x_wconf 91' lang='lat' dir='ltr'>rem</span> <span class='ocrx_word' id='word_1_19' title='bbox 593 545 762 623; x_wconf 82' lang='lat' dir='ltr'>exprimere</span> <span class='ocrx_word' id='word_1_20' title='bbox 785 545 896 623; x_wconf 88' lang='lat' dir='ltr'>placet.</span> <span class='ocrx_word' id='word_1_21' title='bbox 934 547 980 607; x_wconf 90' lang='lat' dir='ltr'>At</span> <span class='ocrx_word' id='word_1_22' title='bbox 1003 555 1115 626; x_wconf 88' lang='lat' dir='ltr'>quanto</span> <span class='ocrx_word' id='word_1_23' title='bbox 1139 548 1221 610; x_wconf 86' lang='lat' dir='ltr'>orbis</span> <span class='ocrx_word' id='word_1_24' title='bbox 1241 548 1313 610; x_wconf 88' lang='lat' dir='ltr'>orbe</span> <span class='ocrx_word' id='word_1_25' title='bbox 1336 549 1475 630; x_wconf 80' lang='lat' dir='ltr'>amplior,</span> <span class='ocrx_word' id='word_1_26' title='bbox 1500 592 1504 596; x_wconf 93' lang='lat'>-</span> 
     </span>
    </p>
   </div>
   <div class='ocr_carea' id='block_1_3' title="bbox 113 631 1585 719">
    <p class='ocr_par' dir='ltr' id='par_1_3' title="bbox 113 631 1585 719">
     <span class='ocr_line' id='line_1_4' title="bbox 113 631 1585 719; baseline 0.004 -26"><span class='ocrx_word' id='word_1_27' title='bbox 113 638 201 694; x_wconf 86' lang='lat' dir='ltr'>tanto</span> <span class='ocrx_word' id='word_1_28' title='bbox 223 633 292 712; x_wconf 90' lang='lat' dir='ltr'>plns</span> <span class='ocrx_word' id='word_1_29' title='bbox 317 632 461 712; x_wconf 89' lang='lat' dir='ltr'>temporis</span> <span class='ocrx_word' id='word_1_30' title='bbox 484 633 577 694; x_wconf 90' lang='lat' dir='ltr'>etiam</span> <span class='ocrx_word' id='word_1_31' title='bbox 601 631 725 712; x_wconf 83' lang='lat' dir='ltr'>requirit</span> <span class='ocrx_word' id='word_1_32' title='bbox 748 633 787 693; x_wconf 91' lang='lat' dir='ltr'>ad</span> <span class='ocrx_word' id='word_1_33' title='bbox 816 633 980 708; x_wconf 90' lang='lat' dir='ltr'>ambitum,</span> <span class='ocrx_word' id='word_1_34' title='bbox 1015 636 1073 697; x_wconf 91' lang='lat' dir='ltr'>etsi</span> <span class='ocrx_word' id='word_1_35' title='bbox 1101 635 1239 715; x_wconf 90' lang='lat' dir='ltr'>utrinque</span> <span class='ocrx_word' id='word_1_36' title='bbox 1269 636 1311 698; x_wconf 92' lang='lat' dir='ltr'>sit</span> <span class='ocrx_word' id='word_1_37' title='bbox 1338 640 1473 719; x_wconf 88' lang='lat' dir='ltr'>aequalis</span> <span class='ocrx_word' id='word_1_38' title='bbox 1578 686 1585 699; x_wconf 65' lang='grc'>,</span> 
     </span>
    </p>
   </div>
   <div class='ocr_carea' id='block_1_4' title="bbox 112 720 1511 1844">
    <p class='ocr_par' dir='ltr' id='par_1_4' title="bbox 112 720 1473 973">
     <span class='ocr_line' id='line_1_5' title="bbox 112 720 1473 806; baseline 0.007 -26"><span class='ocrx_word' id='word_1_39' title='bbox 112 722 158 782; x_wconf 85' lang='lat' dir='ltr'>vis</span> <span class='ocrx_word' id='word_1_40' title='bbox 182 729 291 784; x_wconf 90' lang='lat' dir='ltr'>motus.</span> <span class='ocrx_word' id='word_1_41' title='bbox 324 720 406 798; x_wconf 83' lang='lat' dir='ltr'>Ergo</span> <span class='ocrx_word' id='word_1_42' title='bbox 429 720 498 782; x_wconf 88' lang='lat' dir='ltr'>hinc</span> <span class='ocrx_word' id='word_1_43' title='bbox 522 721 665 801; x_wconf 90' lang='lat' dir='ltr'>sequitur,</span> <span class='ocrx_word' id='word_1_44' title='bbox 691 739 779 781; x_wconf 90' lang='lat' dir='ltr'>unam</span> <span class='ocrx_word' id='word_1_45' title='bbox 803 722 1025 801; x_wconf 86' lang='lat' dir='ltr'>elongationem</span> <span class='ocrx_word' id='word_1_46' title='bbox 1043 724 1185 803; x_wconf 90' lang='lat' dir='ltr'>planetae</span> <span class='ocrx_word' id='word_1_47' title='bbox 1204 722 1309 786; x_wconf 91' lang='lat' dir='ltr'>aSule</span> <span class='ocrx_word' id='word_1_48' title='bbox 1328 727 1473 806; x_wconf 89' lang='lat' dir='ltr'>majorem</span> 
     </span>
     <span class='ocr_line' id='line_1_6' title="bbox 112 808 1473 895; baseline 0.004 -23"><span class='ocrx_word' id='word_1_49' title='bbox 112 810 159 873; x_wconf 90' lang='lat' dir='ltr'>bis</span> <span class='ocrx_word' id='word_1_50' title='bbox 183 811 283 872; x_wconf 81' lang='lat' dir='ltr'>facere</span> <span class='ocrx_word' id='word_1_51' title='bbox 307 808 347 870; x_wconf 89' lang='lat' dir='ltr'>ad</span> <span class='ocrx_word' id='word_1_52' title='bbox 370 809 539 888; x_wconf 84' lang='lat' dir='ltr'>augendam</span> <span class='ocrx_word' id='word_1_53' title='bbox 562 808 736 887; x_wconf 88' lang='lat' dir='ltr'>periodum:</span> <span class='ocrx_word' id='word_1_54' title='bbox 769 816 800 870; x_wconf 90' lang='lat' dir='ltr'>et</span> <span class='ocrx_word' id='word_1_55' title='bbox 823 819 942 884; x_wconf 90' lang='lat' dir='ltr'>contra,</span> <span class='ocrx_word' id='word_1_56' title='bbox 972 811 1188 875; x_wconf 90' lang='lat' dir='ltr'>incrementum</span> <span class='ocrx_word' id='word_1_57' title='bbox 1212 812 1326 891; x_wconf 89' lang='lat' dir='ltr'>periodi</span> <span class='ocrx_word' id='word_1_58' title='bbox 1352 815 1473 895; x_wconf 89' lang='lat' dir='ltr'>duplum</span> 
     </span>
     <span class='ocr_line' id='line_1_7' title="bbox 112 895 737 973; baseline -0.002 -14"><span class='ocrx_word' id='word_1_59' title='bbox 112 918 181 962; x_wconf 90' lang='lat' dir='ltr'>esse</span> <span class='ocrx_word' id='word_1_60' title='bbox 205 899 243 960; x_wconf 88' lang='lat' dir='ltr'>ad</span> <span class='ocrx_word' id='word_1_61' title='bbox 267 895 466 973; x_wconf 73' lang='lat' dir='ltr'>daorqparon</span> <span class='ocrx_word' id='word_1_62' title='bbox 489 895 737 969; x_wconf 69' lang='lat' dir='ltr'>differentiams)</span> 
     </span>
    </p>

    <p class='ocr_par' dir='ltr' id='par_1_5' title="bbox 112 983 1511 1844">
     <span class='ocr_line' id='line_1_8' title="bbox 200 983 1472 1071; baseline 0.004 -23"><span class='ocrx_word' id='word_1_63' title='bbox 200 984 363 1055; x_wconf 86' lang='lat' dir='ltr'>Dimidium</span> <span class='ocrx_word' id='word_1_64' title='bbox 385 983 478 1064; x_wconf 81' lang='lat' dir='ltr'>igitur</span> <span class='ocrx_word' id='word_1_65' title='bbox 500 984 675 1046; x_wconf 89' lang='lat' dir='ltr'>incrementi</span> <span class='ocrx_word' id='word_1_66' title='bbox 698 985 833 1048; x_wconf 88' lang='lat' dir='ltr'>additum</span> <span class='ocrx_word' id='word_1_67' title='bbox 856 984 980 1065; x_wconf 88' lang='lat' dir='ltr'>periodo</span> <span class='ocrx_word' id='word_1_68' title='bbox 1004 985 1110 1048; x_wconf 89' lang='lat' dir='ltr'>minori</span> <span class='ocrx_word' id='word_1_69' title='bbox 1129 987 1270 1051; x_wconf 86' lang='lat' dir='ltr'>exhibere</span> <span class='ocrx_word' id='word_1_70' title='bbox 1290 989 1382 1051; x_wconf 91' lang='lat' dir='ltr'>debet</span> <span class='ocrx_word' id='word_1_71' title='bbox 1399 1010 1472 1071; x_wconf 91' lang='lat' dir='ltr'>pru-</span> 
     </span>
     <span class='ocr_line' id='line_1_9' title="bbox 112 1071 1472 1159; baseline 0.002 -22"><span class='ocrx_word' id='word_1_72' title='bbox 112 1075 282 1155; x_wconf 87' lang='lat' dir='ltr'>portionem</span> <span class='ocrx_word' id='word_1_73' title='bbox 305 1091 408 1134; x_wconf 89' lang='lat' dir='ltr'>veram</span> <span class='ocrx_word' id='word_1_74' title='bbox 433 1071 663 1149; x_wconf 80' lang='lat' dir='ltr'>distantiarum:</span> <span class='ocrx_word' id='word_1_75' title='bbox 689 1072 733 1134; x_wconf 91' lang='lat' dir='ltr'>sic</span> <span class='ocrx_word' id='word_1_76' title='bbox 758 1081 790 1136; x_wconf 89' lang='lat' dir='ltr'>ut</span> <span class='ocrx_word' id='word_1_77' title='bbox 813 1080 1013 1153; x_wconf 83' lang='lat' dir='ltr'>aggregatum</span> <span class='ocrx_word' id='word_1_78' title='bbox 1036 1073 1086 1148; x_wconf 91' lang='lat' dir='ltr'>sit,</span> <span class='ocrx_word' id='word_1_79' title='bbox 1111 1082 1146 1136; x_wconf 91' lang='lat' dir='ltr'>ut</span> <span class='ocrx_word' id='word_1_80' title='bbox 1163 1075 1311 1139; x_wconf 87' lang='lat' dir='ltr'>distantia</span> <span class='ocrx_word' id='word_1_81' title='bbox 1335 1079 1472 1159; x_wconf 88' lang='lat' dir='ltr'>superio-</span> 
     </span>
     <span class='ocr_line' id='line_1_10' title="bbox 112 1159 1474 1243; baseline 0.002 -18"><span class='ocrx_word' id='word_1_82' title='bbox 112 1163 155 1226; x_wconf 91' lang='lat' dir='ltr'>ris</span> <span class='ocrx_word' id='word_1_83' title='bbox 178 1171 210 1225; x_wconf 88' lang='lat' dir='ltr'>et</span> <span class='ocrx_word' id='word_1_84' title='bbox 230 1161 360 1242; x_wconf 83' lang='lat' dir='ltr'>simplex</span> <span class='ocrx_word' id='word_1_85' title='bbox 377 1159 473 1223; x_wconf 89' lang='lat' dir='ltr'>minor</span> <span class='ocrx_word' id='word_1_86' title='bbox 486 1161 627 1241; x_wconf 86' lang='lat' dir='ltr'>periodus</span> <span class='ocrx_word' id='word_1_87' title='bbox 642 1169 851 1241; x_wconf 90' lang='lat' dir='ltr'>repraesentet</span> <span class='ocrx_word' id='word_1_88' title='bbox 865 1161 1023 1236; x_wconf 81' lang='lat' dir='ltr'>inferioris,</span> <span class='ocrx_word' id='word_1_89' title='bbox 1049 1181 1093 1224; x_wconf 83' lang='lat' dir='ltr'>sc.</span> <span class='ocrx_word' id='word_1_90' title='bbox 1117 1163 1259 1243; x_wconf 90' lang='lat' dir='ltr'>planetae</span> <span class='ocrx_word' id='word_1_91' title='bbox 1284 1165 1330 1227; x_wconf 90' lang='lat' dir='ltr'>sui</span> <span class='ocrx_word' id='word_1_92' title='bbox 1354 1166 1474 1229; x_wconf 89' lang='lat' dir='ltr'>distan-</span> 
     </span>
     <span class='ocr_line' id='line_1_11' title="bbox 112 1249 1474 1329; baseline 0.003 -16"><span class='ocrx_word' id='word_1_93' title='bbox 112 1251 187 1315; x_wconf 82' lang='lat' dir='ltr'>tiam</span> <span class='ocrx_word' id='word_1_94' title='bbox 216 1251 245 1312; x_wconf 93' lang='lat' dir='ltr'>in</span> <span class='ocrx_word' id='word_1_95' title='bbox 274 1249 381 1313; x_wconf 87' lang='lat' dir='ltr'>eadem</span> <span class='ocrx_word' id='word_1_96' title='bbox 408 1250 588 1329; x_wconf 89' lang='lat' dir='ltr'>quantitate.</span> <span class='ocrx_word' id='word_1_97' title='bbox 633 1249 833 1329; x_wconf 84' lang='lat' dir='ltr'>Exemplum:</span> <span class='ocrx_word' id='word_1_98' title='bbox 866 1251 889 1327; x_wconf 62' lang='lat' dir='ltr'>b</span> <span class='ocrx_word' id='word_1_99' title='bbox 920 1257 1019 1311; x_wconf 91' lang='lat' dir='ltr'>motus</span> <span class='ocrx_word' id='word_1_100' title='bbox 1052 1250 1222 1329; x_wconf 84' lang='lat' dir='ltr'>periodicas</span> <span class='ocrx_word' id='word_1_101' title='bbox 1254 1261 1303 1315; x_wconf 92' lang='lat' dir='ltr'>est</span> <span class='ocrx_word' id='word_1_102' title='bbox 1335 1249 1379 1317; x_wconf 90' lang='grc'>88</span> <span class='ocrx_word' id='word_1_103' title='bbox 1411 1254 1474 1317; x_wconf 85' lang='lat' dir='ltr'>fere</span> 
     </span>
     <span class='ocr_line' id='line_1_12' title="bbox 113 1332 1475 1415; baseline 0.005 -15"><span class='ocrx_word' id='word_1_104' title='bbox 113 1338 237 1413; x_wconf 90' lang='lat' dir='ltr'>dierum,</span> <span class='ocrx_word' id='word_1_105' title='bbox 262 1336 392 1400; x_wconf 84' lang='lat' dir='ltr'>Veneris</span> <span class='ocrx_word' id='word_1_106' title='bbox 417 1335 482 1400; x_wconf 77' lang='grc'>274</span> <span class='ocrx_word' id='word_1_107' title='bbox 504 1357 572 1400; x_wconf 90' lang='lat' dir='ltr'>eum</span> <span class='ocrx_word' id='word_1_108' title='bbox 592 1337 680 1400; x_wconf 86' lang='lat' dir='ltr'>besse</span> <span class='ocrx_word' id='word_1_109' title='bbox 700 1339 803 1414; x_wconf 83' lang='lat' dir='ltr'>ferme,</span> <span class='ocrx_word' id='word_1_110' title='bbox 829 1337 999 1401; x_wconf 81' lang='lat' dir='ltr'>differentia</span> <span class='ocrx_word' id='word_1_111' title='bbox 1028 1332 1088 1401; x_wconf 86' lang='grc'>136</span> <span class='ocrx_word' id='word_1_112' title='bbox 1112 1348 1144 1401; x_wconf 92' lang='lat' dir='ltr'>et</span> <span class='ocrx_word' id='word_1_113' title='bbox 1167 1340 1230 1415; x_wconf 86' lang='lat' dir='ltr'>bes,</span> <span class='ocrx_word' id='word_1_114' title='bbox 1255 1339 1409 1405; x_wconf 89' lang='lat' dir='ltr'>dimidium</span> <span class='ocrx_word' id='word_1_115' title='bbox 1431 1339 1475 1407; x_wconf 97' lang='grc'>68</span> 
     </span>
     <span class='ocr_line' id='line_1_13' title="bbox 113 1420 1511 1507; baseline 0.004 -19"><span class='ocrx_word' id='word_1_116' title='bbox 113 1437 145 1488; x_wconf 88' lang='lat' dir='ltr'>et</span> <span class='ocrx_word' id='word_1_117' title='bbox 166 1446 238 1507; x_wconf 85' lang='lat' dir='ltr'>pars</span> <span class='ocrx_word' id='word_1_118' title='bbox 261 1425 363 1487; x_wconf 85' lang='lat' dir='ltr'>tertia.</span> <span class='ocrx_word' id='word_1_119' title='bbox 409 1425 475 1486; x_wconf 86' lang='lat' dir='ltr'>Hoc</span> <span class='ocrx_word' id='word_1_120' title='bbox 494 1427 633 1504; x_wconf 86' lang='lat' dir='ltr'>junctum</span> <span class='ocrx_word' id='word_1_121' title='bbox 657 1445 724 1488; x_wconf 92' lang='lat' dir='ltr'>cnm</span> <span class='ocrx_word' id='word_1_122' title='bbox 747 1420 791 1488; x_wconf 82' lang='lat'>88</span> <span class='ocrx_word' id='word_1_123' title='bbox 816 1426 905 1487; x_wconf 88' lang='lat' dir='ltr'>efficit</span> <span class='ocrx_word' id='word_1_124' title='bbox 932 1421 993 1489; x_wconf 85' lang='grc'>156</span> <span class='ocrx_word' id='word_1_125' title='bbox 1017 1436 1048 1486; x_wconf 88' lang='lat' dir='ltr'>et</span> <span class='ocrx_word' id='word_1_126' title='bbox 1071 1426 1222 1490; x_wconf 90' lang='lat' dir='ltr'>trientem.</span> <span class='ocrx_word' id='word_1_127' title='bbox 1268 1428 1351 1507; x_wconf 84' lang='lat' dir='ltr'>Ergo</span> <span class='ocrx_word' id='word_1_128' title='bbox 1375 1440 1409 1492; x_wconf 94' lang='lat' dir='ltr'>ut</span> <span class='ocrx_word' id='word_1_129' title='bbox 1430 1427 1475 1495; x_wconf 85' lang='lat'>88</span> <span class='ocrx_word' id='word_1_130' title='bbox 1508 1467 1511 1471; x_wconf 56' lang='lat'>&lt;</span> 
     </span>
     <span class='ocr_line' id='line_1_14' title="bbox 113 1510 1475 1596; baseline 0.002 -18"><span class='ocrx_word' id='word_1_131' title='bbox 113 1517 152 1578; x_wconf 89' lang='lat' dir='ltr'>ad</span> <span class='ocrx_word' id='word_1_132' title='bbox 178 1510 241 1578; x_wconf 88' lang='grc'>156</span> <span class='ocrx_word' id='word_1_133' title='bbox 265 1534 332 1576; x_wconf 92' lang='lat' dir='ltr'>cum</span> <span class='ocrx_word' id='word_1_134' title='bbox 354 1512 466 1586; x_wconf 90' lang='lat' dir='ltr'>tertia,</span> <span class='ocrx_word' id='word_1_135' title='bbox 501 1515 544 1575; x_wconf 88' lang='lat' dir='ltr'>sic</span> <span class='ocrx_word' id='word_1_136' title='bbox 574 1513 798 1576; x_wconf 90' lang='lat' dir='ltr'>semidiameter</span> <span class='ocrx_word' id='word_1_137' title='bbox 825 1514 928 1576; x_wconf 88' lang='lat' dir='ltr'>circuli</span> <span class='ocrx_word' id='word_1_138' title='bbox 952 1514 1141 1577; x_wconf 78' lang='lat' dir='ltr'>Mercurialis</span> <span class='ocrx_word' id='word_1_139' title='bbox 1166 1515 1256 1577; x_wconf 90' lang='lat' dir='ltr'>medii</span> <span class='ocrx_word' id='word_1_140' title='bbox 1280 1518 1319 1578; x_wconf 90' lang='lat' dir='ltr'>ad</span> <span class='ocrx_word' id='word_1_141' title='bbox 1343 1519 1475 1596; x_wconf 91' lang='lat' dir='ltr'>mediam</span> 
     </span>
     <span class='ocr_line' id='line_1_15' title="bbox 115 1601 1473 1683; baseline 0.003 -18"><span class='ocrx_word' id='word_1_142' title='bbox 115 1605 254 1667; x_wconf 86' lang='lat' dir='ltr'>Veneris.</span> <span class='ocrx_word' id='word_1_143' title='bbox 291 1603 358 1664; x_wconf 88' lang='lat' dir='ltr'>Hoc</span> <span class='ocrx_word' id='word_1_144' title='bbox 380 1601 473 1663; x_wconf 79' lang='lat' dir='ltr'>modo</span> <span class='ocrx_word' id='word_1_145' title='bbox 494 1601 519 1664; x_wconf 92' lang='lat' dir='ltr'>si</span> <span class='ocrx_word' id='word_1_146' title='bbox 537 1602 568 1663; x_wconf 94' lang='lat' dir='ltr'>in</span> <span class='ocrx_word' id='word_1_147' title='bbox 587 1602 712 1681; x_wconf 82' lang='lat' dir='ltr'>singulis</span> <span class='ocrx_word' id='word_1_148' title='bbox 728 1601 871 1680; x_wconf 89' lang='lat' dir='ltr'>opereris,</span> <span class='ocrx_word' id='word_1_149' title='bbox 897 1610 988 1683; x_wconf 92' lang='lat' dir='ltr'>atque</span> <span class='ocrx_word' id='word_1_150' title='bbox 1011 1604 1224 1682; x_wconf 86' lang='lat' dir='ltr'>provenientes</span> <span class='ocrx_word' id='word_1_151' title='bbox 1247 1604 1335 1667; x_wconf 86' lang='lat' dir='ltr'>binas</span> <span class='ocrx_word' id='word_1_152' title='bbox 1354 1606 1473 1669; x_wconf 87' lang='lat' dir='ltr'>distan-</span> 
     </span>
     <span class='ocr_line' id='line_1_16' title="bbox 113 1689 1475 1772; baseline 0.002 -18"><span class='ocrx_word' id='word_1_153' title='bbox 113 1693 173 1755; x_wconf 86' lang='lat' dir='ltr'>tias</span> <span class='ocrx_word' id='word_1_154' title='bbox 196 1710 250 1771; x_wconf 89' lang='lat' dir='ltr'>per</span> <span class='ocrx_word' id='word_1_155' title='bbox 273 1708 413 1752; x_wconf 89' lang='lat' dir='ltr'>numeros</span> <span class='ocrx_word' id='word_1_156' title='bbox 437 1689 554 1752; x_wconf 92' lang='lat' dir='ltr'>sinuum</span> <span class='ocrx_word' id='word_1_157' title='bbox 578 1690 721 1769; x_wconf 82' lang='lat' dir='ltr'>explices,</span> <span class='ocrx_word' id='word_1_158' title='bbox 747 1689 790 1752; x_wconf 85' lang='lat' dir='ltr'>sic</span> <span class='ocrx_word' id='word_1_159' title='bbox 814 1699 848 1752; x_wconf 94' lang='lat' dir='ltr'>nt</span> <span class='ocrx_word' id='word_1_160' title='bbox 871 1710 991 1770; x_wconf 88' lang='lat' dir='ltr'>semper</span> <span class='ocrx_word' id='word_1_161' title='bbox 1009 1691 1172 1772; x_wconf 88' lang='lat' dir='ltr'>superioris</span> <span class='ocrx_word' id='word_1_162' title='bbox 1191 1692 1415 1757; x_wconf 87' lang='lat' dir='ltr'>semidiameter</span> <span class='ocrx_word' id='word_1_163' title='bbox 1433 1695 1475 1757; x_wconf 85' lang='lat' dir='ltr'>sit</span> 
     </span>
     <span class='ocr_line' id='line_1_17' title="bbox 113 1780 323 1844; baseline -0.019 0"><span class='ocrx_word' id='word_1_164' title='bbox 113 1780 197 1844; x_wconf 88' lang='lat' dir='ltr'>sinus</span> <span class='ocrx_word' id='word_1_165' title='bbox 220 1787 323 1843; x_wconf 88' lang='lat' dir='ltr'>totus:</span> 
     </span>
    </p>
   </div>
   <div class='ocr_carea' id='block_1_5' title="bbox 412 1914 1240 2345">
    <p class='ocr_par' dir='ltr' id='par_1_6' title="bbox 412 1914 1177 2262">
     <span class='ocr_line' id='line_1_18' title="bbox 685 1914 1177 1991; baseline 0.004 -11"><span class='ocrx_word' id='word_1_166' title='bbox 685 1914 805 1991; x_wconf 72' lang='grc'>00574</span> <span class='ocrx_word' id='word_1_167' title='bbox 1110 1916 1177 1982; x_wconf 82' lang='grc'>672</span> 
     </span>
     <span class='ocr_line' id='line_1_19' title="bbox 441 1940 1176 2142; baseline 0.004 -77"><span class='ocrx_word' id='word_1_168' title='bbox 441 2005 600 2083; x_wconf 84' lang='lat' dir='ltr'>proveniet</span> <span class='ocrx_word' id='word_1_169' title='bbox 686 1940 834 2142; x_wconf 60' lang='lat'>&amp;2745</span> <span class='ocrx_word' id='word_1_170' title='bbox 904 2007 948 2067; x_wconf 88' lang='lat' dir='ltr'>At</span> <span class='ocrx_word' id='word_1_171' title='bbox 971 2013 1019 2067; x_wconf 90' lang='lat' dir='ltr'>est</span> <span class='ocrx_word' id='word_1_172' title='bbox 1110 2005 1176 2069; x_wconf 86' lang='grc'>290</span> 
     </span>
     <span class='ocr_line' id='line_1_20' title="bbox 412 2089 1176 2169; baseline 0.005 -15"><span class='ocrx_word' id='word_1_173' title='bbox 412 2090 636 2154; x_wconf 86' lang='lat' dir='ltr'>semidiameter</span> <span class='ocrx_word' id='word_1_174' title='bbox 686 2089 804 2169; x_wconf 66' lang='grc'>(5694</span> <span class='ocrx_word' id='word_1_175' title='bbox 949 2093 978 2154; x_wconf 92' lang='lat' dir='ltr'>in</span> <span class='ocrx_word' id='word_1_176' title='bbox 1110 2093 1176 2158; x_wconf 86' lang='grc'>658</span> 
     </span>
     <span class='ocr_line' id='line_1_21' title="bbox 480 2177 1175 2262; baseline 0.007 -21"><span class='ocrx_word' id='word_1_177' title='bbox 480 2179 562 2242; x_wconf 91' lang='lat' dir='ltr'>orbis</span> <span class='ocrx_word' id='word_1_178' title='bbox 686 2177 802 2255; x_wconf 73' lang='lat'>9762</span> <span class='ocrx_word' id='word_1_179' title='bbox 877 2179 1045 2262; x_wconf 87' lang='lat' dir='ltr'>Cupernicn</span> <span class='ocrx_word' id='word_1_180' title='bbox 1110 2179 1175 2247; x_wconf 90' lang='grc'>719</span> 
     </span>
    </p>

    <p class='ocr_par' dir='ltr' id='par_1_7' title="bbox 691 2265 1240 2345">
     <span class='ocr_line' id='line_1_22' title="bbox 691 2265 1240 2345; baseline 0.02 -14"><span class='ocrx_word' id='word_1_181' title='bbox 691 2266 801 2345; x_wconf 73' lang='lat' dir='ltr'>pnes</span> <span class='ocrx_word' id='word_1_182' title='bbox 1110 2269 1175 2335; x_wconf 83' lang='lat'>500</span> <span class='ocrx_word' id='word_1_183' title='bbox 1196 2265 1240 2344; x_wconf 75' lang='lat'>⁸⁰)</span> 
     </span>
    </p>
   </div>
   <div class='ocr_carea' id='block_1_6' title="bbox 114 2393 1474 2562">
    <p class='ocr_par' dir='ltr' id='par_1_8' title="bbox 114 2393 1474 2562">
     <span class='ocr_line' id='line_1_23' title="bbox 201 2393 1474 2475; baseline 0.003 -19"><span class='ocrx_word' id='word_1_184' title='bbox 201 2393 346 2473; x_wconf 86' lang='lat' dir='ltr'>Propius,</span> <span class='ocrx_word' id='word_1_185' title='bbox 376 2402 410 2456; x_wconf 95' lang='lat' dir='ltr'>ut</span> <span class='ocrx_word' id='word_1_186' title='bbox 432 2393 537 2475; x_wconf 82' lang='lat' dir='ltr'>vides,</span> <span class='ocrx_word' id='word_1_187' title='bbox 566 2394 604 2455; x_wconf 88' lang='lat' dir='ltr'>ad</span> <span class='ocrx_word' id='word_1_188' title='bbox 629 2393 789 2455; x_wconf 88' lang='lat' dir='ltr'>veritatem</span> <span class='ocrx_word' id='word_1_189' title='bbox 813 2393 1003 2456; x_wconf 84' lang='lat' dir='ltr'>accessimus.</span> <span class='ocrx_word' id='word_1_190' title='bbox 1019 2397 1048 2468; x_wconf 67' lang='grc' dir='ltr'>κ)</span> <span class='ocrx_word' id='word_1_191' title='bbox 1092 2395 1162 2457; x_wconf 85' lang='lat' dir='ltr'>Etsi</span> <span class='ocrx_word' id='word_1_192' title='bbox 1186 2415 1257 2457; x_wconf 90' lang='lat' dir='ltr'>vern</span> <span class='ocrx_word' id='word_1_193' title='bbox 1281 2396 1404 2472; x_wconf 88' lang='lat' dir='ltr'>dubito,</span> <span class='ocrx_word' id='word_1_194' title='bbox 1434 2417 1474 2460; x_wconf 91' lang='lat' dir='ltr'>an</span> 
     </span>
     <span class='ocr_line' id='line_1_24' title="bbox 114 2480 1473 2562; baseline 0.002 -18"><span class='ocrx_word' id='word_1_195' title='bbox 114 2480 351 2545; x_wconf 87' lang='lat' dir='ltr'>demonstrativa</span> <span class='ocrx_word' id='word_1_196' title='bbox 368 2482 531 2554; x_wconf 86' lang='lat' dir='ltr'>methodo,</span> <span class='ocrx_word' id='word_1_197' title='bbox 561 2483 640 2562; x_wconf 90' lang='lat' dir='ltr'>quod</span> <span class='ocrx_word' id='word_1_198' title='bbox 664 2482 821 2543; x_wconf 87' lang='lat' dir='ltr'>theorema</span> <span class='ocrx_word' id='word_1_199' title='bbox 843 2480 1031 2557; x_wconf 89' lang='lat' dir='ltr'>instituerat,</span> <span class='ocrx_word' id='word_1_200' title='bbox 1061 2485 1165 2562; x_wconf 87' lang='lat' dir='ltr'>praxis</span> <span class='ocrx_word' id='word_1_201' title='bbox 1187 2484 1250 2546; x_wconf 88' lang='lat' dir='ltr'>ista</span> <span class='ocrx_word' id='word_1_202' title='bbox 1273 2484 1388 2547; x_wconf 86' lang='lat' dir='ltr'>divisae</span> <span class='ocrx_word' id='word_1_203' title='bbox 1411 2485 1473 2547; x_wconf 84' lang='lat' dir='ltr'>dit-</span> 
     </span>
    </p>
   </div>
   <div class='ocr_carea' id='block_1_7' title="bbox 10 2568 1472 2650">
    <p class='ocr_par' dir='ltr' id='par_1_9' title="bbox 10 2568 1472 2650">
     <span class='ocr_line' id='line_1_25' title="bbox 10 2568 1472 2650; baseline 0.003 -18"><span class='ocrx_word' id='word_1_204' title='bbox 10 2585 19 2596; x_wconf 80' lang='lat'><em>·</em></span> <span class='ocrx_word' id='word_1_205' title='bbox 114 2571 260 2633; x_wconf 69' lang='lat' dir='ltr'>terentiae</span> <span class='ocrx_word' id='word_1_206' title='bbox 284 2579 426 2634; x_wconf 84' lang='lat' dir='ltr'>assecuta</span> <span class='ocrx_word' id='word_1_207' title='bbox 448 2569 539 2632; x_wconf 87' lang='lat' dir='ltr'>fuerit</span> <span class='ocrx_word' id='word_1_208' title='bbox 565 2589 620 2650; x_wconf 92' lang='lat' dir='ltr'>per</span> <span class='ocrx_word' id='word_1_209' title='bbox 647 2568 810 2643; x_wconf 65' lang='lat' dir='ltr'>omnia¹):</span> <span class='ocrx_word' id='word_1_210' title='bbox 843 2577 945 2631; x_wconf 91' lang='lat' dir='ltr'>tamen</span> <span class='ocrx_word' id='word_1_211' title='bbox 978 2589 1035 2632; x_wconf 91' lang='lat' dir='ltr'>nun</span> <span class='ocrx_word' id='word_1_212' title='bbox 1070 2572 1189 2634; x_wconf 89' lang='lat' dir='ltr'>omnino</span> <span class='ocrx_word' id='word_1_213' title='bbox 1221 2572 1294 2634; x_wconf 93' lang='lat' dir='ltr'>nihil</span> <span class='ocrx_word' id='word_1_214' title='bbox 1326 2573 1357 2633; x_wconf 92' lang='lat' dir='ltr'>in</span> <span class='ocrx_word' id='word_1_215' title='bbox 1390 2573 1472 2637; x_wconf 88' lang='lat' dir='ltr'>hisce</span> 
     </span>
    </p>
   </div>
   <div class='ocr_carea' id='block_1_8' title="bbox 107 2657 1488 4774">
    <p class='ocr_par' dir='ltr' id='par_1_10' title="bbox 108 2657 1488 4602">
     <span class='ocr_line' id='line_1_26' title="bbox 112 2657 1474 2742; baseline 0.001 -20"><span class='ocrx_word' id='word_1_216' title='bbox 112 2658 244 2723; x_wconf 87' lang='lat' dir='ltr'>numeris</span> <span class='ocrx_word' id='word_1_217' title='bbox 267 2660 373 2735; x_wconf 83' lang='lat' dir='ltr'>latere,</span> <span class='ocrx_word' id='word_1_218' title='bbox 398 2659 519 2722; x_wconf 88' lang='lat' dir='ltr'>credere</span> <span class='ocrx_word' id='word_1_219' title='bbox 544 2678 590 2720; x_wconf 91' lang='lat' dir='ltr'>me</span> <span class='ocrx_word' id='word_1_220' title='bbox 610 2658 699 2738; x_wconf 88' lang='lat' dir='ltr'>jubet</span> <span class='ocrx_word' id='word_1_221' title='bbox 720 2658 782 2720; x_wconf 87' lang='lat' dir='ltr'>alia</span> <span class='ocrx_word' id='word_1_222' title='bbox 805 2657 980 2719; x_wconf 88' lang='lat' dir='ltr'>numerandi</span> <span class='ocrx_word' id='word_1_223' title='bbox 1003 2661 1180 2734; x_wconf 87' lang='lat' dir='ltr'>methodus,</span> <span class='ocrx_word' id='word_1_224' title='bbox 1205 2680 1264 2742; x_wconf 90' lang='lat' dir='ltr'>qua</span> <span class='ocrx_word' id='word_1_225' title='bbox 1289 2661 1328 2723; x_wconf 94' lang='lat' dir='ltr'>ad</span> <span class='ocrx_word' id='word_1_226' title='bbox 1351 2662 1474 2725; x_wconf 89' lang='lat' dir='ltr'>eosdem</span> 
     </span>
     <span class='ocr_line' id='line_1_27' title="bbox 113 2744 1472 2827; baseline 0.002 -17"><span class='ocrx_word' id='word_1_227' title='bbox 113 2767 252 2810; x_wconf 90' lang='lat' dir='ltr'>numeros</span> <span class='ocrx_word' id='word_1_228' title='bbox 274 2747 422 2824; x_wconf 82' lang='lat' dir='ltr'>revolvar.</span> <span class='ocrx_word' id='word_1_229' title='bbox 462 2744 541 2819; x_wconf 87' lang='lat' dir='ltr'>Quia</span> <span class='ocrx_word' id='word_1_230' title='bbox 562 2747 641 2809; x_wconf 91' lang='lat' dir='ltr'>enim</span> <span class='ocrx_word' id='word_1_231' title='bbox 660 2747 815 2827; x_wconf 86' lang='lat' dir='ltr'>probabile</span> <span class='ocrx_word' id='word_1_232' title='bbox 830 2754 886 2821; x_wconf 91' lang='lat' dir='ltr'>est,</span> <span class='ocrx_word' id='word_1_233' title='bbox 912 2746 1117 2811; x_wconf 83' lang='lat' dir='ltr'>fortitudinem</span> <span class='ocrx_word' id='word_1_234' title='bbox 1140 2756 1239 2812; x_wconf 89' lang='lat' dir='ltr'>motus</span> <span class='ocrx_word' id='word_1_235' title='bbox 1262 2768 1328 2811; x_wconf 92' lang='lat' dir='ltr'>cum</span> <span class='ocrx_word' id='word_1_236' title='bbox 1353 2750 1472 2813; x_wconf 88' lang='lat' dir='ltr'>distau-</span> 
     </span>
     <span class='ocr_line' id='line_1_28' title="bbox 113 2833 1473 2922; baseline 0.001 -23"><span class='ocrx_word' id='word_1_237' title='bbox 113 2836 164 2899; x_wconf 91' lang='lat' dir='ltr'>tiis</span> <span class='ocrx_word' id='word_1_238' title='bbox 187 2837 308 2900; x_wconf 85' lang='lat' dir='ltr'>esseio</span> <span class='ocrx_word' id='word_1_239' title='bbox 331 2836 542 2917; x_wconf 89' lang='lat' dir='ltr'>proportione:</span> <span class='ocrx_word' id='word_1_240' title='bbox 568 2835 626 2898; x_wconf 90' lang='lat' dir='ltr'>erit</span> <span class='ocrx_word' id='word_1_241' title='bbox 648 2844 679 2897; x_wconf 92' lang='lat' dir='ltr'>et</span> <span class='ocrx_word' id='word_1_242' title='bbox 703 2835 759 2897; x_wconf 89' lang='lat' dir='ltr'>hoc</span> <span class='ocrx_word' id='word_1_243' title='bbox 777 2833 943 2914; x_wconf 87' lang='lat' dir='ltr'>probabile,</span> <span class='ocrx_word' id='word_1_244' title='bbox 967 2837 1045 2915; x_wconf 91' lang='lat' dir='ltr'>quod</span> <span class='ocrx_word' id='word_1_245' title='bbox 1070 2837 1195 2922; x_wconf 79' lang='lat' dir='ltr'>quilibet</span> <span class='ocrx_word' id='word_1_246' title='bbox 1217 2839 1350 2919; x_wconf 87' lang='lat' dir='ltr'>planeta,</span> <span class='ocrx_word' id='word_1_247' title='bbox 1376 2858 1473 2920; x_wconf 92' lang='lat' dir='ltr'>quan-</span> 
     </span>
     <span class='ocr_line' id='line_1_29' title="bbox 112 2924 1471 3005; baseline 0.004 -18"><span class='ocrx_word' id='word_1_248' title='bbox 112 2935 177 2987; x_wconf 93' lang='lat' dir='ltr'>tum</span> <span class='ocrx_word' id='word_1_249' title='bbox 200 2933 324 3005; x_wconf 90' lang='lat' dir='ltr'>superat</span> <span class='ocrx_word' id='word_1_250' title='bbox 353 2924 536 3005; x_wconf 89' lang='lat' dir='ltr'>superiorem</span> <span class='ocrx_word' id='word_1_251' title='bbox 565 2924 738 2986; x_wconf 85' lang='lat' dir='ltr'>fortitudine</span> <span class='ocrx_word' id='word_1_252' title='bbox 771 2932 889 2998; x_wconf 88' lang='lat' dir='ltr'>motus,</span> <span class='ocrx_word' id='word_1_253' title='bbox 923 2932 1040 2986; x_wconf 88' lang='lat' dir='ltr'>tantum</span> <span class='ocrx_word' id='word_1_254' title='bbox 1073 2935 1231 3005; x_wconf 90' lang='lat' dir='ltr'>superetur</span> <span class='ocrx_word' id='word_1_255' title='bbox 1259 2926 1288 2988; x_wconf 92' lang='lat' dir='ltr'>in</span> <span class='ocrx_word' id='word_1_256' title='bbox 1315 2926 1471 2993; x_wconf 76' lang='lat' dir='ltr'>distantis.</span> 
     </span>
     <span class='ocr_line' id='line_1_30' title="bbox 113 3011 1474 3095; baseline 0.001 -20"><span class='ocrx_word' id='word_1_257' title='bbox 113 3013 190 3075; x_wconf 84' lang='lat' dir='ltr'>Esto</span> <span class='ocrx_word' id='word_1_258' title='bbox 218 3013 329 3094; x_wconf 85' lang='lat' dir='ltr'>igitur,</span> <span class='ocrx_word' id='word_1_259' title='bbox 363 3013 491 3093; x_wconf 85' lang='lat' dir='ltr'>exempli</span> <span class='ocrx_word' id='word_1_260' title='bbox 524 3012 642 3092; x_wconf 81' lang='lat' dir='ltr'>gratia,</span> <span class='ocrx_word' id='word_1_261' title='bbox 676 3011 787 3075; x_wconf 87' lang='lat' dir='ltr'>Martis</span> <span class='ocrx_word' id='word_1_262' title='bbox 813 3021 845 3074; x_wconf 92' lang='lat' dir='ltr'>et</span> <span class='ocrx_word' id='word_1_263' title='bbox 873 3012 1021 3075; x_wconf 89' lang='lat' dir='ltr'>distantia</span> <span class='ocrx_word' id='word_1_264' title='bbox 1048 3022 1080 3075; x_wconf 90' lang='lat' dir='ltr'>et</span> <span class='ocrx_word' id='word_1_265' title='bbox 1102 3015 1200 3078; x_wconf 88' lang='lat' dir='ltr'>virtus</span> <span class='ocrx_word' id='word_1_266' title='bbox 1224 3016 1332 3077; x_wconf 89' lang='lat' dir='ltr'>unitas.</span> <span class='ocrx_word' id='word_1_267' title='bbox 1378 3015 1474 3095; x_wconf 84' lang='lat' dir='ltr'>Igitur</span> 
     </span>
     <span class='ocr_line' id='line_1_31' title="bbox 112 3101 1472 3182; baseline 0.002 -19"><span class='ocrx_word' id='word_1_268' title='bbox 112 3102 208 3182; x_wconf 73' lang='lat' dir='ltr'>quoti</span> <span class='ocrx_word' id='word_1_269' title='bbox 229 3101 381 3182; x_wconf 77' lang='lat' dir='ltr'>particuli</span> <span class='ocrx_word' id='word_1_270' title='bbox 402 3101 523 3164; x_wconf 85' lang='lat' dir='ltr'>virtutis</span> <span class='ocrx_word' id='word_1_271' title='bbox 547 3102 679 3163; x_wconf 80' lang='lat' dir='ltr'>Martiae</span> <span class='ocrx_word' id='word_1_272' title='bbox 703 3101 807 3163; x_wconf 87' lang='lat' dir='ltr'>Tellus</span> <span class='ocrx_word' id='word_1_273' title='bbox 829 3101 929 3162; x_wconf 89' lang='lat' dir='ltr'>Marte</span> <span class='ocrx_word' id='word_1_274' title='bbox 954 3102 1060 3165; x_wconf 82' lang='lat' dir='ltr'>fortior</span> <span class='ocrx_word' id='word_1_275' title='bbox 1087 3112 1153 3165; x_wconf 91' lang='lat' dir='ltr'>est:</span> <span class='ocrx_word' id='word_1_276' title='bbox 1184 3112 1280 3166; x_wconf 88' lang='lat' dir='ltr'>totam</span> <span class='ocrx_word' id='word_1_277' title='bbox 1308 3103 1472 3166; x_wconf 87' lang='lat' dir='ltr'>distantiae</span> 
     </span>
     <span class='ocr_line' id='line_1_32' title="bbox 113 3189 1472 3273; baseline 0.003 -22"><span class='ocrx_word' id='word_1_278' title='bbox 113 3190 244 3252; x_wconf 89' lang='lat' dir='ltr'>Martiae</span> <span class='ocrx_word' id='word_1_279' title='bbox 267 3190 446 3270; x_wconf 87' lang='lat' dir='ltr'>particulam</span> <span class='ocrx_word' id='word_1_280' title='bbox 467 3191 598 3253; x_wconf 88' lang='lat' dir='ltr'>amittet.</span> <span class='ocrx_word' id='word_1_281' title='bbox 635 3192 702 3251; x_wconf 89' lang='lat' dir='ltr'>Hoc</span> <span class='ocrx_word' id='word_1_282' title='bbox 726 3189 813 3251; x_wconf 81' lang='lat' dir='ltr'>facile</span> <span class='ocrx_word' id='word_1_283' title='bbox 836 3191 871 3250; x_wconf 88' lang='lat' dir='ltr'>iit</span> <span class='ocrx_word' id='word_1_284' title='bbox 893 3209 947 3268; x_wconf 91' lang='lat' dir='ltr'>per</span> <span class='ocrx_word' id='word_1_285' title='bbox 970 3192 1104 3270; x_wconf 86' lang='lat' dir='ltr'>regulam</span> <span class='ocrx_word' id='word_1_286' title='bbox 1128 3192 1217 3255; x_wconf 82' lang='lat' dir='ltr'>salsi:</span> <span class='ocrx_word' id='word_1_287' title='bbox 1241 3211 1320 3272; x_wconf 92' lang='lat' dir='ltr'>pono</span> <span class='ocrx_word' id='word_1_288' title='bbox 1343 3211 1472 3273; x_wconf 87' lang='lat' dir='ltr'>namque</span> 
     </span>
     <span class='ocr_line' id='line_1_33' title="bbox 112 3273 1470 3362; baseline 0.002 -22"><span class='ocrx_word' id='word_1_289' title='bbox 112 3280 230 3341; x_wconf 86' lang='lat' dir='ltr'>radium</span> <span class='ocrx_word' id='word_1_290' title='bbox 253 3279 382 3343; x_wconf 83' lang='lat' dir='ltr'>Telluris</span> <span class='ocrx_word' id='word_1_291' title='bbox 407 3274 446 3341; x_wconf 85' lang='lat' dir='ltr'>ad</span> <span class='ocrx_word' id='word_1_292' title='bbox 468 3277 611 3342; x_wconf 87' lang='lat' dir='ltr'>Martium</span> <span class='ocrx_word' id='word_1_293' title='bbox 635 3297 703 3339; x_wconf 86' lang='lat' dir='ltr'>esse</span> <span class='ocrx_word' id='word_1_294' title='bbox 727 3285 762 3339; x_wconf 94' lang='grc' dir='ltr'>ιιι</span> <span class='ocrx_word' id='word_1_295' title='bbox 784 3273 850 3340; x_wconf 89' lang='grc'>694</span> <span class='ocrx_word' id='word_1_296' title='bbox 872 3279 910 3340; x_wconf 88' lang='lat' dir='ltr'>ad</span> <span class='ocrx_word' id='word_1_297' title='bbox 938 3275 1036 3354; x_wconf 93' lang='grc'>1000,</span> <span class='ocrx_word' id='word_1_298' title='bbox 1061 3297 1146 3358; x_wconf 81' lang='lat' dir='ltr'>ergo,</span> <span class='ocrx_word' id='word_1_299' title='bbox 1170 3281 1285 3362; x_wconf 91' lang='lat' dir='ltr'>inquio,</span> <span class='ocrx_word' id='word_1_300' title='bbox 1310 3281 1336 3343; x_wconf 90' lang='lat' dir='ltr'>si</span> <span class='ocrx_word' id='word_1_301' title='bbox 1359 3282 1470 3360; x_wconf 91' lang='lat' dir='ltr'>ampli·</span> 
     </span>
     <span class='ocr_line' id='line_1_34' title="bbox 112 3364 1471 3447; baseline 0.002 -18"><span class='ocrx_word' id='word_1_302' title='bbox 112 3369 186 3429; x_wconf 90' lang='lat' dir='ltr'>tudo</span> <span class='ocrx_word' id='word_1_303' title='bbox 209 3367 311 3429; x_wconf 91' lang='lat' dir='ltr'>circuli</span> <span class='ocrx_word' id='word_1_304' title='bbox 335 3386 389 3447; x_wconf 88' lang='lat' dir='ltr'>per</span> <span class='ocrx_word' id='word_1_305' title='bbox 407 3364 492 3430; x_wconf 90' lang='grc'>1000</span> <span class='ocrx_word' id='word_1_306' title='bbox 515 3375 623 3428; x_wconf 90' lang='lat' dir='ltr'>notata</span> <span class='ocrx_word' id='word_1_307' title='bbox 645 3366 871 3447; x_wconf 89' lang='lat' dir='ltr'>perambulatur</span> <span class='ocrx_word' id='word_1_308' title='bbox 893 3368 965 3428; x_wconf 84' lang='lat' dir='ltr'>avi</span> <span class='ocrx_word' id='word_1_309' title='bbox 988 3369 1114 3430; x_wconf 86' lang='lat' dir='ltr'>metrice</span> <span class='ocrx_word' id='word_1_310' title='bbox 1129 3369 1243 3431; x_wconf 90' lang='lat' dir='ltr'>Martia</span> <span class='ocrx_word' id='word_1_311' title='bbox 1267 3367 1331 3432; x_wconf 88' lang='grc'>687</span> <span class='ocrx_word' id='word_1_312' title='bbox 1356 3369 1471 3443; x_wconf 90' lang='lat' dir='ltr'>diebus,</span> 
     </span>
     <span class='ocr_line' id='line_1_35' title="bbox 113 3447 1470 3535; baseline 0.002 -19"><span class='ocrx_word' id='word_1_313' title='bbox 113 3455 371 3535; x_wconf 89' lang='lat' dir='ltr'>perambulabitur</span> <span class='ocrx_word' id='word_1_314' title='bbox 394 3456 501 3519; x_wconf 90' lang='lat' dir='ltr'>eadem</span> <span class='ocrx_word' id='word_1_315' title='bbox 524 3455 555 3516; x_wconf 90' lang='lat' dir='ltr'>vi</span> <span class='ocrx_word' id='word_1_316' title='bbox 577 3455 692 3517; x_wconf 87' lang='lat' dir='ltr'>Martia</span> <span class='ocrx_word' id='word_1_317' title='bbox 716 3454 844 3516; x_wconf 88' lang='lat' dir='ltr'>circulus</span> <span class='ocrx_word' id='word_1_318' title='bbox 867 3454 979 3530; x_wconf 90' lang='lat' dir='ltr'>minor,</span> <span class='ocrx_word' id='word_1_319' title='bbox 1014 3474 1068 3535; x_wconf 89' lang='lat' dir='ltr'>per</span> <span class='ocrx_word' id='word_1_320' title='bbox 1099 3453 1165 3520; x_wconf 90' lang='grc'>694</span> <span class='ocrx_word' id='word_1_321' title='bbox 1192 3447 1333 3532; x_wconf 84' lang='lat' dir='ltr'>notatus,</span> <span class='ocrx_word' id='word_1_322' title='bbox 1365 3457 1470 3520; x_wconf 90' lang='lat' dir='ltr'>diebus</span> 
     </span>
     <span class='ocr_line' id='line_1_36' title="bbox 111 3541 1469 3625; baseline -0.001 -17"><span class='ocrx_word' id='word_1_323' title='bbox 111 3543 189 3608; x_wconf 89' lang='grc'>477.</span> <span class='ocrx_word' id='word_1_324' title='bbox 237 3545 306 3618; x_wconf 82' lang='lat' dir='ltr'>,lam</span> <span class='ocrx_word' id='word_1_325' title='bbox 330 3544 401 3625; x_wconf 93' lang='lat' dir='ltr'>quia</span> <span class='ocrx_word' id='word_1_326' title='bbox 424 3551 539 3606; x_wconf 86' lang='lat' dir='ltr'>certum</span> <span class='ocrx_word' id='word_1_327' title='bbox 562 3552 619 3617; x_wconf 86' lang='lat' dir='ltr'>est,</span> <span class='ocrx_word' id='word_1_328' title='bbox 645 3545 757 3606; x_wconf 89' lang='lat' dir='ltr'>Terrae</span> <span class='ocrx_word' id='word_1_329' title='bbox 780 3542 933 3604; x_wconf 89' lang='lat' dir='ltr'>circuitum</span> <span class='ocrx_word' id='word_1_330' title='bbox 958 3564 1104 3607; x_wconf 88' lang='lat' dir='ltr'>essenon</span> <span class='ocrx_word' id='word_1_331' title='bbox 1129 3541 1210 3620; x_wconf 89' lang='grc'>477,</span> <span class='ocrx_word' id='word_1_332' title='bbox 1236 3547 1290 3607; x_wconf 90' lang='lat' dir='ltr'>sed</span> <span class='ocrx_word' id='word_1_333' title='bbox 1314 3542 1378 3608; x_wconf 83' lang='lat'>365</span> <span class='ocrx_word' id='word_1_334' title='bbox 1403 3545 1469 3607; x_wconf 91' lang='lat' dir='ltr'>die-</span> 
     </span>
     <span class='ocr_line' id='line_1_37' title="bbox 113 3628 1470 3715; baseline -0.001 -19"><span class='ocrx_word' id='word_1_335' title='bbox 113 3654 196 3696; x_wconf 86' lang='lat' dir='ltr'>rum:</span> <span class='ocrx_word' id='word_1_336' title='bbox 225 3652 318 3713; x_wconf 82' lang='lat' dir='ltr'>pergo</span> <span class='ocrx_word' id='word_1_337' title='bbox 346 3653 400 3714; x_wconf 89' lang='lat' dir='ltr'>per</span> <span class='ocrx_word' id='word_1_338' title='bbox 427 3628 561 3714; x_wconf 74' lang='lat' dir='ltr'>regulam</span> <span class='ocrx_word' id='word_1_339' title='bbox 584 3633 736 3694; x_wconf 88' lang='lat' dir='ltr'>inversam</span> <span class='ocrx_word' id='word_1_340' title='bbox 763 3630 825 3692; x_wconf 92' lang='lat' dir='ltr'>sic:</span> <span class='ocrx_word' id='word_1_341' title='bbox 856 3630 920 3693; x_wconf 87' lang='lat' dir='ltr'>dies</span> <span class='ocrx_word' id='word_1_342' title='bbox 944 3628 1007 3694; x_wconf 86' lang='grc'>477</span> <span class='ocrx_word' id='word_1_343' title='bbox 1032 3644 1277 3696; x_wconf 89' lang='lat' dir='ltr'>consumerentm</span> <span class='ocrx_word' id='word_1_344' title='bbox 1299 3654 1318 3695; x_wconf 90' lang='lat' dir='ltr'>a</span> <span class='ocrx_word' id='word_1_345' title='bbox 1340 3632 1470 3715; x_wconf 89' lang='lat' dir='ltr'>simplici</span> 
     </span>
     <span class='ocr_line' id='line_1_38' title="bbox 112 3718 1469 3802; baseline 0.001 -21"><span class='ocrx_word' id='word_1_346' title='bbox 112 3723 142 3785; x_wconf 79' lang='lat' dir='ltr'>ui</span> <span class='ocrx_word' id='word_1_347' title='bbox 164 3722 298 3796; x_wconf 75' lang='lat' dir='ltr'>Martia:</span> <span class='ocrx_word' id='word_1_348' title='bbox 331 3728 474 3802; x_wconf 92' lang='lat' dir='ltr'>quantum</span> <span class='ocrx_word' id='word_1_349' title='bbox 501 3722 538 3783; x_wconf 90' lang='lat' dir='ltr'>de</span> <span class='ocrx_word' id='word_1_350' title='bbox 567 3721 596 3782; x_wconf 86' lang='lat' dir='ltr'>vi</span> <span class='ocrx_word' id='word_1_351' title='bbox 620 3721 734 3783; x_wconf 88' lang='lat' dir='ltr'>Martia</span> <span class='ocrx_word' id='word_1_352' title='bbox 759 3718 908 3781; x_wconf 89' lang='lat' dir='ltr'>consumit</span> <span class='ocrx_word' id='word_1_353' title='bbox 936 3720 1090 3782; x_wconf 91' lang='lat' dir='ltr'>circuitum</span> <span class='ocrx_word' id='word_1_354' title='bbox 1115 3718 1180 3784; x_wconf 88' lang='lat'>365</span> <span class='ocrx_word' id='word_1_355' title='bbox 1211 3742 1277 3784; x_wconf 90' lang='lat' dir='ltr'>curn</span> <span class='ocrx_word' id='word_1_356' title='bbox 1301 3723 1469 3802; x_wconf 89' lang='lat' dir='ltr'>quadrante</span> 
     </span>
     <span class='ocr_line' id='line_1_39' title="bbox 112 3805 1488 3891; baseline 0.001 -19"><span class='ocrx_word' id='word_1_357' title='bbox 112 3811 225 3873; x_wconf 91' lang='lat' dir='ltr'>dierum</span> <span class='ocrx_word' id='word_1_358' title='bbox 248 3829 303 3891; x_wconf 92' lang='lat' dir='ltr'>per</span> <span class='ocrx_word' id='word_1_359' title='bbox 325 3810 452 3873; x_wconf 90' lang='lat' dir='ltr'>eundem</span> <span class='ocrx_word' id='word_1_360' title='bbox 475 3809 630 3884; x_wconf 90' lang='lat' dir='ltr'>ambitum,</span> <span class='ocrx_word' id='word_1_361' title='bbox 655 3828 742 3888; x_wconf 89' lang='lat' dir='ltr'>quem</span> <span class='ocrx_word' id='word_1_362' title='bbox 764 3809 850 3870; x_wconf 88' lang='lat' dir='ltr'>Mars</span> <span class='ocrx_word' id='word_1_363' title='bbox 873 3808 1033 3871; x_wconf 85' lang='lat' dir='ltr'>conficeret</span> <span class='ocrx_word' id='word_1_364' title='bbox 1054 3805 1118 3872; x_wconf 89' lang='grc'>477</span> <span class='ocrx_word' id='word_1_365' title='bbox 1143 3810 1272 3873; x_wconf 88' lang='lat' dir='ltr'>diebus?</span> <span class='ocrx_word' id='word_1_366' title='bbox 1308 3811 1387 3872; x_wconf 89' lang='lat' dir='ltr'>Nam</span> <span class='ocrx_word' id='word_1_367' title='bbox 1411 3810 1488 3879; x_wconf 87' lang='lat' dir='ltr'>du··</span> 
     </span>
     <span class='ocr_line' id='line_1_40' title="bbox 111 3897 1471 3979; baseline 0.001 -19"><span class='ocrx_word' id='word_1_368' title='bbox 111 3901 192 3962; x_wconf 92' lang='lat' dir='ltr'>bium</span> <span class='ocrx_word' id='word_1_369' title='bbox 219 3919 277 3961; x_wconf 93' lang='lat' dir='ltr'>non</span> <span class='ocrx_word' id='word_1_370' title='bbox 312 3906 378 3972; x_wconf 89' lang='lat' dir='ltr'>est,</span> <span class='ocrx_word' id='word_1_371' title='bbox 414 3898 482 3979; x_wconf 93' lang='lat' dir='ltr'>quin</span> <span class='ocrx_word' id='word_1_372' title='bbox 516 3899 621 3960; x_wconf 85' lang='lat' dir='ltr'>fortior</span> <span class='ocrx_word' id='word_1_373' title='bbox 647 3898 743 3959; x_wconf 85' lang='lat' dir='ltr'>virtus</span> <span class='ocrx_word' id='word_1_374' title='bbox 771 3897 940 3976; x_wconf 89' lang='lat' dir='ltr'>requiratur·</span> <span class='ocrx_word' id='word_1_375' title='bbox 968 3914 1057 3976; x_wconf 92' lang='lat' dir='ltr'>quam</span> <span class='ocrx_word' id='word_1_376' title='bbox 1087 3905 1135 3958; x_wconf 90' lang='lat' dir='ltr'>est</span> <span class='ocrx_word' id='word_1_377' title='bbox 1157 3898 1279 3960; x_wconf 87' lang='lat' dir='ltr'>Martia.</span> <span class='ocrx_word' id='word_1_378' title='bbox 1326 3898 1471 3961; x_wconf 89' lang='lat' dir='ltr'>Pruvenit</span> 
     </span>
     <span class='ocr_line' id='line_1_41' title="bbox 111 3981 1468 4067; baseline 0 -18"><span class='ocrx_word' id='word_1_379' title='bbox 111 3989 203 4066; x_wconf 84' lang='lat' dir='ltr'>igitur</span> <span class='ocrx_word' id='word_1_380' title='bbox 234 4005 327 4067; x_wconf 89' lang='lat' dir='ltr'>snpra</span> <span class='ocrx_word' id='word_1_381' title='bbox 357 3987 508 4065; x_wconf 82' lang='lat' dir='ltr'>integram</span> <span class='ocrx_word' id='word_1_382' title='bbox 540 3987 601 4048; x_wconf 92' lang='lat' dir='ltr'>vim</span> <span class='ocrx_word' id='word_1_383' title='bbox 624 3986 768 4048; x_wconf 88' lang='lat' dir='ltr'>Martiam</span> <span class='ocrx_word' id='word_1_384' title='bbox 797 3986 895 4047; x_wconf 91' lang='lat' dir='ltr'>adbuc</span> <span class='ocrx_word' id='word_1_385' title='bbox 925 3981 1045 4066; x_wconf 58' lang='grc'>’000000</span> <span class='ocrx_word' id='word_1_386' title='bbox 1078 4005 1150 4065; x_wconf 89' lang='lat' dir='ltr'>pars</span> <span class='ocrx_word' id='word_1_387' title='bbox 1179 3986 1313 4066; x_wconf 91' lang='lat' dir='ltr'>ejusdem</span> <span class='ocrx_word' id='word_1_388' title='bbox 1334 3987 1468 4049; x_wconf 87' lang='lat' dir='ltr'>virtutis.</span> 
     </span>
     <span class='ocr_line' id='line_1_42' title="bbox 109 4073 1469 4155; baseline -0.001 -17"><span class='ocrx_word' id='word_1_389' title='bbox 109 4077 152 4138; x_wconf 84' lang='lat' dir='ltr'>Et</span> <span class='ocrx_word' id='word_1_390' title='bbox 174 4085 291 4139; x_wconf 91' lang='lat' dir='ltr'>tantum</span> <span class='ocrx_word' id='word_1_391' title='bbox 307 4076 410 4137; x_wconf 90' lang='lat' dir='ltr'>Tellus</span> <span class='ocrx_word' id='word_1_392' title='bbox 424 4076 525 4137; x_wconf 90' lang='lat' dir='ltr'>Marte</span> <span class='ocrx_word' id='word_1_393' title='bbox 549 4073 656 4136; x_wconf 81' lang='lat' dir='ltr'>fortior</span> <span class='ocrx_word' id='word_1_394' title='bbox 679 4083 745 4136; x_wconf 91' lang='lat' dir='ltr'>est:</span> <span class='ocrx_word' id='word_1_395' title='bbox 771 4075 861 4136; x_wconf 92' lang='lat' dir='ltr'>debet</span> <span class='ocrx_word' id='word_1_396' title='bbox 884 4074 976 4153; x_wconf 85' lang='lat' dir='ltr'>igitur</span> <span class='ocrx_word' id='word_1_397' title='bbox 999 4084 1031 4136; x_wconf 90' lang='lat' dir='ltr'>et</span> <span class='ocrx_word' id='word_1_398' title='bbox 1054 4075 1284 4155; x_wconf 77' lang='lat' dir='ltr'>tanto-propior</span> <span class='ocrx_word' id='word_1_399' title='bbox 1303 4093 1371 4136; x_wconf 91' lang='lat' dir='ltr'>esse</span> <span class='ocrx_word' id='word_1_400' title='bbox 1387 4074 1469 4150; x_wconf 78' lang='lat' dir='ltr'>Soli:</span> 
     </span>
     <span class='ocr_line' id='line_1_43' title="bbox 110 4160 1469 4245; baseline -0.001 -18"><span class='ocrx_word' id='word_1_401' title='bbox 110 4185 217 4245; x_wconf 90' lang='lat' dir='ltr'>nempe</span> <span class='ocrx_word' id='word_1_402' title='bbox 241 4167 267 4227; x_wconf 92' lang='lat' dir='ltr'>si</span> <span class='ocrx_word' id='word_1_403' title='bbox 290 4165 375 4226; x_wconf 89' lang='lat' dir='ltr'>Mars</span> <span class='ocrx_word' id='word_1_404' title='bbox 398 4183 453 4244; x_wconf 93' lang='lat' dir='ltr'>per</span> <span class='ocrx_word' id='word_1_405' title='bbox 479 4160 564 4226; x_wconf 90' lang='grc'>1000</span> <span class='ocrx_word' id='word_1_406' title='bbox 587 4184 606 4224; x_wconf 91' lang='lat' dir='ltr'>a</span> <span class='ocrx_word' id='word_1_407' title='bbox 630 4161 702 4224; x_wconf 89' lang='lat' dir='ltr'>Sole</span> <span class='ocrx_word' id='word_1_408' title='bbox 726 4164 854 4225; x_wconf 89' lang='lat' dir='ltr'>recessit</span> <span class='ocrx_word' id='word_1_409' title='bbox 880 4161 1041 4235; x_wconf 87' lang='lat' dir='ltr'>(distantia</span> <span class='ocrx_word' id='word_1_410' title='bbox 1064 4164 1142 4225; x_wconf 91' lang='lat' dir='ltr'>enim</span> <span class='ocrx_word' id='word_1_411' title='bbox 1166 4163 1327 4242; x_wconf 91' lang='lat' dir='ltr'>superioris</span> <span class='ocrx_word' id='word_1_412' title='bbox 1351 4183 1469 4243; x_wconf 89' lang='lat' dir='ltr'>semper</span> 
     </span>
     <span class='ocr_line' id='line_1_44' title="bbox 109 4247 1467 4335; baseline -0.004 -18"><span class='ocrx_word' id='word_1_413' title='bbox 109 4263 158 4317; x_wconf 89' lang='lat' dir='ltr'>est</span> <span class='ocrx_word' id='word_1_414' title='bbox 180 4257 329 4334; x_wconf 85' lang='lat' dir='ltr'>integrum</span> <span class='ocrx_word' id='word_1_415' title='bbox 353 4253 447 4333; x_wconf 60' lang='lat' dir='ltr'>quid)</span> <span class='ocrx_word' id='word_1_416' title='bbox 464 4251 565 4314; x_wconf 86' lang='lat' dir='ltr'>Tellus</span> <span class='ocrx_word' id='word_1_417' title='bbox 584 4271 639 4332; x_wconf 91' lang='lat' dir='ltr'>per</span> <span class='ocrx_word' id='word_1_418' title='bbox 653 4247 717 4314; x_wconf 87' lang='grc'>306</span> <span class='ocrx_word' id='word_1_419' title='bbox 733 4271 837 4313; x_wconf 88' lang='lat' dir='ltr'>earum</span> <span class='ocrx_word' id='word_1_420' title='bbox 859 4252 988 4331; x_wconf 91' lang='lat' dir='ltr'>partium</span> <span class='ocrx_word' id='word_1_421' title='bbox 1011 4252 1133 4331; x_wconf 90' lang='lat' dir='ltr'>propior</span> <span class='ocrx_word' id='word_1_422' title='bbox 1156 4251 1233 4335; x_wconf 86' lang='lat' dir='ltr'>erit:</span> <span class='ocrx_word' id='word_1_423' title='bbox 1258 4260 1290 4313; x_wconf 89' lang='lat' dir='ltr'>et</span> <span class='ocrx_word' id='word_1_424' title='bbox 1313 4253 1467 4314; x_wconf 89' lang='lat' dir='ltr'>subtracto</span> 
     </span>
     <span class='ocr_line' id='line_1_45' title="bbox 110 4337 1467 4423; baseline -0.003 -19"><span class='ocrx_word' id='word_1_425' title='bbox 110 4342 255 4423; x_wconf 86' lang='lat' dir='ltr'>superiori</span> <span class='ocrx_word' id='word_1_426' title='bbox 279 4337 343 4404; x_wconf 88' lang='lat'>306</span> <span class='ocrx_word' id='word_1_427' title='bbox 367 4341 407 4403; x_wconf 91' lang='lat' dir='ltr'>ab</span> <span class='ocrx_word' id='word_1_428' title='bbox 429 4339 561 4403; x_wconf 85' lang='lat' dir='ltr'>inferiori</span> <span class='ocrx_word' id='word_1_429' title='bbox 584 4337 678 4412; x_wconf 89' lang='grc'>1000,</span> <span class='ocrx_word' id='word_1_430' title='bbox 703 4340 793 4401; x_wconf 89' lang='lat' dir='ltr'>debet</span> <span class='ocrx_word' id='word_1_431' title='bbox 815 4340 973 4420; x_wconf 85' lang='lat' dir='ltr'>provenire</span> <span class='ocrx_word' id='word_1_432' title='bbox 996 4359 1136 4403; x_wconf 90' lang='lat' dir='ltr'>numerus</span> <span class='ocrx_word' id='word_1_433' title='bbox 1159 4340 1245 4402; x_wconf 91' lang='lat' dir='ltr'>initio</span> <span class='ocrx_word' id='word_1_434' title='bbox 1268 4340 1395 4419; x_wconf 87' lang='lat' dir='ltr'>positus,</span> <span class='ocrx_word' id='word_1_435' title='bbox 1419 4340 1467 4400; x_wconf 89' lang='lat' dir='ltr'>vi-</span> 
     </span>
     <span class='ocr_line' id='line_1_46' title="bbox 109 4426 1466 4509; baseline -0.003 -15"><span class='ocrx_word' id='word_1_436' title='bbox 109 4433 219 4494; x_wconf 90' lang='lat' dir='ltr'>delicet</span> <span class='ocrx_word' id='word_1_437' title='bbox 241 4426 316 4505; x_wconf 88' lang='grc'>094,</span> <span class='ocrx_word' id='word_1_438' title='bbox 341 4429 367 4491; x_wconf 92' lang='lat' dir='ltr'>si</span> <span class='ocrx_word' id='word_1_439' title='bbox 391 4449 463 4492; x_wconf 90' lang='lat' dir='ltr'>vera</span> <span class='ocrx_word' id='word_1_440' title='bbox 487 4428 544 4491; x_wconf 81' lang='lat' dir='ltr'>tuit</span> <span class='ocrx_word' id='word_1_441' title='bbox 567 4429 620 4490; x_wconf 86' lang='lat' dir='ltr'>illa</span> <span class='ocrx_word' id='word_1_442' title='bbox 643 4427 773 4508; x_wconf 79' lang='lat' dir='ltr'>positio:</span> <span class='ocrx_word' id='word_1_443' title='bbox 798 4429 842 4490; x_wconf 89' lang='lat' dir='ltr'>sin</span> <span class='ocrx_word' id='word_1_444' title='bbox 868 4429 947 4491; x_wconf 84' lang='lat' dir='ltr'>falsa</span> <span class='ocrx_word' id='word_1_445' title='bbox 966 4428 1054 4507; x_wconf 83' lang='lat' dir='ltr'>foret,</span> <span class='ocrx_word' id='word_1_446' title='bbox 1079 4448 1150 4509; x_wconf 85' lang='lat' dir='ltr'>ergo</span> <span class='ocrx_word' id='word_1_447' title='bbox 1170 4428 1338 4508; x_wconf 90' lang='lat' dir='ltr'>operareris</span> <span class='ocrx_word' id='word_1_448' title='bbox 1357 4448 1466 4490; x_wconf 89' lang='lat' dir='ltr'>secun-</span> 
     </span>
     <span class='ocr_line' id='line_1_47' title="bbox 108 4516 1064 4602; baseline -0.004 -19"><span class='ocrx_word' id='word_1_449' title='bbox 108 4521 177 4583; x_wconf 90' lang='lat' dir='ltr'>dum</span> <span class='ocrx_word' id='word_1_450' title='bbox 200 4527 365 4602; x_wconf 89' lang='lat' dir='ltr'>praecepta</span> <span class='ocrx_word' id='word_1_451' title='bbox 386 4519 524 4599; x_wconf 80' lang='lat' dir='ltr'>regulae,</span> <span class='ocrx_word' id='word_1_452' title='bbox 548 4525 580 4578; x_wconf 90' lang='lat' dir='ltr'>et</span> <span class='ocrx_word' id='word_1_453' title='bbox 602 4517 726 4578; x_wconf 90' lang='lat' dir='ltr'>eliceres</span> <span class='ocrx_word' id='word_1_454' title='bbox 750 4536 853 4578; x_wconf 89' lang='lat' dir='ltr'>veram</span> <span class='ocrx_word' id='word_1_455' title='bbox 876 4516 1064 4598; x_wconf 91' lang='lat' dir='ltr'>positionem.</span> 
     </span>
    </p>

    <p class='ocr_par' dir='ltr' id='par_1_11' title="bbox 107 4603 1469 4774">
     <span class='ocr_line' id='line_1_48' title="bbox 196 4603 1467 4686; baseline -0.002 -16"><span class='ocrx_word' id='word_1_456' title='bbox 196 4608 294 4671; x_wconf 82' lang='lat' dir='ltr'>Vides</span> <span class='ocrx_word' id='word_1_457' title='bbox 318 4607 374 4670; x_wconf 88' lang='lat' dir='ltr'>hoc</span> <span class='ocrx_word' id='word_1_458' title='bbox 396 4607 493 4669; x_wconf 88' lang='lat' dir='ltr'>altero</span> <span class='ocrx_word' id='word_1_459' title='bbox 517 4606 704 4667; x_wconf 88' lang='lat' dir='ltr'>theoremate</span> <span class='ocrx_word' id='word_1_460' title='bbox 726 4604 883 4685; x_wconf 85' lang='lat' dir='ltr'>provenire</span> <span class='ocrx_word' id='word_1_461' title='bbox 906 4623 964 4666; x_wconf 91' lang='lat' dir='ltr'>nun</span> <span class='ocrx_word' id='word_1_462' title='bbox 989 4603 1080 4680; x_wconf 82' lang='lat' dir='ltr'>alios,</span> <span class='ocrx_word' id='word_1_463' title='bbox 1104 4624 1194 4686; x_wconf 91' lang='lat' dir='ltr'>quarn</span> <span class='ocrx_word' id='word_1_464' title='bbox 1216 4603 1386 4684; x_wconf 87' lang='lat' dir='ltr'>superiores</span> <span class='ocrx_word' id='word_1_465' title='bbox 1409 4623 1467 4667; x_wconf 90' lang='lat' dir='ltr'>nu·</span> 
     </span>
     <span class='ocr_line' id='line_1_49' title="bbox 107 4693 1469 4774; baseline -0.004 -11"><span class='ocrx_word' id='word_1_466' title='bbox 107 4718 220 4763; x_wconf 88' lang='lat' dir='ltr'>merus:</span> <span class='ocrx_word' id='word_1_467' title='bbox 244 4697 323 4763; x_wconf 90' lang='lat' dir='ltr'>unde</span> <span class='ocrx_word' id='word_1_468' title='bbox 338 4705 451 4761; x_wconf 90' lang='lat' dir='ltr'>certum</span> <span class='ocrx_word' id='word_1_469' title='bbox 466 4704 515 4758; x_wconf 90' lang='lat' dir='ltr'>est</span> <span class='ocrx_word' id='word_1_470' title='bbox 529 4695 587 4757; x_wconf 89' lang='lat' dir='ltr'>duo</span> <span class='ocrx_word' id='word_1_471' title='bbox 605 4695 667 4758; x_wconf 88' lang='lat' dir='ltr'>ista</span> <span class='ocrx_word' id='word_1_472' title='bbox 681 4694 871 4758; x_wconf 87' lang='lat' dir='ltr'>theoremata</span> <span class='ocrx_word' id='word_1_473' title='bbox 885 4694 981 4757; x_wconf 80' lang='lat' dir='ltr'>forma</span> <span class='ocrx_word' id='word_1_474' title='bbox 1004 4694 1123 4774; x_wconf 85' lang='lat' dir='ltr'>quidem</span> <span class='ocrx_word' id='word_1_475' title='bbox 1139 4693 1267 4770; x_wconf 87' lang='lat' dir='ltr'>differre,</span> <span class='ocrx_word' id='word_1_476' title='bbox 1292 4693 1347 4756; x_wconf 90' lang='lat' dir='ltr'>sed</span> <span class='ocrx_word' id='word_1_477' title='bbox 1361 4711 1469 4758; x_wconf 86' lang='lat' dir='ltr'>revera</span> 
     </span>
    </p>
   </div>
   <div class='ocr_carea' id='block_1_9' title="bbox 0 0 1718 5542">
    <p class='ocr_par' dir='ltr' id='par_1_12' title="bbox 0 0 1718 5542">
     <span class='ocr_line' id='line_1_50' title="bbox 0 0 1718 5542; baseline 0 2"><span class='ocrx_word' id='word_1_478' title='bbox 0 0 1718 5542; x_wconf 95' lang='lat' dir='ltr'> </span> 
     </span>
    </p>
   </div>
  </div>
 </body>
</html>
