3428 5542
257 326 321 394 346
680 331 780 382 Literna
800 331 901 396 Kepleri
920 331 1070 397 aliorumque
1089 340 1190 384 mutuae

227 520 228 524 =
255 493 329 546 ralet.
349 498 375 540 et
392 506 432 541 rea
451 490 612 555 adOptlcam
630 492 729 556 aliaque
748 492 900 555 pertinentes
920 493 1087 542 astronomica
1105 493 1235 545 sollicitum
1247 501 1335 545 teuent
1347 495 1496 545 Fabricium
1527 493 1616 555 Quare

255 563 373 645 prioribus
391 577 474 626 pauca
485 568 584 612 tautum
597 563 758 628 adjungenda
769 570 840 620 sunt
860 576 923 627 quae
936 571 1051 626 spectant
1062 565 1128 614 hano
1140 580 1239 628 operum
1252 566 1354 631 Repleri
1367 572 1476 630 partem,
1494 568 1536 616 oui
1550 565 1617 614 baec

255 635 435 698 praemisimus.
472 632 588 683 Proxima
605 634 707 697 Kepleri
726 633 846 697 epistola,
866 634 968 683 datad.
992 633 1032 682 18.
1047 635 1108 684 Dec
1123 632 1206 690 1001.
1225 638 1298 700 plane
1312 638 1370 687 nihil
1384 639 1469 692 babet,
1488 636 1616 700 quodlrnc

254 706 370 768 pertinet
414 705 559 768 Eaequenti
573 704 608 767 (d
626 705 666 753 ll.
682 703 739 754 Oct.
757 701 837 764 ¹605)
852 712 962 767 apparet,
982 721 1030 754 nou
1041 721 1161 755 remisisse
1175 709 1280 758 Fabricii
1293 709 1413 758 scribendi
1427 708 1545 762 smmum,
1558 722 1616 756 cum

255 776 378 839 Keplerus
397 776 430 824 ad
443 772 458 823 0
479 779 531 838 ejus
550 776 633 825 literas
646 791 792 840 perannum
808 773 874 824 1605
889 776 940 825 ad
933 791 1013 839 tpsum
1026 778 1099 826 datas
1111 780 1181 828 simul
1194 780 1351 842 responderit.
1384 780 1512 843 Pergimua
1525 778 1616 828 eadem

255 843 306 915 qiua
323 853 401 896 autea
418 849 522 923 ratione,
546 862 631 896 omnes
647 848 693 897 has
707 848 813 897 Fabricii
825 848 967 900 omittentes
980 850 1146 911 quaestiones,
1166 851 1270 915 adquas
1283 866 1331 900 non
1344 851 1469 914 respondit
1480 851 1614 913 Keplerus

327 900 494 968 Fabricius
514 882 551 979 11.
566 914 701 981 [ldliau
718 914 812 978 1005)ι
833 917 1058 978 Quomodolinea
1076 921 1255 971 meridiana
1266 919 1615 1007 'deprehenditursubpolisi

347 988 547 1069 Keplerus:
581 990 628 1051 De
653 990 819 1051 meridiana
842 989 897 1051 sub
920 991 989 1069 polo
1014 993 1185 1069 quaerenda
1214 994 1371 1072 scripsisse
1395 1013 1444 1055 me
1468 993 1541 1054 olim
1565 1000 1616 1054 sat

256 1077 387 1139 memini.
437 1075 567 1148 Quaeris
592 1079 761 1159 oppositum
786 1079 814 1140 in
842 1079 977 1157 adjecto,
1003 1080 1031 1140 id
1056 1099 1176 1160 nempe,
1208 1082 1285 1161 qood
1318 1089 1449 1144 nonest
1479 1081 1538 1142 nisi
1563 1100 1614 1142 re·

256 1175 362 1245 spectu
387 1165 444 1228 loci
468 1167 595 1247 alicujus
620 1168 647 1228 in
673 1169 776 1242 Terra,
802 1178 836 1229 ut
857 1168 1069 1248 Nordwegiae,
1094 1170 1283 1242 Messenae,
1307 1169 1481 1233 Hiberniae.
1529 1170 1616 1231 Tunc

257 1275 314 1316 noo
340 1256 466 1328 coelum,
491 1256 545 1316 sed
569 1256 663 1317 Terra
686 1257 885 1330 consulenda;
918 1265 1096 1337 prospectus
1117 1277 1237 1338 nempe,
1263 1268 1317 1321 aut
1339 1260 1364 1320 si
1389 1261 1465 1320 torte
1488 1277 1616 1339 magnes

255 1344 423 1419 intueatur,
457 1345 494 1405 de
527 1363 584 1424 qno
619 1344 789 1418 Gilbertus;
823 1345 955 1407 declinat
987 1366 1093 1428 nempe
1126 1368 1145 1408 a
1177 1348 1245 1426 polo
1277 1349 1316 1410 ad
1347 1357 1450 1430 partes
1476 1348 1613 1428 potiores

256 1441 410 1504 terrarum,
437 1435 621 1495 exstantium
646 1453 684 1494 ex
707 1430 838 1514 aquis.⁶)

237 1547 240 1553 ·
326 1523 507 1572 Fabricius:
530 1522 557 1572 si
576 1538 606 1572 ex
624 1523 717 1586 aliquot
735 1523 889 1585 acronychiis
906 1523 934 1583 ᾖ,
960 1524 1033 1588 longo
1052 1530 1161 1587 tempore
1188 1524 1349 1580 distantibus.
1379 1525 1411 1573 ad
1430 1525 1561 1573 minimum
1580 1521 1615 1573 20

255 1596 334 1648 annis.
355 1594 528 1643 ecceutricitas
547 1600 573 1643 et
591 1607 730 1659 apogaeum
747 1595 834 1658 inquiri
853 1595 952 1651 debent,
971 1596 1105 1658 quaeritur.
1125 1610 1157 1645 an
1176 1612 1224 1645 non
1244 1596 1328 1659 aliqua
1346 1598 1454 1645 varietas
1472 1597 1612 1659 ingeratur,

253 1665 291 1714 ita
310 1672 338 1713 ut
356 1679 440 1712 rerum
468 1679 607 1728 apogaeum
632 1665 670 1714 rel
697 1664 820 1727 aphelium
847 1666 900 1714 dari
925 1681 974 1714 nou
999 1667 1093 1729 possit,
1120 1682 1175 1715 cum
1202 1668 1311 1716 dirersae
1336 1668 1520 1716 observationes
1540 1667 1556 1720 it
1575 1667 1611 1715 di·

252 1751 325 1785 versa
344 1736 420 1784 etiam
438 1737 574 1798 respiciant
592 1733 725 1800 apogaea?
763 1737 796 1784 Et
814 1737 932 1799 quomodo
952 1739 1025 1785 errori
1044 1734 1075 1797 (si
1089 1739 1142 1802 quis
1162 1739 1218 1788 inde
1237 1736 1373 1798 redundet)
1397 1738 1548 1787 obviandum
1566 1739 1614 1787 sit?

342 1804 548 1883 Keplerus:
575 1807 680 1881 Putas,
705 1807 785 1868 intra
809 1804 851 1869 30
876 1828 969 1868 annos
993 1808 1108 1869 reditus
1131 1806 1151 1887 ii
1175 1811 1285 1871 mutari
1306 1829 1472 1888 apogaeum
1499 1809 1612 1872 intole-

252 1895 398 1957 rabiliter.
447 1894 586 1970 Quaeris,
612 1899 757 1975 quomodo
783 1896 959 1957 medendum
983 1897 1012 1958 in
1029 1898 1218 1959 restitutione
1243 1898 1327 1977 ejus?
1372 1898 1443 1959 Jam
1459 1898 1609 1960 hocPto·

253 1984 386 2046 lemaeus
411 1983 439 2043 in
464 1985 552 2045 Luna
575 1985 685 2046 docuit.
733 1985 884 2047 Utendum
908 1993 1037 2046 estnon
1062 1987 1189 2048 arcubus
1214 1987 1267 2047 sub
1292 1987 1426 2060 zodiaco,
1452 1988 1508 2047 sed
1532 2007 1609 2048 ano·

252 2073 352 2134 maliis
377 2071 562 2153 simplicibus
587 2082 619 2135 et
641 2073 827 2154 coaequatis,
853 2073 988 2154 quamvis
1013 2076 1111 2135 hercle
1136 2075 1329 2155 perexiguum
1353 2076 1409 2136 hoc
1435 2085 1493 2150 est,
1519 2075 1609 2157 quid·

253 2159 323 2242 quid
354 2169 411 2222 est.
458 2161 569 2223 Martis
601 2182 695 2242 aeque
730 2162 818 2223 velox
847 2172 895 2223 est
923 2163 1075 2242 aplrelinm
1105 2167 1367 2244 quamproxime,
1403 2163 1476 2225 nihil
1510 2173 1612 2225 tamen

253 2248 324 2311 mihi
349 2251 450 2311 nocuit
473 2251 521 2312 hio
545 2259 644 2312 motus
668 2251 834 2329 neglectus,
860 2253 996 2332 quamvis
1021 2254 1047 2312 ei
1071 2254 1167 2333 major
1191 2252 1410 2314 eccentricitas.

324 2338 511 2388 Fabricius:
532 2339 737 2404 compendiosam
762 2346 830 2389 tuam
851 2339 938 2389 Lunae
958 2340 1014 2390 loca
1033 2357 1062 2390 ex
1081 2343 1217 2390 canonibus
1236 2342 1383 2403 Tychonicis
1403 2340 1553 2405 supputandi
1573 2355 1613 2390 ra·

252 2411 344 2459 tionmn
364 2410 422 2459 nrihi
442 2413 617 2471 communices,
638 2426 739 2474 quaeso.

343 2483 550 2560 Keplerus:
585 2482 631 2543 De
664 2484 768 2543 Lunae
798 2483 974 2561 compendio
1003 2485 1068 2561 jam
1101 2502 1192 2562 saepe
1227 2483 1376 2561 respondi.
1434 2483 1508 2544 Plus
1542 2481 1613 2543 mihi

252 2571 364 2633 laboris
388 2571 594 2632 insumendum
618 2572 647 2632 in
679 2572 885 2644 describendo,
917 2589 1006 2650 quam
1040 2571 1143 2631 decern
1177 2570 1229 2631 alii
1252 2572 1373 2649 capient
1405 2571 1549 2633 utilitatis
1583 2572 1612 2631 in

252 2661 374 2723 utendo.
423 2657 639 2740 compendium
664 2669 711 2722 est
735 2660 892 2739 dispendio
916 2658 1030 2732 simile,
1063 2659 1092 2719 in
1123 2678 1179 2738 quo
1203 2678 1277 2738 pene
1303 2660 1375 2721 nihil
1402 2660 1529 2733 tollitur,
1555 2659 1613 2720 nisi

252 2749 449 2829 triangulum,
483 2750 561 2828 qnod
591 2769 648 2810 non
674 2750 815 2823 solvitur,
850 2757 882 2809 et
914 2757 1046 2810 motuum
1071 2748 1234 2809 mediorum
1268 2767 1325 2809 non
1349 2748 1468 2811 littam
1493 2749 1615 2828 prolixa

252 2838 377 2899 additio.
426 2836 459 2899 Si
483 2838 653 2916 exemplum
677 2838 828 2910 haberem,
853 2838 942 2916 plane
967 2857 1024 2899 non
1050 2857 1201 2914 negarem.

323 2927 509 2975 Fabricius:
530 2926 608 2990 Cupio
627 2941 657 2975 ex
671 2934 695 2976 te
716 2942 875 2991 cognoscere,
895 2941 927 2975 au
946 2927 1026 2975 nullus
1046 2941 1076 2975 ex
1093 2927 1203 2990 proiesso
1222 2927 1346 2989 scripserit
1364 2926 1395 2974 de
1414 2926 1549 2976 collatione
1568 2941 1613 2976 au·

251 3012 337 3046 norum
357 2999 555 3046 observationum
574 3000 681 3047 omnium
700 2997 853 3047 Ptolemaei?

340 3087 543 3169 Keplerus:
576 3086 742 3149 Ptolemaei
768 3087 932 3149 observata
964 3087 1106 3166 pleraque
1136 3086 1315 3166 Buntyngus
1350 3086 1376 3145 in
1404 3085 1613 3166 Clrronologia

251 3177 288 3236 ad
314 3175 457 3236 calculum
485 3173 722 3254 Copernieanum
746 3176 940 3238 examinavit.
989 3176 1114 3236 Praeter
1137 3173 1214 3234 hunc
1239 3175 1301 3235 scio
1321 3174 1478 3237 nerninem.

323 3282 502 3331 Fabricius:
532 3280 678 3340 Quaeritur,
707 3296 740 3330 an
759 3284 862 3331 variatio
882 3282 1073 3330 eccentricitatis
1093 3279 1185 3329 Solaris
1212 3294 1297 3329 rerera
1320 3281 1483 3329 mutationem
1503 3280 1612 3343 aliquam

251 3355 349 3419 ingerat
367 3360 503 3402 ceterorum
521 3352 646 3400 motibus?
684 3353 791 3402 Dubium
810 3355 875 3402 euim
904 3352 950 3401 hoc
969 3354 1073 3414 primum
1092 3353 1137 3400 erit
1157 3351 1388 3405 demonstrandum.
1417 3367 1473 3399 cum
1495 3351 1611 3401 observa·

250 3425 330 3474 tioues
349 3425 485 3474 Ptolemaei
509 3426 558 3473 siut
577 3424 627 3473 lato
647 3425 718 3473 modo
738 3432 866 3487 acceptae,
893 3439 938 3473 nec
958 3438 1040 3472 reram
1060 3424 1270 3472 eccentricitatem
1300 3422 1331 3470 ad
1350 3423 1413 3470 illius
1432 3430 1547 3485 tempora
1570 3438 1612 3471 er·

249 3497 334 3547 hibere
352 3504 463 3560 possunt.

340 3584 548 3665 Keplerus:
573 3583 794 3645 Eccentricitas
811 3580 904 3655 Solis,
930 3582 954 3641 si
979 3581 1049 3641 olim
1075 3582 1132 3642 luit
1154 3582 1258 3661 major,
1284 3583 1353 3651 ind
1381 3577 1431 3642 lli‘
1455 3601 1481 3644 c.
1509 3584 1611 3644 varie-

253 3683 345 3736 tatem
375 3683 478 3753 poteat
506 3673 651 3750 ingerere.
697 3672 792 3732 Ecce:
825 3672 866 3732 sit
895 3679 919 3740 ό
951 3671 979 3731 in
1009 3670 1168 3748 perihelio,
1205 3668 1244 3746 Θ
1275 3671 1303 3731 in
1335 3669 1463 3749 aphelio.
1512 3669 1612 3741 Sit&

252 3762 441 3825 distantiae
466 3759 505 3838 Θ
531 3758 672 3832 438300,
700 3759 739 3836 Θ
771 3757 912 3822 102100.
958 3761 991 3821 ln
1015 3759 1127 3820 tabulis
1151 3760 1225 3820 meis
1249 3760 1350 3838 prodit
1374 3758 1463 3820 index
1491 3756 1611 3824 15058.

252 3851 295 3912 At
318 3852 389 3913 Sole
414 3851 547 3911 distante
576 3847 720 3915 101800,
752 3857 784 3908 ut
808 3849 910 3921 ltodie,
943 3848 1031 3908 index
1062 3857 1108 3908 est
1137 3845 1253 3910 15202.
1302 3848 1448 3908 Doctrina
1477 3849 1611 3910 iudicum

251 3939 374 4001 exhibet
401 3937 451 4002 ¹6⁴
476 3936 551 4002 38“.
601 3940 632 4000 ln
658 3938 683 4009 Q
708 3939 804 4016 major
827 3945 929 4016 potest
953 3937 1135 4015 contingere,
1161 3937 1189 3997 io
1211 3937 1321 3998 ceteris
1345 3938 1450 3998 minor.
1499 3937 1612 3998 Modus

252 4029 325 4090 baec
354 4029 529 4108 explorandi
556 4030 621 4106 jam
648 4027 763 4106 pridem
799 4027 868 4086 nrilri
901 4025 1071 4086 destinatus
1096 4035 1143 4086 est
1173 4044 1227 4104 per
1249 4045 1338 4086 unam
1363 4024 1611 4087 observationem

251 4114 417 4178 Ptolemaei
443 4116 471 4178 in
496 4125 520 4187 (ς
546 4116 697 4189 habitam,
732 4113 808 4176 ex5
835 4116 862 4175 in
888 4115 1073 4176 universum:
1108 4114 1136 4175 in
1162 4114 1214 4176 illa
1238 4122 1262 4184 d
1288 4114 1343 4175 fuit
1370 4115 1496 4193 junctus
1520 4115 1610 4176 lixae.

251 4204 293 4266 Et
317 4224 437 4283 possem
467 4206 536 4267 hinc
560 4204 648 4265 lacile
672 4205 799 4284 probare
829 4202 1065 4263 eccentricitatis
1090 4199 1129 4279 Θ
1156 4206 1212 4278 (ὁ)
1237 4203 1434 4263 variationem
1464 4203 1511 4263 vel
1536 4222 1610 4265 con-

250 4295 406 4363 stantiam,
430 4295 532 4372 posita
555 4294 707 4353 constanti
732 4292 962 4354 excentricitate
987 4300 1028 4367 (ς,
1054 4292 1079 4352 si
1104 4293 1191 4352 modo
1216 4293 1298 4352 locos
1320 4289 1359 4368 Θ
1380 4311 1417 4351 ert
1433 4290 1611 4354 Ptolemaeo

251 4383 306 4443 snb
331 4383 397 4444 lixis
426 4383 502 4444 bene
525 4389 631 4461 posset
656 4383 692 4442 ad
719 4382 772 4443 illa
797 4391 932 4458 tempora
957 4380 1134 4460 computari.
1183 4381 1226 4441 At
1258 4390 1372 4452 metuo,
1407 4387 1440 4438 ot
1463 4379 1521 4440 hoc
1547 4381 1609 4443 lieri

252 4489 308 4530 non
333 4471 439 4549 possit,
465 4470 534 4551 quia
558 4489 628 4531 neos
653 4470 777 4531 orientis
793 4470 897 4530 Lunae
922 4468 1118 4530 occumbente
1135 4468 1206 4530 Sole
1224 4488 1280 4529 non
1296 4476 1384 4528 cavet
1400 4469 1610 4530 infractiones.

322 4577 503 4625 F'abricius:
532 4575 627 4631 Audio,
656 4585 680 4624 te
706 4577 820 4626 diuturno
850 4583 875 4626 et
894 4576 986 4626 diiticili
1010 4577 1092 4625 morbo
1118 4577 1164 4625 hoc
1185 4591 1251 4624 anno
1270 4576 1409 4624 diremtum
1428 4574 1513 4625 luisse.
1552 4576 1611 4640 Elui

251 4645 322 4697 initia
340 4646 384 4696 dte.
404 4649 467 4695 scire
486 4648 556 4710 cupio
577 4647 674 4711 absque
693 4661 757 4711 quae
775 4650 820 4697 tibi
839 4647 991 4697 acciderunt.

341 4736 542 4814 Keplerus:
576 4736 622 4796 De
652 4738 755 4798 morbo
786 4756 851 4797 oreo
884 4735 1023 4814 quaeris?
1068 4735 1175 4796 Febris
1205 4734 1334 4795 erratica
1366 4734 1422 4794 luit
1445 4744 1478 4795 et
1501 4733 1610 4806 bilosa,

252 4837 390 4903 quartum
414 4822 560 4897 recidiva,
584 4844 652 4886 com
674 4826 800 4887 subinde
826 4825 854 4887 in
879 4824 982 4885 diaeta
1005 4842 1173 4904 peccarem.
1220 4821 1271 4885 20.
1286 4823 1362 4901 Maji
1386 4832 1425 4884 st.
1451 4842 1480 4884 n.
1505 4824 1614 4906 adegit
