3428 5542
666 339 757 384 οοιιιιι
774 333 873 387 Um·
1381 332 1447 399 268

85 485 180 547 eflicit
201 485 293 549 insito
316 488 462 569 principio
486 488 596 564 activo,
621 491 675 552 sed
697 492 814 570 rapitur
837 511 856 552 a
878 491 946 553 lixis
965 488 1008 554 24
1032 492 1129 565 lroris3
1152 491 1198 553 ita
1220 491 1317 570 prima
1339 492 1371 567 21
1392 513 1446 555 ra-

84 573 166 654 pitur
189 594 210 636 a
229 575 328 654 prima
351 573 395 655 δ’,
411 596 504 658 eoque
529 578 666 640 ordinate
690 598 810 659 semper
836 580 984 642 inferioris
1007 581 1104 659 prima
1128 601 1147 641 a
1168 581 1265 659 prima
1286 582 1448 660 superioris

84 681 179 743 usque
202 664 243 725 ad
260 664 390 727 Lunam.
436 667 530 728 Porro
561 686 637 747 quae
668 667 716 729 hic
739 670 958 731 Franastoreus
986 669 1204 747 interpretandi
1233 689 1325 735 eausa
1349 671 1449 743 affert,

85 771 123 812 ea
146 750 172 812 si
195 768 263 814 oum
285 753 343 815 hau
366 754 616 834 interpretatione
641 756 842 832 conferantur,
867 775 922 836 per
946 776 979 818 se
994 776 1104 818 casura
1117 766 1200 836 puto.
1247 757 1363 818 Verum
1380 759 1449 837 ipsa

84 839 266 902 Aristotelis
289 841 364 904 haee
387 845 466 905 ratio
490 844 693 906 constituendi
718 845 868 907 coelestes
892 848 980 907 orbes
1004 864 1062 906 non
1078 853 1195 906 tautum
1214 845 1243 906 in
1262 848 1449 910 astronomia

86 927 218 1004 ridetur,
244 930 298 991 sed
321 949 417 1010 neque
441 933 629 994 naturalibus
654 933 783 1014 undique
806 934 973 996 rationibus
999 941 1050 995 est
1072 943 1287 995 consentanea.
1334 935 1446 1008 Primo,

86 1017 166 1096 qnod
192 1017 256 1079 sine
280 1018 452 1081 discrimine
467 1022 653 1101 superiorum
667 1030 766 1084 motus
780 1023 809 1082 in
824 1023 983 1084 inferiores
998 1022 1129 1083 derivari
1148 1022 1268 1095 asserit,
1294 1030 1326 1083 et
1345 1042 1447 1085 eornm

85 1105 136 1184 qni
159 1107 382 1187 amplectuntur
405 1110 574 1184 inferiores,
598 1118 632 1170 et
654 1111 775 1190 quinon
791 1112 1021 1190 amplectuntur,
1046 1111 1174 1191 epioyoli
1199 1110 1282 1171 dieti.
1330 1112 1447 1173 Deinde

85 1195 175 1273 quod,
199 1215 268 1257 eum
286 1216 324 1257 ex
337 1198 510 1277 promiscua
533 1217 648 1260 summa
671 1199 787 1260 orbium
803 1199 963 1261 concludat
978 1199 1164 1261 Aristoteles
1183 1199 1339 1279 aequalem
1361 1219 1447 1262 sum-¹

85 1301 166 1345 mam
187 1284 458 1363 intelligentiarum
481 1287 658 1358 mutrioium,
684 1294 799 1365 septem
823 1297 924 1349 tamen
949 1309 966 1349 e
990 1307 1128 1362 numero,
1153 1288 1203 1367 qui
1225 1287 1313 1366 primi
1337 1290 1447 1352 stella-

85 1391 150 1433 rum
181 1373 334 1448 dicuutur,
366 1385 449 1436 motu
478 1383 592 1436 carent.
645 1373 725 1444 Quid
753 1375 847 1454 igitur
874 1375 934 1437 illis
966 1396 1040 1456 opus
1068 1375 1271 1454 intelligentia
1302 1376 1447 1439 motrioe?

85 1460 143 1521 nisi
167 1461 245 1522 forte
267 1463 401 1542 passiva,
425 1464 511 1542 cujus
535 1465 565 1524 vi
589 1463 791 1525 obedientiam
813 1473 973 1543 praestent
996 1464 1141 1544 superiori
1164 1463 1298 1526 trahenti
1322 1465 1447 1545 eiusque

85 1556 189 1611 nutum
212 1550 291 1612 nltro
314 1559 488 1632 sequantur.
524 1552 627 1613 Tertio
651 1572 734 1626 sum,
761 1560 794 1613 οι
816 1553 927 1614 dietum
952 1562 1014 1624 est,
1042 1561 1159 1632 septem
1183 1571 1341 1614 enumero
1364 1562 1447 1616 motu

85 1645 219 1712 emeant,
245 1657 297 1700 our
318 1659 377 1702 non
402 1641 498 1701 vicem
513 1641 703 1703 restituentis
719 1642 873 1721 quaelibet
887 1642 1009 1720 supplet
1032 1651 1064 1703 et
1087 1641 1132 1703 ita
1147 1659 1232 1702 suam
1252 1640 1321 1721 ipsa
1334 1640 1448 1720 sphae-

84 1744 150 1788 ram
173 1727 243 1789 ab
236 1746 296 1790 rma
318 1729 480 1809 superioris
503 1729 634 1792 motione
657 1729 787 1790 liberat?
831 1729 899 1792 Nisi
920 1730 997 1791 forte
1013 1731 1163 1791 servanda
1178 1729 1347 1808 aequalitas
1370 1730 1450 1792 inter

83 1814 225 1895 primam·
236 1813 361 1879 Saturni
389 1825 422 1879 et
443 1817 557 1897 primas
574 1817 762 1898 reliquorum
786 1818 991 1898 planetarum,
1022 1827 1068 1893 nt,
1099 1818 1170 1899 quia
1197 1817 1253 1878 illa
1278 1818 1336 1880 hoo
1355 1818 1449 1881 otium

56 1978 59 1982 ¹
86 1910 136 1966 sat
158 1913 260 1977 nauta,
279 1905 337 1968 hae
361 1924 477 1987 quoqne
503 1907 608 1968 eodem
630 1906 790 1986 privilegio
813 1907 975 1986 gaudeant

175 1991 237 2055 Sed
259 2002 453 2075 pertexamns
476 1995 656 2057 Aristotelis
680 1994 867 2056 orationem:
892 2014 980 2069 „curn
1003 1995 1095 2074 igitur
1120 1994 1279 2056 ferentium
1298 1994 1447 2072 sphaera-

85 2099 151 2144 rum
174 2082 253 2143 aliae
276 2081 315 2157 8,
339 2083 420 2144 aliae
442 2080 486 2146 24
509 2084 592 2145 sint“
617 2084 660 2155 (in
686 2083 758 2145 aliis
778 2042 1003 2162 exemplaribus
1028 2083 1139 2161 legitur
1158 2079 1227 2154 25).
1275 2080 1354 2144 Οοιο
1378 2083 1447 2162 qni·

86 2171 154 2232 dem
183 2179 254 2232 sunt
276 2169 400 2234 Saturni
429 2178 462 2232 et
482 2171 584 2245 Jovis,
620 2171 805 2252 singulorum
824 2168 856 2234 4.
902 2171 1096 2250 Reliquorum
1124 2170 1149 2232 si
1182 2170 1320 2250 quilibet,
1354 2172 1449 2233 etiam

87 2255 128 2335 Θ
152 2267 185 2320 et
209 2262 255 2334 (ζ,
278 2260 441 2322 secundnm
464 2267 595 2321 mentem
610 2260 802 2321 Fracastorei
825 2260 940 2321 habent
963 2257 1000 2331 5,
1024 2278 1141 2320 summa
1163 2259 1282 2337 quidem
1306 2257 1348 2322 25
1372 2278 1446 2322 οοιι-

85 2348 185 2409 flatur.
234 2349 352 2409 Vereor
375 2349 468 2428 igitur
494 2357 529 2410 ut
550 2349 626 2409 haec
650 2347 796 2410 correctio
821 2345 863 2410 25
888 2366 941 2427 pro
965 2345 1009 2410 24
1032 2349 1074 2410 sit
1097 2347 1300 2409 Fracastorei,
1346 2347 1381 2410 Si
1406 2345 1447 2425 Θ

85 2437 166 2506 οι)
193 2445 357 2516 quaternas
379 2446 499 2498 tantum
521 2436 645 2508 habent,
668 2455 786 2499 summa
807 2436 1006 2516 posteriorum
1030 2437 1088 2497 erit
1111 2433 1163 2508 23,
1189 2454 1247 2496 non
1273 2432 1325 2497 25.

153 2524 248 2599 Vide,
280 2545 320 2586 au
349 2543 408 2587 non
439 2525 483 2587 sio
511 2525 796 2604 intelligendum,
799 2526 888 2599 ,aliae
916 2526 1023 2599 uoto,“
1056 2525 1075 2586 i.
1108 2543 1134 2584 e.
1160 2522 1241 2584 Solis
1270 2531 1302 2584 ot
1330 2524 1447 2599 Lunae,

85 2573 283 2763 ,,1118ιιο,23,“
306 2613 327 2675 ἰ.
351 2633 378 2675 e.
402 2613 636 2694 reliquorum5.
684 2615 727 2676 Ut
749 2613 794 2674 ita
817 2615 858 2676 sit
876 2613 1044 2674 evidentior
1064 2632 1158 2674 eausa
1179 2611 1269 2691 hujus
1291 2570 1448 2674 divisionis

86 2703 117 2763 in
188 2709 220 2762 et
243 2699 296 2764 23.

61 2780 65 2785 ’
178 2789 244 2864 E„t
274 2791 381 2853 harum
406 2808 467 2851 non
495 2808 620 2851 neeesse
651 2798 700 2850 est
729 2787 842 2850 habere
870 2789 1080 2850 restituentem
1114 2737 1210 2848 solam
1237 2786 1335 2861 illam,
1369 2805 1446 2867 quae

84 2887 199 2940 astrum
222 2877 359 2940 ultimum
383 2878 476 2940 sert.“
519 2878 633 2939 Omnes
658 2874 678 2939 6
702 2877 886 2957 superiores,
921 2878 968 2937 sui
996 2875 1144 2938 ordinis'
1137 2894 1229 2950 rmae,
1261 2895 1338 2956 quae
1362 2885 1449 2939 astra

83 2985 141 3028 sna
163 2967 273 3040 ferunt,
298 2968 413 3029 habent
434 2967 491 3028 sub
515 2986 548 3028 se
572 2967 778 3039 restituentes,
805 2965 876 3045 quia
890 2965 1002 3027 habent
1026 2974 1058 3026 οι
1080 2965 1189 3026 subse
1213 2964 1296 3026 aliud
1320 2974 1445 3028 astrum.

84 3054 161 3117 Sola
176 3056 289 3131 Lunae,
312 3055 411 3117 ultimi
433 3056 519 3142 astri,
545 3056 645 3116 ferens
669 3063 700 3116 et
722 3055 784 3116 ima
805 3072 864 3115 non
889 3055 983 3116 habet
1007 3054 1062 3114 sub
1077 3072 1110 3114 se
1131 3053 1350 3128 restituentem,
1377 3054 1448 3134 qnia
1522 3099 1527 3105 ψ

84 3144 198 3206 ιιιιΙΙιιιιι
221 3150 336 3205 astrum
360 3143 504 3224 seqnitur,
529 3143 614 3222 eujus
638 3143 735 3223 prima
757 3142 945 3205 restituatur.
992 3141 1251 3216 „Restitueutium
1285 3139 1448 3223 quidem6

84 3241 173 3294 erunt
195 3232 320 3295 duorum
342 3232 538 3312 primorum.“
584 3232 664 3294 Nam
688 3230 833 3311 Galippus
858 3229 990 3293 Saturno
1013 3226 1034 3291 4
1059 3231 1193 3304 dederat,
1219 3231 1345 3292 totidem
1364 3230 1445 3304 Jovi,

83 3321 190 3401 primis
212 3322 357 3402 planetis.
404 3321 592 3391 Aristoteles
620 3320 706 3382 addit
729 3323 867 3400 utrinque
895 3320 1035 3392 totidem,
1067 3337 1125 3381 uno
1148 3319 1259 3387 minus,
1293 3327 1446 3400 utsupra

87 3410 333 3473 denuntiaverat.
379 3408 459 3471 Sunt
487 3408 588 3490 itaque
618 3409 664 3470 bis
693 3418 771 3483 tres,
805 3427 880 3488 qnos
908 3408 1008 3481 addit,
1041 3425 1084 3469 so.
1110 3404 1140 3470 6.
1188 3406 1349 3480 „Sedecim
1373 3427 1444 3469 vero

82 3498 284 3577 posteriorum
305 3495 359 3562 4.“
404 3497 484 3560 Nam
507 3497 652 3560 Eudoxus
675 3498 770 3559 dabat
792 3505 835 3566 d,
859 3499 894 3572 Q,
920 3496 963 3569 Q,
989 3493 1048 3572 Θι
1074 3495 1108 3570 5,
1133 3493 1171 3569 5,
1197 3494 1232 3568 5,
1257 3491 1293 3568 4;
1318 3497 1443 3557 Aristo·

82 3587 162 3649 teles
189 3587 276 3650 addit
305 3587 447 3661 totidem,
482 3604 600 3666 semper
629 3606 687 3647 uno
714 3586 828 3658 minus,
863 3604 907 3646 so.
932 3582 970 3659 4,
1000 3582 1036 3658 4,
1059 3581 1096 3656 4,
1121 3581 1155 3657 3,
1190 3582 1268 3663 quod
1296 3603 1441 3645 summam

82 3676 160 3743 iacit
185 3674 234 3739 15.
282 3670 337 3738 Sin
361 3683 518 3738 autemst
542 3673 582 3752 Θ
607 3675 770 3736 secundum
793 3674 985 3735 Fraoastorei
1008 3683 1137 3734 mentem
1162 3673 1274 3732 habeat
1297 3670 1316 3734 5
1342 3674 1442 3733 feren-

81 3773 145 3839 tes,
174 3764 300 3827 habebit
327 3773 360 3827 et
381 3761 404 3828 4
427 3763 641 3836 restituentes,
672 3763 787 3841 eritque
816 3780 934 3823 summa
958 3780 1032 3823 sane
1061 3758 1109 3823 16.
1159 3759 1281 3833 „Quare
1312 3761 1442 3822 omniurn

81 3872 222 3916 numerus
256 3863 288 3915 et
322 3852 482 3915 ferentium
517 3860 548 3913 et
584 3851 806 3913 restituentium
838 3851 899 3912 erit
926 3849 1005 3924 55;“
1040 3849 1189 3929 siquidem
1228 3848 1289 3909 illio
1325 3851 1440 3911 Fraoa-

81 3951 184 4005 storeo
213 3943 353 4022 largiaris
383 3939 420 4018 8,
449 3939 512 4015 25;
545 3941 593 4002 hio
622 3936 657 4015 6,
691 3936 741 4003 16.
789 3941 834 4001 Αι
854 3939 887 4000 si
915 3936 949 4012 8,
980 3936 1023 4001 23
1056 3948 1088 3999 οι
1116 3934 1150 4012 6,
1183 3936 1222 3999 15
1251 3939 1439 4018 colligamus,

81 4050 228 4094 summam
252 4031 441 4093 conficiemus
465 4027 518 4092 52.
665 4056 669 4066 ’

172 4119 227 4196 ,Si
250 4138 321 4181 vero
336 4118 403 4182 Soli
425 4127 458 4180 et
471 4118 576 4179 Lunae
600 4134 656 4177 non
678 4116 830 4178 addiderit
848 4115 925 4195 quis,
949 4134 1023 4195 quos
1040 4114 1179 4189 diximus,
1204 4123 1303 4176 motus
1327 4133 1439 4190 omnes,

79 4209 229 4289 sphaerae
252 4217 340 4271 erunt
362 4206 437 4272 rt.“
485 4205 557 4269 Sive
588 4205 666 4266 enim
692 4204 837 4283 Calippus
861 4205 946 4266 binos
975 4203 1139 4277 addiderit,
1167 4204 1278 4265 eadent
1300 4201 1441 4282 primod

80 4298 223 4372 serentes,
248 4296 317 4358 dein
343 4294 363 4358 2
387 4295 583 4358 restituentes
608 4292 699 4368 Solis,
725 4290 833 4373 quia2
857 4294 922 4371 ejus
946 4294 1078 4353 ferentes
1102 4293 1248 4353 cecidere.
1295 4291 1358 4353 Sex
1380 4291 1440 4369 igi-

79 4397 130 4449 tur
153 4387 180 4449 si
202 4386 325 4448 auferas
348 4383 443 4455 aot,
472 4391 594 4445 restant
615 4378 669 4446 49.
715 4382 829 4462 Aliqua
861 4391 959 4442 tamen
984 4380 1168 4458 exemplaria
1195 4380 1309 4441 habeut
1331 4381 1439 4442 vitiose

79 4471 145 4551 473
178 4475 243 4538 sive
267 4474 380 4554 singuli
403 4473 564 4551 aGalippo
587 4471 650 4533 sint
669 4470 774 4545 additi,
798 4470 909 4531 eadent
931 4469 1027 4548 primo
1051 4467 1227 4541 2t'erentes,
1252 4488 1311 4529 una
1324 4471 1439 4540 Lunae,

80 4566 181 4627 altera
203 4563 297 4639 Solis,
321 4563 447 4643 indeque
471 4562 538 4640 ejus
561 4579 622 4621 nna
644 4558 825 4632 restitueus;
850 4556 976 4637 quare3
996 4558 1032 4619 de
1047 4555 1089 4620 52
1114 4557 1245 4632 ablatae,
1269 4556 1441 4638 relinquunt

80 4653 190 4716 iterum
213 4649 268 4716 43.
313 4652 425 4715 Nesoio
456 4650 526 4731 quid
557 4648 685 4712 monstri
713 4647 787 4710 daut
814 4647 947 4709 affectati
976 4646 1103 4720 numeri,
1136 4646 1162 4709 si
1191 4655 1292 4706 tamen
1320 4645 1440 4724 genuini

82 4749 175 4805 snut:
206 4749 256 4804 est
279 4738 386 4803 binarii
409 4740 502 4802 cubus
526 4735 561 4811 8,
586 4756 726 4799 numerus
748 4736 909 4798 ferentium
931 4732 951 4815 5
975 4744 1008 4796 οι
1030 4734 1079 4809 21,;
1103 4743 1153 4797 οιι
1175 4734 1281 4796 binarii
1306 4734 1439 4813 quadra·

78 4840 146 4895 tum
167 4827 205 4909 4,
228 4847 370 4894 numerus
393 4829 551 4910 stellarum
573 4835 645 4907 post
667 4826 742 4888 duas
765 4825 845 4900 illas,
870 4841 948 4903 quae
963 4823 1160 4887 restituentes
1182 4822 1238 4884 snb
1256 4840 1290 4885 se
1308 4823 1438 4898 habeut3

1164 4925 1224 4976 17*
