3428 5542
726 329 810 395 capnt
827 330 860 381 11·
1410 326 1476 395 itt

115 485 244 547 humano
268 506 364 564 more,
389 497 424 551 ut
445 488 580 552 homines
605 489 824 572 intelligamus)
848 498 939 572 atque
962 491 1031 553 idea
1054 490 1096 552 sit
1119 489 1160 553 rei
1184 489 1307 571 prioris,
1331 491 1373 553 sit
1395 509 1477 564 vere,

114 582 149 636 ut
166 575 256 637 modo
276 576 462 653 dictumest,
486 580 529 640 rei
553 580 695 660 optimae,
722 591 756 644 ut
779 583 875 642 torma
899 581 990 643 futuri
1014 580 1112 661 operis
1137 587 1169 642 et
1192 582 1259 658 ipsa
1281 580 1335 642 fiat
1353 580 1476 660 optima,

92 672 200 757 ,patet
223 666 302 745 qnod
326 667 373 728 bis
397 666 523 747 legibus,
549 686 623 748 quas
639 672 721 733 Dens
745 671 809 751 ipse
834 691 890 732 sua
913 670 1047 732 bonitate
1071 668 1129 730 sibi
1151 668 1341 747 praescribit,
1366 668 1477 730 nullius

113 752 156 814 rei
181 752 280 817 ideam
302 775 356 836 pro
380 756 591 818 constituendo
616 759 724 820 mundo
748 759 901 838 suscipere
925 758 1073 838 potnerit,
1098 777 1186 836 quarn
1209 777 1282 819 suae
1305 757 1400 838 ipsius
1424 776 1477 818 es·

112 843 251 919 sentiae:
276 863 355 925 quac
368 845 521 920 bilariam,
545 865 635 926 qnam
653 860 814 927 praestans
839 857 929 928 atque
955 848 1057 910 divina
1081 847 1130 919 sit,
1156 846 1340 909 considerari
1363 853 1476 926 potest,

112 930 208 1010 primo
230 932 262 994 in
286 954 333 1008 se,
358 941 508 1014 quatenns
531 945 580 996 est
602 957 661 998 uua
684 938 713 998 in
737 937 886 1011 essentia,
912 937 992 998 trina
1014 937 1043 998 in
1068 936 1221 1014 personis,
1247 935 1354 997 deinde
1378 935 1477 996 colla-

112 1020 195 1082 tione
220 1021 393 1085 saetacum
416 1023 574 1086 creaturis.
1458 1035 1461 1039 '

202 1110 290 1174 Hauc
303 1112 476 1192 imaginem,
500 1113 578 1176 hanc
600 1114 700 1177 ideam
723 1115 833 1176 mundo
856 1113 1024 1193 imprimere
1048 1112 1152 1186 uoluit,
1179 1121 1212 1175 ut
1235 1112 1261 1174 is
1285 1112 1371 1172 tieret
1394 1111 1477 1191 npti-,

114 1217 180 1261 runs
195 1208 287 1280 atqua
301 1202 529 1281 pulcherrimus,
552 1210 643 1283 utque.
668 1204 693 1263 is
718 1224 783 1265 earn
808 1204 959 1282 suscipere
984 1212 1097 1281 posset,
1123 1200 1305 1272 Quantum
1330 1200 1474 1274 condidit,

113 1289 361 1371 quantitatesque
384 1290 625 1371 sapientissimus
649 1293 785 1355 conditur
808 1292 1004 1372 excogitauit,
1028 1309 1151 1372 quarum
1171 1289 1276 1363 omnis,
1302 1296 1336 1351 ut
1359 1290 1404 1350 ita
1427 1288 1475 1350 di-

114 1395 190 1453 cam,
216 1380 350 1442 essentia
372 1380 403 1441 in
427 1381 501 1442 haec
526 1381 584 1443 dun
608 1381 781 1444 discrimina
804 1382 937 1454 caderet,
962 1390 1075 1442 rectum
1099 1388 1130 1441 et
1152 1398 1283 1454 curvum,
1309 1378 1477 1458 exquibus

115 1486 237 1529 curvum
261 1468 348 1532 nobis
372 1469 487 1531 duobus
517 1469 578 1533 illis
602 1472 691 1533 modo
716 1471 805 1533 dictis
828 1471 925 1532 modis
948 1470 1044 1532 Deum
1069 1478 1322 1547 repraesentaret.
1371 1468 1476 1547 Neque

114 1556 193 1617 enim
215 1557 448 1621 existimandum
471 1565 529 1634 est,
554 1567 667 1622 temere
691 1560 830 1622 extitisse
854 1569 917 1621 tam
941 1569 1015 1639 apta
1031 1558 1262 1638 praefigurando
1276 1557 1342 1617 Deo
1366 1554 1475 1617 discri·
1544 1600 1549 1607 .

114 1646 213 1719 mina,
247 1654 280 1708 ut
302 1646 385 1710 Deus
408 1666 466 1708 non
491 1648 528 1709 de
551 1649 599 1711 his
622 1650 698 1730 ipsis
726 1650 924 1729 cogitaverit,
958 1649 1011 1709 sed
1041 1656 1183 1728 quantum
1215 1664 1323 1725 corpus
1351 1651 1477 1724 propter

107 1735 191 1797 alias
214 1755 325 1798 causas
348 1736 467 1816 alioque
490 1738 616 1801 consilio
647 1739 831 1811 condiderit,
866 1748 955 1818 atque
985 1746 1095 1817 postea
1124 1735 1199 1798 recti
1229 1745 1260 1795 ct
1283 1733 1364 1795 curvi
1388 1751 1475 1795 com·
1531 1747 1536 1755 '

113 1824 233 1904 paratio
257 1833 289 1887 et
311 1825 386 1887 haec
410 1844 477 1887 cum
500 1826 566 1890 Deo
594 1827 757 1890 similitudo
785 1837 893 1906 suapte
921 1836 1029 1907 sponte
1058 1825 1144 1905 quasi
1173 1824 1296 1886 fortuito
1326 1822 1476 1885 extiterit.

203 1911 282 1984 Quin
305 1914 407 1995 potius
425 1915 586 1979 verisimile
606 1925 663 1986 est.
688 1917 772 1979 initio
796 1916 927 1978 omnium
951 1926 1034 1977 certo
1058 1914 1182 1975 consilio
1207 1931 1329 1974 curvum
1353 1918 1386 1972 et
1409 1929 1478 1972 rec·

113 2012 177 2064 tum
202 2023 221 2064 a
243 2003 309 2076 Deq
332 2004 432 2065 electa
456 2005 495 2066 ad
519 2006 754 2069 adumbrandam
778 2007 807 2068 in
832 2007 941 2066 mundo
966 2003 1156 2066 divinitatem
1179 2000 1361 2073 conditoris,
1386 2009 1477 2079 atque

112 2099 146 2153 nt
161 2092 237 2153 haec
252 2092 429 2167 existerent,
455 2095 641 2173 quantitates
658 2096 760 2170 luisse,
785 2102 877 2176 atque
900 2104 935 2156 ut
958 2093 1113 2173 quantitas
1128 2092 1299 2162 haberetur,
1324 2089 1477 2151 conditum

113 2199 183 2242 esse
206 2181 303 2260 primo
327 2182 457 2244 omnium
481 2201 600 2262 corpus.

204 2269 370 2332 Videamus
393 2270 491 2344 modo,
515 2272 698 2352 ecquomodo
724 2269 852 2333 Creator
873 2271 1005 2350 optimus
1030 2271 1085 2330 has
1110 2268 1298 2348 quantitates
1323 2264 1476 2327 inmundi

114 2358 231 2420 labrica
255 2359 434 2432 adhibuerit,
459 2366 491 2420 et
514 2361 584 2440 quid
607 2360 768 2422 verisimile
788 2362 829 2422 sit
848 2360 959 2421 nostris
976 2357 1256 2421 ratiocinationibus
1275 2377 1294 2415 a
1311 2353 1475 2417 Conditnre

115 2449 228 2509 tactum
252 2466 339 2521 esse,
372 2457 404 2509 ut
437 2449 509 2510 illud
542 2458 651 2530 postea
678 2469 744 2510 cum
779 2450 807 2509 iu
841 2449 973 2528 antiquis
1004 2458 1066 2509 tum
1095 2447 1122 2507 in
1148 2445 1234 2507 novis
1258 2442 1475 2523 hypothesibus
1506 2457 1509 2461 ·

112 2555 309 2617 quaeramus,
333 2536 419 2617 eique
443 2539 574 2616 palmam
597 2540 778 2605 tribuamus,
802 2558 894 2617 penes
919 2556 1005 2616 quem
1031 2536 1102 2596 illud
1128 2533 1301 2612 reperietur.

202 2626 347 2688 Mundum
370 2627 461 2704 igitur
483 2636 581 2690 tntum
605 2630 700 2707 ligura
727 2628 826 2688 claudi
854 2626 1027 2706 sphaerica,
1060 2623 1178 2684 abunde
1208 2623 1285 2682 satis
1310 2617 1478 2697 disputavit

96 2715 298 2783 ,Aristoteles
324 2716 414 2788 (libro
439 2717 468 2778 ll
492 2718 529 2778 de
552 2718 671 2789 coelo),
707 2717 805 2778 ductis
830 2717 907 2778 inter
931 2724 1032 2776 cetera
1056 2732 1093 2773 ex
1117 2711 1274 2773 nobilitata
1300 2707 1476 2786 sphaericae

112 2804 280 2883 superficiei
308 2805 515 2884 argumentis:
549 2807 655 2887 quihus
687 2806 848 2868 etiamnum
877 2805 983 2866 ultima
1008 2801 1166 2882 Cuperuici
1196 2801 1321 2862 lixarum
1344 2797 1476 2876 sphaera

113 2893 250 2974 quamvis
269 2901 352 2955 motu
373 2913 479 2956 carens
504 2896 628 2957 eandem
647 2895 773 2975 liguram
797 2903 907 2969 tuetur,
932 2894 1095 2972 recipitque
1111 2890 1213 2952 Solem
1233 2898 1376 2966 tanquam
1400 2904 1474 2947 cen-

112 2991 190 3044 trum
214 2983 244 3044 in
268 2982 405 3045 intimum
429 2983 535 3046 sinum.
582 2983 680 3047 Orbas
705 3003 775 3045 vero
803 2994 921 3045 ceteros
950 2982 1093 3043 rotundos
1125 2999 1192 3040 esse
1217 2975 1371 3040 circularis
1396 2974 1475 3036 stel-

114 3072 209 3133 larum
240 3080 340 3132 motus
371 3073 481 3152 arguit.
529 3071 660 3135 Crrrvum
692 3075 784 3151 igitur
816 3074 855 3133 ad
888 3072 989 3134 mundi
1022 3077 1160 3130 ornatum
1195 3066 1362 3130 adhibitum
1396 3081 1475 3137 esse,

114 3161 257 3222 ulteriore
280 3161 458 3240 probatione
482 3181 540 3224 uon
565 3172 645 3241 eget.
694 3160 769 3225 Cum
795 3172 896 3223 autem
926 3162 986 3221 tria
1010 3158 1212 3239 quantitatum
1236 3174 1349 3235 genera
1371 3153 1477 3213 videa·

114 3269 178 3311 mns
202 3250 232 3313 iu
258 3250 377 3322 mundo,
401 3251 536 3329 figuram,
561 3271 714 3314 nnmerum
730 3261 760 3312 et
774 3251 1000 3330 amptitudinem
1016 3265 1187 3326 corporum:
1213 3263 1334 3306 curvum
1359 3242 1477 3322 quidem

112 3339 210 3400 adhuc
234 3339 264 3400 in
288 3340 355 3400 sola
377 3340 473 3419 figura
495 3341 669 3421 reperimus.
717 3341 822 3420 Neque
847 3341 924 3400 enim
954 3335 1159 3415 amplitudinis
1189 3334 1251 3396 ulla
1280 3332 1357 3394 ratio
1381 3350 1419 3392 err
1443 3350 1478 3391 eo

112 3436 179 3502 est,
215 3428 293 3509 quod
316 3428 494 3510 inscriptum
518 3430 607 3493 simili
632 3430 778 3509 (sphaera
802 3430 968 3509 sphaerae,
1001 3426 1130 3487 circulus
1154 3423 1280 3494 circulo)
1312 3440 1349 3481 ex
1374 3420 1478 3480 eodem

112 3525 217 3578 centro
241 3525 294 3578 aut
316 3517 505 3600 undiquaque
529 3519 629 3598 tangit
653 3527 705 3581 aut
728 3519 853 3579 nullibi:
885 3527 917 3578 et
940 3515 1128 3595 sphaericum
1151 3514 1267 3592 ipsum,
1293 3527 1360 3570 erim
1383 3507 1478 3568 solum

113 3613 144 3667 et
167 3606 288 3668 unicum
312 3606 353 3669 sit
375 3607 404 3668 in
425 3627 479 3669 suo
499 3608 680 3690 quantitatis
702 3626 827 3686 genere,
854 3626 911 3667 non
936 3612 1039 3685 potest
1062 3604 1140 3679 alius
1163 3599 1274 3661 numeri
1300 3615 1389 3677 quarn
1411 3603 1477 3656 ter·

114 3694 188 3756 narii
214 3696 381 3775 sthectum
405 3715 482 3758 esse.
522 3695 610 3768 Quod
635 3699 661 3759 si
685 3697 776 3775 igitur
800 3696 896 3756 solum
921 3712 1041 3756 curvum
1065 3692 1148 3753 Deus
1174 3691 1201 3750 in
1226 3686 1348 3748 conditu
1371 3702 1477 3762 respe-

111 3784 229 3860 xisset,
261 3791 383 3864 praeter
406 3784 508 3847 Solem
531 3787 559 3847 in
591 3797 714 3858 centro,
746 3786 795 3865 qni
824 3785 937 3864 patris,
973 3783 1132 3860 sphaeram
1161 3780 1287 3839 fixarum
1312 3773 1359 3834 rel
1382 3791 1478 3852 aquas

113 3873 269 3936 Mosaicas
294 3875 322 3935 in
348 3874 472 3949 ambitu,
499 3894 574 3955 quae
597 3875 666 3950 lilii,
692 3894 796 3935 auram
820 3874 982 3935 coelestem
1007 3870 1106 3930 omnia
1130 3866 1311 3947 replentem.
1335 3862 1399 3923 sive
1422 3878 1478 3922 ex·

112 3962 282 4026 tensionem
305 3970 337 4024 et
359 3963 576 4027 firmamentum
602 3964 689 4037 illud,
719 3964 796 4043 quod
821 3962 953 4042 Spiritus
981 3962 1080 4036 imago
1109 3963 1212 4017 esset:
1244 3961 1366 4033 praeter
1389 3951 1475 4020 haec,

113 4051 247 4131 inquam,
277 4051 351 4115 nihil
379 4052 527 4115 existeret
549 4054 578 4114 in
603 4053 659 4114 hoc
683 4053 817 4114 aedificio
843 4052 1001 4113 mundano.
1049 4048 1135 4108 Nunc
1158 4062 1229 4105 vero
1254 4061 1321 4103 cum
1346 4050 1378 4101 et
1401 4040 1478 4101 fixae

112 4140 174 4202 sint
204 4142 457 4216 innumerabiles,
487 4151 519 4204 et
549 4142 702 4204 mobilium
731 4160 788 4202 non
813 4141 1031 4203 incertissimus
1055 4137 1234 4213 catalogus,
1266 4142 1298 4191 et
1327 4131 1477 4191 coelorum

112 4231 335 4308 magnitudines
359 4230 534 4312 inaequales
559 4232 694 4304 invicem,
721 4250 845 4292 necesse
866 4241 915 4290 ost
934 4248 1043 4290 causas
1068 4243 1169 4286 eorum
1193 4222 1323 4285 omnium
1347 4239 1385 4280 ex
1410 4235 1478 4278 rec-

114 4319 242 4381 titudine
264 4330 413 4401 petamus.
460 4321 527 4383 Nisi
553 4322 629 4382 torte
653 4320 750 4380 Deum
779 4320 950 4398 putabimus
980 4317 1138 4397 quicquam
1167 4314 1195 4373 in
1225 4311 1333 4371 mundo
1363 4317 1475 4369 temere

112 4408 237 4485 fecisse,
263 4410 332 4471 dum
356 4409 488 4470 rationes
513 4411 644 4489 optimae
668 4417 880 4488 suppeterent,
906 4409 935 4467 id
961 4406 1038 4484 quod
1064 4422 1148 4463 rrerrro
1173 4401 1244 4462 mihi
1269 4393 1475 4494 persuadebit

113 4506 145 4559 ut
167 4500 216 4561 uel
242 4500 280 4560 de
303 4499 371 4560 tisis
395 4499 535 4574 sentiam,
561 4518 686 4579 quarum
710 4507 810 4558 tamen
828 4498 904 4556 situs
920 4495 1050 4556 maxime
1066 4491 1195 4552 numium
1213 4489 1365 4559 confusus,
1391 4503 1476 4564 quasr

113 4587 254 4650 fortuitus
278 4587 424 4649 sementis
443 4590 545 4668 jactus
571 4589 657 4649 nobis
682 4587 809 4647 videtur.
924 4658 927 4663 Ι

200 4676 369 4739 Veniamus
391 4677 483 4755 igitur
506 4678 543 4738 ad
569 4685 694 4738 rectos
718 4674 964 4755 quantitates.
1012 4670 1099 4732 Sicut
1122 4676 1223 4729 antem
1249 4660 1477 4762 anteasphae-

111 4764 174 4826 rica
197 4767 369 4847 superficies
393 4766 460 4826 ideo
485 4777 622 4828 assumta
646 4775 709 4836 est,
737 4765 806 4841 quia
828 4761 1049 4830 perfectissima
1074 4758 1129 4819 fnit
1152 4755 1323 4835 quantitas,
1349 4757 1393 4810 rta
1411 4749 1476 4850 jam

112 4872 170 4917 uno
193 4856 274 4919 saltu
299 4857 339 4920 ad
362 4874 488 4941 corpora
512 4865 719 4928 transeamus,
749 4864 881 4934 atquae
905 4869 943 4909 ex
968 4849 1058 4910 rectis
1081 4848 1234 4934 perlectae
1260 4847 1330 4905 suut
1353 4845 1476 4921 quantu-
