3428 5542
754 294 867 361 Myroni
886 297 1088 363 cosmographlel

825 547 945 646 Caput
971 548 1021 621 X.

595 703 652 766 De
675 707 798 786 origine
818 726 1022 770 nummorum
1044 705 1206 769 nobilium.
1222 713 1250 781 ¹)

333 844 484 906 Infinitum
503 853 551 907 est
569 845 689 926 singula
706 848 856 930 persequi,
882 866 976 928 neque
1001 846 1065 909 sine
1090 849 1186 910 fructu
1211 848 1247 910 de
1271 847 1318 910 his
1343 848 1515 928 astrologus
1539 868 1608 909 am-

244 932 323 1017 plius
347 933 474 1013 cogitet.
512 934 681 996 Videamus
705 937 793 997 modo
813 944 1052 998 astronomorum
1067 937 1297 1011 arithmeticam,
1323 956 1485 1018 sacrosque
1506 955 1608 997 sorum

244 1040 395 1094 numeros,
419 1017 449 1084 6.
478 1019 525 1084 12.
552 1019 605 1086 60.
624 1017 666 1098 ¹')
713 1025 809 1104 Igitur
833 1033 960 1104 excepto
984 1024 1151 1105 quadrante
1176 1033 1207 1087 et
1230 1034 1380 1100 sextante,
1406 1044 1449 1088 sc.
1477 1023 1528 1100 15,
1558 1020 1608 1094 10,

245 1128 348 1185 omues
373 1112 562 1190 sexagenarii
585 1120 690 1191 partes
713 1112 895 1192 multiplices
919 1112 1107 1191 reperiuntur
1134 1114 1163 1175 in
1193 1113 1239 1175 his
1267 1113 1396 1195 quinque
1420 1113 1607 1193 corporibus.

245 1196 393 1260 Vicissim
417 1199 555 1279 exceptis
579 1202 696 1280 angulis
720 1202 819 1280 planis
843 1200 979 1264 octaedri
1003 1209 1035 1262 et
1058 1202 1135 1276 cubi,
1161 1221 1284 1282 qnorum
1299 1209 1423 1283 uterque
1441 1202 1536 1263 habet
1555 1197 1608 1284 24,

246 1295 349 1349 cetera
372 1288 482 1362 omnia,
508 1308 584 1369 quae
608 1297 816 1365 numerantur,
842 1298 914 1352 suut
935 1308 1006 1368 pars
1030 1290 1190 1369 multiplex
1212 1289 1418 1370 sexagenarii,
1441 1298 1475 1352 ut
1498 1289 1609 1351 existi·

247 1393 340 1450 mem,
368 1375 419 1438 vix
446 1375 498 1439 ulli
527 1397 647 1439 numero
675 1397 765 1457 posse
794 1399 831 1440 ne
855 1400 875 1440 a
896 1379 1070 1460 Pythagora
1093 1378 1213 1458 quidem
1236 1379 1328 1441 ullam
1350 1397 1415 1440 rem
1438 1379 1609 1441 naturalem

247 1462 406 1544 assignari,
432 1483 508 1546 quae
532 1466 576 1529 illi
599 1466 696 1546 magis
721 1466 763 1528 sit
784 1468 921 1548 propria,
945 1486 1034 1546 quam
1058 1467 1105 1528 hic
1129 1486 1268 1529 numerus
1293 1474 1341 1528 est
1364 1465 1455 1528 dictis
1478 1467 1609 1548 quinque

246 1551 431 1633 corporibus.

253 1647 256 1651 ’
336 1638 420 1702 Unus
444 1649 492 1702 est
516 1641 623 1714 cubus,
652 1641 723 1703 Uua
744 1641 893 1724 pyramis,
918 1643 1018 1706 Unum
1042 1641 1267 1716 dodecabdron,
1295 1640 1394 1706 Unum
1417 1640 1607 1719 icosaodron,

246 1724 346 1793 Unum
370 1730 549 1806 octaddron,
575 1729 673 1793 Unum
697 1730 866 1793 solitarium
890 1731 954 1793 sine
980 1730 1081 1792 simili.

336 1816 403 1878 Duo
436 1837 562 1898 corpora
594 1818 790 1892 secundaria;
823 1819 892 1881 Duo
924 1819 1044 1882 ordines
1077 1838 1255 1901 corporum;
1287 1818 1367 1882 Bina
1399 1838 1518 1901 semper
1550 1819 1609 1882 eibi

247 1903 378 1980 similia;
402 1906 489 1969 Duae
514 1907 660 1987 ejusmodi
684 1908 905 1970 similitudines.

336 1992 410 2056 Tres
426 1995 528 2076 anguli
546 1995 662 2058 basium
679 1995 706 2056 in
722 1997 888 2078 pyramide,
907 1997 1075 2072 icosabdro,
1092 1996 1244 2070 octaedro,
1265 1996 1336 2075 quia
1350 1997 1442 2058 bases
1457 1994 1609 2059 trilatera.

245 2080 319 2146 Tria
341 2082 485 2162 primaria
507 2102 643 2165 corpora.
690 2085 765 2147 Tres
789 2085 966 2166 angulorum
990 2085 1188 2147 differentiae.

336 2169 476 2242 Quatuor
499 2173 601 2251 anguli
625 2180 657 2234 et
679 2172 778 2235 latera
800 2172 883 2235 basis
907 2172 936 2235 in
961 2173 1048 2235 cubo.
1087 2171 1224 2244 Quatnor
1248 2170 1338 2234 solidi
1361 2171 1528 2254 pyramidis
1552 2190 1610 2234 an-

247 2260 319 2340 guli.
367 2258 505 2331 Quatuor
529 2260 662 2340 ejusdem
685 2261 786 2323 bases.

336 2346 475 2430 Quinque
499 2369 635 2430 corpora.
683 2347 821 2431 Quinque
846 2347 947 2427 anguli
971 2357 1003 2410 et
1026 2349 1123 2410 latera
1145 2347 1174 2410 in
1199 2348 1266 2409 basi
1290 2346 1519 2410 dodecaedrica.

337 2435 399 2500 Sex
424 2439 526 2519 anguli
550 2436 694 2503 octaedri.
733 2437 796 2501 Sex
819 2439 918 2500 latera
940 2436 1115 2519 pyramidis.
1154 2435 1216 2498 Sex
1239 2437 1329 2499 bases
1354 2435 1432 2498 cubi.
1479 2435 1611 2497 Pulcher

247 2544 398 2589 numerus.

337 2612 417 2676 Octo
440 2614 532 2675 bases
556 2612 702 2676 octaedri.
750 2611 830 2675 Octo
855 2612 957 2692 anguli
981 2611 1059 2673 cubi.
1075 2610 1103 2683 b)

337 2703 503 2764 Duodecim
528 2703 619 2764 bases
643 2702 834 2764 dodeeaedri.
873 2699 1039 2762 Duodecim
1064 2701 1162 2762 latera
1185 2700 1331 2761 octaedri.
1376 2702 1453 2763 Item
1477 2707 1510 2762 et
1531 2697 1609 2760 cubi.

248 2788 417 2854 Duodecim
442 2790 541 2869 anguli
566 2791 725 2853 icosaddri.
772 2789 938 2852 Duodecim
961 2788 1044 2868 plani
1068 2788 1169 2868 anguli
1193 2788 1367 2869 pyramidis.

336 2878 417 2940 Ecce
442 2878 490 2939 hic
515 2898 653 2940 numerus
678 2879 706 2939 in
732 2879 869 2941 omnibus
893 2877 1021 2957 quinque
1046 2885 1103 2938 est.

337 2965 456 3042 Viginti
483 2967 572 3027 bases
597 2967 756 3028 icosabdri.
805 2966 922 3047 Viginti
948 2964 1050 3043 anguli
1074 2963 1266 3026 dodecaiidri.

336 3054 456 3133 Viginti
481 3062 607 3133 quatuor
631 3054 731 3133 anguli
760 3054 843 3134 plani
873 3053 1008 3116 octaedri
1033 3061 1064 3115 et
1087 3052 1164 3114 cubi.
1211 3051 1269 3113 Hic
1293 3051 1409 3113 alienus
1433 3057 1481 3111 est
1504 3066 1611 3110 nume-

248 3160 313 3216 rus,
338 3141 393 3203 sed
417 3161 471 3202 nec
494 3142 673 3221 praecipuae
698 3143 749 3213 rei,
776 3162 830 3204 nec
853 3142 897 3204 ita
921 3141 1057 3202 alienus:
1084 3149 1132 3203 est
1155 3141 1234 3203 enirn
1257 3141 1304 3201 bis
1332 3136 1380 3214 12,
1406 3133 1508 3210 1118,
1534 3155 1611 3219 qua·

249 3235 296 3291 ter
319 3226 355 3304 6,
381 3229 430 3309 qui
456 3247 559 3290 omnes
582 3241 653 3290 sunt
677 3231 705 3290 in
730 3227 782 3292 60.

339 3318 478 3396 Triginta
502 3317 599 3378 latera
624 3318 771 3381 icosae‘dri
796 3327 828 3380 et
851 3317 1043 3379 dodecaedri.

340 3405 510 3484 Sexaginta
533 3407 614 3486 plani
639 3407 741 3486 anguli
766 3406 945 3467 dodecabdri
970 3404 1183 3468 eticosaedri.

338 3495 561 3574 Praetereaque
586 3496 657 3557 nihil
682 3502 864 3567 numeratur,
888 3494 946 3554 nisi
970 3511 1101 3554 summas
1121 3492 1250 3554 omnium
1275 3492 1402 3552 laterum
1426 3495 1458 3548 et
1481 3488 1614 3567 angulo-

247 3600 314 3646 rum
338 3584 413 3645 inire
437 3584 573 3654 velimus,
598 3585 676 3664 quod
696 3584 822 3645 alieuius
842 3592 900 3644 est.
930 3583 1005 3644 Tum
1028 3581 1207 3660 provenient
1230 3578 1330 3658 anguli
1354 3576 1614 3639 denominantium

248 3671 367 3734 basium
394 3669 442 3745 18,
469 3673 564 3735 facies
588 3670 641 3743 50,
666 3673 767 3752 anguli
791 3672 927 3745 totidem,
952 3672 1052 3733 latera
1065 3666 1117 3745 90,
1143 3668 1245 3748 auguli
1268 3667 1349 3749 plani
1376 3661 1451 3729 180.
1487 3665 1614 3728 Numeri

249 3762 372 3840 cognati
396 3779 508 3822 omues.

717 3934 762 3997 IN
785 3931 925 3996 CAPUT
947 3931 1146 3995 DECIMUM

776 4054 891 4106 roras
909 4053 1086 4106 sucrosrs.

310 4159 343 4223 al
363 4164 402 4219 Ut
415 4179 501 4235 snpra
517 4163 577 4231 jam
591 4164 692 4220 dietum
706 4172 759 4227 est,
775 4165 860 4219 omnis
876 4180 1047 4218 numerorum
1067 4162 1198 4217 nobilitas
1213 4157 1310 4231 (quem
1331 4160 1481 4230 praecipue
1495 4160 1614 4215 adrnira-

249 4253 296 4303 111
317 4245 464 4315 theologia
485 4243 689 4314 Pythagorica,
713 4246 851 4315 rebusque
869 4243 967 4297 divinis
989 4241 1146 4313 comparat)
1167 4248 1212 4296 est
1239 4241 1366 4311 primitus
1388 4256 1427 4293 ex
1447 4241 1614 4311 geometria.

249 4327 317 4382 Dum
331 4342 396 4378 vero
411 4325 516 4378 multae
530 4323 587 4375 siat
600 4323 660 4390 ejus
675 4333 781 4393 partes,
796 4324 850 4377 hae
866 4324 972 4393 quidem
986 4323 1105 4393 quinque
1124 4324 1231 4393 ligures
1246 4320 1352 4374 solidae
1371 4335 1426 4372 noa
1440 4328 1506 4374 snut
1524 4319 1616 4389 prima

249 4423 300 4462 aee
323 4405 406 4458 nnica
430 4419 517 4457 eausa
541 4402 694 4457 nobilitatis
716 4403 799 4470 hujus
823 4405 871 4456 sed
893 4401 1000 4463 accidit,
1022 4403 1156 4455 utmolta
1174 4401 1201 4454 io
1218 4400 1335 4453 enodem
1349 4415 1492 4454 numanam
1506 4399 1615 4469 11111Ρί·

249 4491 320 4539 rent.
363 4485 453 4537 Prima
468 4482 538 4534 enim
554 4481 632 4551 origo
648 4483 809 4552 aptitudinis
825 4498 997 4535 numerorum
1019 4489 1113 4534 estex
1128 4480 1224 4550 liguris
1243 4479 1334 4549 plania
1348 4479 1538 4550 regularibus.
1563 4479 1616 4533 eir·

249 4565 313 4617 onlo
328 4562 535 4630 iuscriptilibus,
551 4576 699 4632 earumque
714 4562 911 4631 congruentior
933 4564 1006 4614 unde
1027 4567 1128 4630 postea
1147 4559 1253 4612 solidae
1268 4559 1401 4612 oneratur.
1444 4558 1514 4612 Vide
1528 4558 1578 4612 lib.
1593 4558 1614 4612 1.

250 4649 280 4696 et
301 4643 334 4696 11.
359 4642 592 4695 Harmonicoruus.
634 4643 676 4695 Ne
699 4639 964 4703 verooonltrndaris,
992 4639 1039 4693 nbi
1062 4639 1179 4709 legeris,
1203 4637 1453 4691 demonstrationes
1485 4639 1614 4700 laterum,

251 4722 349 4792 quibus
363 4728 479 4774 utuntur
493 4720 609 4791 figurae,
633 4721 736 4774 arcessi
760 4736 779 4774 a
794 4721 913 4774 nnmsris
936 4720 1110 4790 angulorum,
1134 4718 1213 4789 qnasi
1233 4718 1294 4770 ideo
1313 4733 1450 4779 namtas,
1475 4726 1508 4771 at
1521 4733 1616 4771 acue

251 4816 324 4863 raus,
346 4800 421 4870 prior
435 4801 473 4853 sit
493 4807 523 4853 et
536 4800 653 4871 dignior.
694 4800 814 4861 Minime,
837 4816 890 4854 uon
912 4799 984 4853 enirn
1003 4800 1064 4855 ideo
1079 4796 1262 4854 numerabiles
1286 4798 1356 4852 dunt
1375 4798 1474 4870 anguli
1496 4798 1616 4871 lpas,
