3428 5542
173 297 240 366 sos
317 264 325 271 ’
595 301 1108 371 unumunurn-u·

171 457 626 523 nafionemeaadhneaeqniescs
662 459 1542 529 lionnegotamea,Keplm,meseelu'nh=1ss-s·

171 530 1285 600 smmweamodmexeogiuuequosgndisuseosjeemlibnsbm
1322 530 1544 597 houset*

172 591 806 668 maduerirodsdmociuhaclacultate,
834 607 1040 671 etgeometsieis
1067 603 1317 655 demumadoashns
1342 603 1430 652 niss-
1453 614 1543 651 aas·

172 673 525 737 {saulemquodpotui
561 672 1544 739 Vaxeuimperbiersninmseriotaneaatromisalmtamn.d

76 802 80 806 ⁸
172 750 450 808 earmpraecsptore.
487 743 1544 812 spuoiuque.1).xeptemmhumniasneuaesaasm.ssssqnadan

175 816 366 865 ‘mutifieialiter
383 816 409 863 in
427 815 543 864 methodo
565 831 624 865 nea
641 818 791 867 tradiderim.
829 820 905 869 Aliud
928 827 968 868 est
989 820 1099 868 investire
1121 819 1196 882 quid,
1219 815 1337 880 aliudque
1360 814 1390 864 ia
1411 817 1545 881 ἠύ·

173 885 435 936 nadmetdocere.
472 885 619 945 Quisenim
643 897 703 938 ante
727 904 768 938 me
792 891 892 939 tabulas
915 892 1045 940 emericum
1071 897 1097 937 et
1121 889 1263 938 directim
1288 885 1546 936 Ptolemaios-ads

174 957 343 1006 mendae
361 971 471 1021 unquam
489 953 642 1020 parumn!
678 959 800 1023 Keplerua
819 961 850 1010 de
868 961 971 1026 Magino
995 967 1063 1010 recte
1081 961 1174 1016 sentit,
1196 960 1277 1022 ipsun
1300 971 1361 1006 nas
1384 957 1491 1007 Μ
1513 970 1545 1006 ⁸¹

172 1027 537 1091 meissaltemdescripdsse,
565 1029 750 1094 idquodmihi
774 1033 992 1081 satiacoastabat
1019 1037 1078 1079 ante
1106 1027 1473 1079 nummularia
1510 1028 1546 1076 At

175 1099 627 1164 redarguereillumpublisenolui‚
652 1100 1430 1164 sonenimidloeiestempofistasepsuesarasrasss⁸
1470 1097 1545 1158 Qua

173 1170 270 1233 Qua
294 1178 353 1218 suat
375 1169 450 1231 hujus
474 1169 549 1218 Marii
567 1172 687 1234 epistolae
713 1172 747 1221 ad
764 1172 919 1236 Dioptrieam
936 1173 1040 1237 Kepleri
1065 1181 1125 1221 sant
1142 1170 1289 1227 merem.
1316 1170 1362 1219 abi
1381 1170 1496 1233 pensius
1513 1168 1546 1219 ds

174 1239 250 1290 larii
266 1242 367 1305 ingenio
386 1248 412 1288 et
429 1242 550 1292 moribus.
578 1242 807 1308 detectionibusque
831 1260 893 1309 qnas
914 1245 960 1294 sibi
978 1244 1113 1292 vindicarit
1130 1257 1243 1308 agemus
1279 1240 1330 1291 me
1346 1248 1454 1290 tastu
1470 1248 1546 1290 asta·

174 1326 238 1367 mna,
257 1312 356 1360 nbnlas
373 1310 428 1367 has,
447 1326 509 1375 quas
526 1312 636 1377 glorians
655 1314 717 1363 dicit
735 1330 768 1372 ,a
785 1330 813 1364 se
831 1315 960 1365 inventas*
988 1323 1014 1364 et
1033 1328 1049 1363 a
1068 1313 1171 1379 llagino
1190 1313 1345 1375 descriptas.
1370 1313 1472 1361 miniani
1490 1325 1546 1361 ns

174 1384 293 1431 momemi
315 1396 396 1446 neque
415 1382 474 1446 quid
496 1385 552 1431 nori
571 1387 705 1433 confinem
743 1386 852 1436 Tabulas
871 1387 1064 1435 declinationum
1088 1393 1115 1434 et
1132 1385 1195 1434 coeli
1213 1384 1397 1432 ωοάἰιῆωω
1415 1398 1431 1432 e
1449 1382 1545 1448 Regis·

174 1457 294 1502 mutans
311 1453 438 1502 desumtaa
456 1455 509 1516 ipse
526 1455 629 1509 latetun
648 1456 763 1512 ,tabulas
781 1471 838 1506 sero
855 1458 982 1505 domorum
1001 1465 1150 1519 suppurasse
1169 1457 1278 1504 amicum
1297 1454 1475 1518 Auguria
1491 1452 1544 1503 La·

175 1526 245 1574 aiam
257 1523 434 1574 Onotdhm·
473 1523 603 1574 caleulum
616 1536 702 1576 autem
719 1526 786 1576 hune
799 1529 902 1577 absolsit
913 1528 977 1577 duce
988 1527 1005 1576 J
1010 1527 1135 1577 ohanne
1147 1526 1341 1588 llispaleusi
1359 1523 1417 1586 (ed.
1428 1524 1547 1575 lla-ss

175 1594 262 1645 llorih.
282 1592 374 1655 15⁴8),
393 1609 466 1659 quem
495 1598 611 1659 „saepius
630 1598 735 1661 legendo
754 1598 800 1647 sibi
819 1599 950 1647 admodum
969 1599 1115 1647 familiarem
1133 1596 1302 1652 reddiderat*
1330 1603 1357 1645 et
1375 1597 1457 1646 suos
1474 1596 1547 1659 lss

177 1668 287 1715 auctoris
303 1665 412 1714 nondum
429 1665 571 1731 intelligam
591 1668 749 1724 „methodum
768 1669 830 1717 coeli
849 1670 973 1718 domicilia
990 1669 1145 1718 describendi
1162 1670 1216 1731 ipse
1234 1667 1390 1715 adinvenit·¹
1423 1666 1475 1716 His
1491 1680 1546 1731 p«-

177 1739 256 1800 eeptis
279 1737 400 1791 humus,
425 1739 523 1786 nescire
541 1753 587 1786 nos
604 1746 686 1787 ntrmn
704 1740 780 1788 rerba
798 1738 870 1788 ilarii
888 1740 952 1788 haee
969 1754 1012 1802 pro
1031 1741 1094 1788 seris
1112 1737 1259 1802 accipienda
1276 1738 1328 1786 sins
1344 1752 1446 1788 aecae:
1468 1736 1547 1793 ,lna

176 1808 242 1870 qaod
259 1807 314 1870 plus
332 1813 379 1865 est,
397 1805 465 1855 hanc
482 1815 563 1857 totam
575 1809 685 1874 erigendi
698 1810 789 1874 figuras
802 1811 864 1860 coeli
881 1811 1004 1859 rationem
1016 1811 1154 1875 excogitavi
1165 1811 1243 1873 prius,
1262 1822 1340 1873 quana
1356 1808 1400 1858 sel
1411 1810 1548 1874 φεμ

175 1879 202 1927 ia
221 1879 347 1927 autoribus
364 1878 396 1926 ds
414 1891 447 1926 ea
464 1877 540 1942 legi·

269 1965 485 2028 Gratissimum
513 1967 667 2028 inseruisti
690 1967 865 2046 duoypaqos
887 1968 988 2029 diarii.
1035 1966 1099 2028 Sed
1132 1967 1168 2027 de
1202 1968 1299 2046 ipsius
1330 1967 1450 2028 tabulis
1479 1967 1547 2030 dia·

177 2063 302 2135 ceptsre
326 2055 453 2117 ulterius
476 2056 592 2117 animus
616 2056 687 2117 mihi
711 2077 770 2117 non
794 2066 851 2116 est.
898 2055 1018 2118 Sufficit
1041 2056 1107 2129 hoc,
1132 2056 1210 2135 quod
1236 2056 1310 2129 diri,
1334 2056 1548 2118 incommodas

176 2163 245 2206 ease
268 2162 334 2218 usu,
358 2145 438 2224 quod
462 2144 548 2205 rideo
572 2157 726 2206 auctorem
748 2145 848 2205 lateri.
894 2144 1051 2226 Dirigendi
1076 2153 1107 2205 et
1122 2143 1258 2222 erigendi
1282 2145 1437 2206 rationem
1462 2164 1547 2208 more

178 2233 365 2293 Ptolemaiou
397 2233 511 2294 tradidi
539 2232 594 2294 tibi
618 2234 647 2294 in
671 2234 801 2306 chartis;
834 2231 937 2293 ibide
965 2233 1170 2294 fundamentis
1193 2231 1281 2311 hujus
1305 2232 1349 2294 rei
1375 2252 1417 2293 ex
1437 2234 1548 2297 Ptole·

177 2340 263 2382 maeo
286 2323 473 2402 disputatum
498 2321 691 2382 sufficienter.
738 2322 841 2383 Nolim
864 2338 935 2380 vero
957 2323 1026 2382 mihi
1043 2321 1259 2382 necessitatem
1278 2321 1394 2400 imponi
1418 2323 1550 2385 eundem

176 2409 348 2472 resumendi
373 2409 507 2471 laborem
531 2411 559 2470 in
584 2429 616 2470 re
639 2420 702 2470 tarn
721 2410 790 2471 vilis
815 2408 967 2469 momenti.
1014 2409 1156 2489 Sequitur
1179 2409 1209 2470 in
1227 2409 1326 2470 Mario
1342 2410 1439 2471 anxia
1462 2430 1548 2473 com·

175 2498 296 2578 paratio
320 2516 431 2571 eorum,
457 2517 533 2578 qnae
557 2498 622 2576 ipse
644 2498 757 2576 primns
780 2498 968 2578 computavit
990 2508 1022 2557 et
1040 2497 1271 2570 demonstravit,
1295 2515 1366 2558 cum
1390 2497 1441 2572 iis,
1468 2518 1548 2580 qnae

176 2607 223 2649 me
247 2587 387 2667 agnoscit
411 2586 580 2648 reddidisse
604 2587 816 2658 commodiora,
841 2585 888 2647 cui
912 2585 1102 2663 subjungitur
1125 2586 1317 2665 deprecatio,
1342 2605 1382 2647 ne
1403 2587 1548 2649 inhuma-

177 2676 296 2737 manius
320 2675 417 2755 ipsum
441 2685 581 2736 tractem.
628 2675 696 2736 Nisi
722 2674 824 2747 fallor,
849 2685 881 2735 tu
906 2674 948 2735 illi
972 2673 1131 2752 scripsisti,
1158 2694 1204 2734 me
1228 2675 1369 2754 publicas
1394 2668 1549 2738 'adsersus

178 2766 276 2845 ipsum
291 2764 463 2843 suscepisse
483 2763 664 2836 inimicitias,
690 2764 824 2841 adeoque
836 2763 899 2841 jam
915 2761 1062 2836 hostilem,
1087 2762 1113 2822 si
1129 2762 1195 2823 Deo
1214 2765 1325 2843 placet,
1349 2763 1462 2827 librum
1477 2765 1549 2828 mibi

176 2854 233 2914 snb
256 2853 395 2914 manibus
419 2853 544 2914 versari.
591 2853 637 2913 At
659 2853 704 2911 ita
727 2851 799 2912 mihi
824 2851 901 2910 bona
924 2869 1007 2910 mens
1031 2852 1149 2924 faveat,
1180 2852 1223 2912 uti
1246 2870 1303 2928 ego
1337 2870 1496 2932 nunquam
1521 2854 1549 2915 iu

178 2942 225 3001 his
253 2941 371 3019 spinis,
405 2941 514 3000 nedum
547 2941 577 3001 in
605 2939 875 3017 emendatiunculis
909 2939 1000 2999 ullam
1029 2940 1144 3017 gloriae
1177 2958 1263 3018 spem
1295 2958 1431 3019 pouam;
1471 2961 1549 3023 quaa

176 3029 239 3091 illis
262 3029 292 3089 in
307 3029 422 3089 chartis
442 3047 591 3108 nunquam
606 3029 788 3106 attigissem,
815 3027 840 3088 si
865 3026 978 3106 absque
997 3035 1051 3087 tua
1069 3028 1240 3106 importuna
1255 3029 1408 3107 petitione
1424 3031 1547 3093 luben

152 3116 279 3179 'Amici
302 3116 456 3190 charitati,
481 3135 538 3177 non
562 3135 628 3178 meo
654 3116 759 3189 lubitu,
785 3117 915 3194 scriptas
940 3116 1129 3188 memineris3
1162 3134 1291 3198 propero
1316 3117 1413 3197 igitur
1438 3128 1546 3183 m

178 3225 283 3267 eamus
306 3205 347 3265 ad
370 3205 440 3265 alia

248 3309 322 3360 Haeo
342 3309 426 3367 „alia”
446 3316 506 3358 sunt
522 3323 568 3364 ea,
592 3322 657 3372 quae
675 3307 802 3370 respondit
819 3305 941 3369 Keplerus
967 3307 1001 3355 ad
1018 3308 1143 3356 residuum
1166 3308 1287 3371 epistolae
1305 3310 1458 3371 usstass.
1485 3327 1552 3380 qaas

178 3382 284 3433 ruimus
302 3380 335 3430 ad
347 3380 503 3445 Dioptricam
521 3379 653 3429 referenda
671 3393 739 3431 esse;
759 3392 834 3442 quare
853 3380 929 3425 etiam
941 3376 1043 3441 Kepleri
1062 3380 1246 3441 responsionem
1259 3380 1318 3430 illuc
1336 3384 1481 3434 referum

249 3451 381 3502 Conclusio
399 3452 527 3501 literarum
545 3458 571 3499 et
589 3450 675 3499 datum
695 3450 793 3498 desum-
828 3447 886 3496 Jam
904 3450 977 3496 maso
997 3448 1118 3497 l'ickeuio
1137 3450 1170 3498 ad
1188 3451 1250 3499 alios
1268 3454 1414 3504 mmmmm.

252 3538 503 3604 christophorus
521 3537 760 3603 Reguloutins,
780 3532 848 3596 (ride
866 3534 942 3596 inira)
961 3536 1072 3600 Anglus,
1091 3537 1169 3600 pridie
1188 3537 1276 3588 Nonas
1295 3541 1369 3591 l'ebr.
1393 3541 1466 3593 1005
1484 3544 1551 3596 haas

178 3611 288 3676 Keplero
307 3611 422 3675 scripsit:
454 3610 604 3661 Doctissime
622 3609 672 3656 sir!
698 3607 831 3655 Tabellarii
848 3605 921 3667 hujus
940 3607 1003 3655 adeo
1026 3616 1125 3670 praeter
1151 3625 1249 3659 omnem
1273 3616 1482 3675 expectationem
1501 3616 1551 3667 db·

181 3697 269 3734 eeasus
294 3684 390 3732 subitas
413 3697 464 3732 non
488 3696 528 3730 me
547 3682 606 3728 sinit
623 3680 701 3727 luaius
718 3678 752 3726 ad
770 3686 795 3726 te
819 3677 940 3733 scribere,
967 3684 995 3725 ut
1016 3679 1105 3727 vellem
1130 3689 1158 3729 et
1179 3689 1208 3729 nt
1225 3696 1323 3746 semper
1340 3684 1402 3733 mihi
1422 3690 1449 3736 in
1469 3689 1554 3737 ιη’-ο

179 3755 241 3810 init.
270 3769 301 3804 ea
318 3769 366 3818 quo
383 3755 489 3817 primum
508 3752 674 3801 umouomica
698 3757 753 3797 tus
771 3747 904 3811 Optica,
933 3748 1048 3797 nundinis
1066 3753 1196 3813 postremis
1215 3753 1377 3818 pervulgata,
1407 3757 1443 3806 ad
1462 3772 1553 3809 m.

179 3836 277 3875 nostras
296 3826 416 3888 persenit
453 3824 521 3886 Opus
540 3822 647 3887 quidem,
666 3829 695 3869 nt
713 3820 792 3868 doctis
810 3819 921 3866 omuibus
939 3820 1114 3882 gratissimum,
1136 3824 1174 3870 ita
1191 3820 1225 3883 (si
1243 3825 1309 3886 quod
1328 3825 1400 3876 aliod
1418 3827 1496 3891 lanias
1508 3843 1552 3895 p·

179 3894 256 3956 aeris)
276 3896 398 3945 communi
417 3897 525 3943 omnium
543 3892 775 3942 mathematicorum
794 3889 912 3953 suffragio
930 3889 1134 3940 laudatissimum
1176 3892 1243 3942 h'am
1261 3897 1308 3944 etsi
1328 3897 1402 3947 multi
1421 3901 1449 3949 in
1469 3908 1551 3950 asas-

179 3968 266 4014 nomia
283 3966 363 4014 multa
380 3967 563 4028 conscripsere.
582 3971 681 4016 tamem
701 3968 729 4010 nt
747 3961 810 4024 qnod
830 3974 912 4007 rerum
931 3968 969 4007 est
989 3960 1064 4010 libere
1081 3964 1211 4025 profitear,
1235 3965 1390 4030 rehqnemm
1408 3984 1469 4020 earn
1488 3985 1553 4035 psas

180 4051 266 4086 omues
283 4034 394 4086 mebris
412 4037 564 4086 densissimis
584 4033 772 4087 circumfusam,
796 4046 828 4079 ex
851 4032 938 4093 quibus
963 4038 990 4079 tu
1008 4034 1112 4094 primum
1131 4048 1248 4098 agressu
1267 4051 1294 4085 es
1318 4039 1403 4101 ipsu
1422 4043 1451 4091 j„
1469 4041 1554 4093 ιω.

181 4107 318 4157 vindicare.
355 4107 394 4155 Tu
412 4109 478 4156 eninr
496 4122 546 4155 uon
564 4106 643 4154 solum
663 4103 799 4152 eruditione
818 4104 887 4149 saria
904 4103 1052 4157 instructus,
1081 4104 1125 4152 sed
1150 4114 1176 4153 et
1199 4109 1355 4169 experientia
1371 4112 1510 4178 mnln'plid
1527 4123 1555 4164 ss

181 4180 354 4228 observatione
374 4179 483 4240 adjutus,
503 4177 662 4226 difficultates
681 4188 767 4222 omnes
785 4173 859 4221 lacile
877 4175 1008 4235 superasti,
1029 4188 1084 4222 eum
1103 4175 1133 4223 de
1151 4178 1351 4235 sedationibus,
1371 4181 1405 4231 de
1424 4186 1495 4235 sim
1512 4198 1553 4236 η.

180 4252 257 4308 tione,
277 4250 307 4298 de
326 4250 381 4298 luce
400 4250 522 4303 siderum,
542 4249 573 4296 de
592 4246 718 4309 eclipsium
738 4245 924 4297 observatione.
943 4243 975 4291 de
993 4245 1158 4306 parallaribus
1181 4258 1207 4296 et
1225 4248 1326 4312 reliquis
1343 4251 1421 4314 haim
1439 4256 1554 4306 affl

180 4323 304 4370 scientiae
322 4322 415 4368 intimis
434 4320 533 4368 areanis
552 4318 615 4366 adeo
635 4317 702 4365 clare
721 4313 906 4378 philosophatus
925 4316 967 4368 sis.
987 4324 1014 4362 nt
1033 4316 1083 4364 lere
1102 4317 1161 4366 nihil
1180 4321 1303 4367 intactum
1315 4321 1451 4387 reliquis„
1463 4327 1551 4377 vim.

180 4394 229 4446 ria.
257 4391 323 4456 quod
341 4390 374 4440 ad
393 4390 460 4438 hane
478 4397 558 4438 assem
577 4388 640 4437 adeo
658 4386 766 4435 divinam
786 4384 986 4446 amplificandam
1010 4386 1048 4434 sei
1066 4387 1184 4448 physicae
1207 4390 1246 4439 sel
1265 4393 1367 4453 opsitae
1392 4403 1421 4444 et
1440 4398 1555 4462 reliquae

179 4462 323 4512 matheseos
340 4460 621 4522 thusumppeditare
639 4465 748 4519 munt
787 4454 869 4514 Quam
886 4455 991 4509 obrem,
1010 4459 1030 4504 si
1049 4457 1158 4508 antehae
1175 4462 1555 4518 morsimatusamuffl

180 4533 305 4594 'lychonis
323 4545 409 4580 omnes
428 4532 593 4579 monomiae
612 4528 724 4576 alumne
741 4525 878 4574 incredibili
896 4540 960 4588 pene
979 4526 1062 4576 dolore
1081 4528 1174 4586 affecit,
1194 4533 1219 4578 in
1237 4531 1286 4581 hoe
1304 4548 1371 4584 sans
1389 4552 1444 4587 m
1457 4542 1554 4591 m..

180 4604 274 4668 gaudio
291 4617 320 4651 se
337 4606 463 4650 recreatos
481 4603 604 4654 undant,
632 4598 817 4646 lucubrationes
836 4599 889 4656 eius
916 4604 1035 4660 tanquam
1054 4599 1142 4648 liberos
1160 4612 1265 4663 parente
1283 4607 1382 4667 propris
1402 4610 1510 4660 om
1527 4610 1554 4660 ’ῃ

182 4674 288 4723 tutelam
306 4672 405 4736 patroni
422 4678 475 4719 nm
494 4670 622 4719 exercitati
641 4677 667 4716 et
685 4668 764 4717 fidelis
783 4666 919 4715 devenisse.
957 4667 990 4715 Et
1007 4676 1075 4717 certe
1093 4673 1188 4733 gratias
1207 4674 1252 4721 tibi
1264 4688 1316 4722 non
1329 4680 1454 4731 minim
1466 4694 1554 4732 m.

182 4743 347 4793 debenswes
364 4741 500 4796 memus,
525 4741 590 4805 quod
608 4739 728 4788 theonam
746 4737 836 4786 llartia
853 4739 961 4786 numeris
985 4740 1035 4786 sn'u
1055 4740 1194 4790 absolutam
1219 4745 1366 4807 propediem
1384 4751 1462 4802 nobb
1479 4753 1552 4817 μω.

182 4815 260 4871 oesiss
288 4809 1463 4877 utnimdleintererratieuomiummasimeiatsbnl'uabipsoeoelsdsaesu
1494 4822 1556 4889 ιμ
