3428 5542
638 268 918 385 mmxv'mm
1068 327 1072 333 ·
1157 262 1237 360 s
1401 319 1463 389 ico

101 487 215 537 tuerunt
236 498 298 537 essa
322 480 461 552 conjuncti
481 479 509 536 in
531 481 585 536 hoc
607 482 761 553 archetypo
784 481 885 536 mundi.
927 481 1021 536 Causa
1047 482 1124 537 diota
1145 488 1190 537 est
1213 482 1241 538 in
1264 483 1463 554 superioribus.

100 561 219 616 Nimium
233 561 305 616 enim
320 562 494 616 considerent
508 562 604 616 orbes:
626 562 726 616 darent
747 563 867 631 majores
891 563 1158 632 prosthaphaereses
1183 563 1257 618 orbis
1272 564 1367 636 magni
1389 567 1464 636 apud

100 642 234 712 singulm,
256 649 376 713 quantos
390 659 446 697 nou
458 642 645 696 observamus.
687 643 763 712 Ergo
787 642 840 697 fuit
852 642 1052 711 respiciendum
1073 645 1109 697 ad
1124 643 1272 698 distantias
1286 644 1463 713 planetarum

100 738 119 777 a
131 721 197 777 Sole
211 739 266 776 nou
279 722 437 785 mediocres,
460 723 508 776 sed
523 721 664 791 apheliam
685 738 777 775 eorum
802 721 939 776 interioris
957 728 987 777 ct
1006 722 1169 792 periheliam
1188 723 1347 787 exterioris,
1370 724 1462 788 idest,

100 804 137 856 ad
151 801 373 857 eccontricitates
387 801 574 872 planetarum,
596 817 668 872 quae
691 802 839 856 distantias
861 801 1000 871 apheliam
1015 811 1045 857 et
1059 801 1222 872 periboliam
1237 803 1366 859 formant.
1410 808 1462 858 At·

100 881 147 954 qui
162 881 201 935 sic
215 883 250 936 ad
264 881 373 937 incerta
385 878 585 951 respiciebam:
608 882 725 935 nondum
749 880 821 936 euim
835 888 898 936 erat
912 881 1027 954 cognita
1048 881 1283 938 eccentricitatum
1298 900 1393 948 causa,
1416 901 1464 940 cur

45 1011 50 1018 ,
99 966 184 1017 tanta
198 968 275 1015 essct
288 978 373 1031 penes
388 961 513 1032 singulos
527 961 659 1031 planetas
673 962 878 1023 ecoentricitas;
900 977 948 1015 cur
962 968 1044 1016 tanta
1064 962 1231 1024 differentia;
1254 980 1302 1016 cur
1316 963 1461 1027 Saturnus,

100 1041 211 1112 Jupiter
225 1041 373 1095 mediocres
393 1040 539 1104 haberent,
554 1041 639 1104 Mars,
654 1041 805 1095 Mercurius
820 1041 962 1106 maximas,
979 1041 1081 1104 Tellus,
1097 1043 1191 1096 Venus
1206 1041 1339 1097 minimas.
1381 1044 1463 1114 Igno·

100 1128 166 1176 rata
179 1137 272 1186 causa,
297 1121 481 1192 quantitatem
504 1120 628 1191 ignorari
651 1137 764 1174 necesse
788 1130 849 1177 erat
872 1139 890 1177 a
910 1121 1004 1191 priori,
1028 1121 1190 1176 remittebat
1214 1125 1249 1176 ad
1263 1124 1351 1176 nudas
1368 1125 1463 1177 obser·

99 1201 237 1256 vationes.
519 1213 523 1222 ’

181 1275 213 1350 d)
233 1281 278 1334 lta
286 1279 394 1351 quidem
408 1285 487 1334 tenet
499 1280 676 1334 Ptolemaeus
697 1287 727 1334 et
740 1298 778 1334 ex
791 1280 841 1334 illo
856 1280 1032 1350 Copernicus.
1069 1281 1116 1334 Sol
1131 1278 1203 1335 enim
1218 1278 1279 1347 (seu
1293 1278 1392 1345 Terra)
1407 1298 1462 1336 non

58 1412 63 1416 .
101 1367 212 1416 tautum
233 1359 359 1430 epicyolo
383 1366 474 1423 caret,
510 1360 664 1414 sedetiam
688 1366 835 1431 aequante,
869 1368 901 1414 ut
924 1361 965 1415 illi
988 1362 1147 1432 put-abant..
1189 1363 1230 1413 At
1251 1363 1399 1417 secundum
1421 1360 1462 1415 rei

100 1442 248 1497 vamtatem
269 1440 298 1495 iu
318 1446 394 1494 motu
416 1439 465 1494 illo
486 1440 676 1494 translationis
697 1440 770 1494 circa
783 1439 876 1494 Solem
896 1441 992 1495 similis
1014 1449 1059 1495 est
1073 1441 1160 1495 Tarra
1180 1439 1328 1512 unicuique
1342 1441 1462 1513 reliquo-

101 1538 161 1577 rum
174 1521 353 1591 planetarum
375 1519 403 1573 iu
418 1519 556 1581 omnibus;
580 1527 612 1575 ut
634 1523 854 1575 demonstratum
877 1528 922 1575 cst
943 1537 1016 1575 ame
1040 1520 1068 1574 in
1084 1521 1234 1575 Commeat.
1247 1520 1356 1586 Martis,
1380 1527 1463 1593 parte

103 1600 197 1664 tertia,
222 1607 252 1654 et
273 1599 350 1670 Epit.
372 1603 448 1654 Astr.
472 1599 520 1653 lib.
545 1599 605 1654 Vll.
1486 1662 1496 1677 Ι

182 1677 210 1746 e)
233 1679 287 1734 Hic
301 1678 374 1734 orbis
389 1678 549 1734 Ptolemaeo
564 1678 671 1742 Solis,
695 1677 845 1749 Coperuioo
860 1679 1005 1744 Terrae,
1026 1678 1181 1735 Pruteniois
1201 1695 1342 1735 annuus
1363 1678 1463 1734 dictus.

182 1760 205 1825 f)
229 1760 307 1813 Haec
321 1758 465 1829 coperuioi
479 1760 594 1829 querela
616 1758 786 1829 potissimum
801 1758 918 1830 attingit
939 1759 1002 1812 loca
1016 1776 1204 1833 apogaeorum
1220 1757 1303 1830 (quae
1317 1758 1380 1813 looa
1395 1756 1464 1813 nihil

103 1839 226 1895 attinent
238 1839 292 1894 hoo
306 1836 447 1911 negotium
461 1838 647 1911 proportionis
662 1835 792 1904 orbium);
815 1857 869 1893 nou
884 1840 981 1893 eadem
995 1847 1039 1894 est
1053 1843 1087 1894 de
1101 1838 1363 1895 ecceutricitatibus.
1405 1838 1463 1893 Ita·
1503 1888 1512 1896 ,

103 1937 156 1992 que
175 1937 230 1975 uon
252 1918 343 1990 pejus,
368 1921 415 1973 sed
438 1919 536 1973 melius
560 1919 666 1974 habent
688 1919 767 1989 ipsae
791 1919 896 1974 orbium
919 1919 1120 1989 spissitudines.

183 1994 216 2073 g)
240 1999 392 2054 Audaciam
415 2016 479 2052 ecoe
503 1998 665 2068 sponsionis,
690 2000 830 2054 sudlrltam
854 1998 1018 2054 difficultate
1041 1998 1204 2055 conditionis
1225 1997 1270 2053 hic
1293 1996 1463 2068 propositae.

102 2080 172 2134 Vide
195 2087 289 2134 tamen
310 2086 340 2133 et
363 2077 538 2133 felicitatem:
563 2080 730 2149 exploratae
744 2087 809 2134 sunt
832 2096 906 2135 ame
921 2081 1093 2150 quantitates
1113 2073 1350 2133 eoeantricitatum
1364 2094 1402 2133 ex
1415 2078 1464 2132 ob·

103 2159 307 2215 certationibus
321 2158 434 2223 Brahei,
448 2159 611 2229 patefactae
625 2159 653 2213 in
667 2159 839 2214 Harmonieis
855 2176 956 2214 causae
971 2160 1207 2215 occentrioitatum
1221 2158 1410 2232 singularum:
1434 2164 1464 2212 et

103 2258 168 2294 ecce
182 2241 339 2310 productos,
364 2256 418 2293 non
431 2238 539 2309 quidem
554 2257 592 2294 ex
605 2240 672 2294 solis
687 2240 705 2295 5
719 2240 824 2311 figuris,
850 2242 898 2294 sed
923 2241 1095 2310 potissimum
1115 2258 1152 2294 ex
1166 2239 1257 2293 causis
1271 2232 1463 2293 ecccntricita'·

103 2326 161 2375 tum
189 2313 367 2388 (harmoniis)
391 2335 470 2373 arcus
493 2336 545 2390 per
568 2320 660 2374 omnia
682 2320 802 2375 motibus
825 2336 968 2374 consonos.

182 2396 214 2465 h)
237 2398 378 2454 Laudatis
402 2398 500 2468 opinor
523 2399 607 2453 etiam
631 2401 776 2469 puerulum
800 2400 953 2464 trimulum,
983 2403 1204 2473 praesumentem
1229 2397 1318 2452 animo
1341 2413 1466 2469 pugnam

102 2496 163 2533 oum
177 2479 349 2552 gigantibus.
384 2479 446 2533 Nou
460 2478 532 2533 enim
546 2496 639 2535 omnes
654 2480 839 2535 astronomiae
858 2480 948 2543 naevi,
972 2480 1025 2534 imo
1048 2478 1159 2533 minius
1181 2479 1290 2532 illorum
1310 2493 1377 2547 pars
1400 2483 1466 2531 suut

102 2577 139 2613 ex
162 2558 268 2613 vitiosis
292 2557 545 2613 eccentricitatibus
577 2559 757 2630 singulorum.
800 2561 843 2615 De
867 2560 939 2615 Solis
967 2561 1012 2613 vel
1036 2559 1139 2612 Terrae
1167 2556 1373 2613 eoceutricitate
1401 2562 1466 2627 post

103 2638 217 2694 dicatur.
531 2635 536 2644 “
1150 2639 1153 2643 ’

183 2714 205 2782 i)
228 2717 314 2772 Nullo
329 2716 462 2787 equidem,
487 2734 522 2771 ne
535 2716 644 2772 minimo
660 2718 780 2788 quidem;
805 2719 870 2789 quia
884 2717 1073 2772 conformant
1092 2717 1182 2780 orbes,
1207 2733 1259 2771 neo
1272 2715 1465 2784 praescribunt

104 2805 192 2854 metas
208 2795 453 2852 eocentrioitatum.
482 2797 535 2851 Sed
550 2797 597 2851 ubi
611 2798 687 2868 prius
702 2798 833 2852 inventae
848 2798 951 2852 lirerint
964 2796 1195 2860 eccentricitates,
1216 2802 1248 2851 ut
1261 2815 1294 2850 ro
1309 2792 1350 2851 dra
1365 2813 1401 2850 ex
1416 2798 1464 2851 ob·

102 2878 309 2933 certationibus
324 2877 436 2940 Brahsi,
456 2875 516 2947 jam
530 2877 647 2948 denique
669 2878 758 2932 locum
780 2879 867 2933 habet
888 2876 1028 2949 inquisitio
1047 2893 1192 2931 causarum
1215 2893 1316 2934 seura
1335 2877 1410 2932 deors
1427 2892 1489 2945 ex,

103 2959 146 3012 his
171 2957 290 3028 quinque
312 2956 410 3027 figuris
433 2964 464 3010 et
482 2956 588 3025 junctis
611 2958 834 3028 proportionibus
858 2957 1032 3013 harmonicis.

182 3034 215 3103 lc)
239 3038 306 3092 Cum
320 3035 392 3090 euim
414 3036 619 3091 harmoniarum
642 3038 679 3092 sit
699 3037 794 3109 aliqua
814 3040 903 3110 copia,
928 3040 1036 3092 electae
1060 3037 1173 3092 fluerunt
1195 3053 1245 3107 pro
1259 3034 1465 3108 singulis—bigis

101 3119 278 3187 planetarum
300 3115 465 3180 vicinorum,
493 3132 565 3186 quae
588 3117 745 3188 quantitate
770 3113 851 3189 quam
874 3119 1000 3190 proxime
1021 3120 1220 3187 responderent
1242 3115 1465 3187 proportionibus

102 3197 200 3252 harum
224 3197 343 3269 quinque
366 3197 526 3267 figurarum.

699 3365 725 3370 ·—·
751 3361 872 3372 -..u-..Q-

658 3547 777 3648 Caput
803 3546 910 3622 XIX.

268 3709 326 3771 Ds
348 3705 544 3792 asponam
566 3710 600 3772 in
622 3705 725 3789 specie
743 3706 948 3790 planetarum
969 3708 1101 3770 residuo
1124 3703 1296 3770 discordia.

194 3851 280 3921 Haeo
312 3850 405 3930 igitur
436 3851 466 3913 in
499 3869 609 3931 genere
643 3851 739 3924 fuere,
774 3869 850 3929 quae
883 3869 1005 3913 oausam
1034 3871 1130 3913 meam
1163 3848 1298 3911 relevare
1329 3851 1466 3924 possunt.

101 3941 190 4005 Nunc
222 3940 252 4001 in
277 3939 378 4020 specie
400 3939 571 4014 videamus,
607 3938 714 4018 ecquid
743 3939 880 4000 excusari
910 3940 1037 4018 amplius
1060 3940 1169 4020 possit,
1216 3934 1338 3997 Initium
1362 3953 1381 3993 a
1404 3930 1466 3995 Sa-

104 4038 192 4091 turno
215 4047 379 4091 sumamus.
427 4031 529 4109 Atque
558 4029 621 4108 ejus
653 4026 772 4109 quidem
795 4026 961 4104 ἀποςηματι
989 4048 1101 4110 magna
1129 4030 1212 4091 iacta
1240 4030 1290 4085 est
1312 4022 1465 4084 accessio:

102 4118 156 4179 sed
190 4135 267 4197 quae
300 4125 400 4179 tamen
430 4117 630 4180 differentiam
653 4116 965 4198 prosthaphaereseos
989 4126 1116 4180 causata
1149 4123 1198 4179 eat
1230 4131 1287 4177 non
1317 4111 1465 4200 majorem

103 4203 141 4268 dl
175 4205 335 4285 scropulis.
373 4206 461 4287 ¹Nam
490 4207 568 4268 sicut
598 4206 703 4285 iugens
738 4205 803 4285 ejus
835 4206 984 4269 distantia
1014 4206 1189 4269 facillimam
1217 4201 1310 4265 errori
1343 4216 1464 4261 causam

104 4294 233 4377 praebet
255 4294 286 4356 iu
310 4294 537 4358 observatione:
571 4295 616 4356 sio
640 4295 776 4356 erroris
802 4295 950 4357 distantia
974 4290 1111 4376 quamvis
1135 4295 1303 4358 luculentus
1327 4287 1466 4366 exiguam
1506 4304 1509 4311 ’
1602 4277 1606 4289 ’

101 4391 133 4446 et
156 4383 296 4465 opinione
321 4381 581 4447 minoremefficit
608 4382 638 4444 in
667 4388 929 4464 προσθαφαιρισιι
952 4384 1172 4447 diversitatem.
1218 4381 1260 4443 Et
1283 4388 1384 4439 tamen
1408 4394 1464 4437 ne-

104 4492 160 4554 que
183 4473 272 4552 hujus
296 4473 404 4535 sideris
427 4480 525 4535 motus
550 4472 719 4534 certissime
743 4472 894 4534 dimensos
919 4493 986 4535 esse
1002 4481 1200 4546 astronomos,
1225 4469 1273 4530 vel
1293 4466 1359 4527 sola
1372 4483 1463 4545 prae·

106 4560 200 4623 terite
222 4561 330 4642 hyeme
355 4573 476 4624 cernere
500 4569 577 4623 erat.
624 4560 703 4623 Nam
726 4561 774 4622 die
798 4558 830 4623 2.
859 4559 907 4623 12.
932 4561 1079 4624 Novemb.
1105 4580 1183 4622 anno
1209 4550 1465 4620 lassescamus

104 4649 187 4713 visus
210 4657 260 4712 est
283 4657 390 4712 exacte
414 4649 493 4712 inter
516 4648 663 4711 cervicem
686 4657 717 4711 et
740 4648 792 4713 cor
816 4651 942 4722 Leonis,
974 4650 1022 4712 ubi
1048 4670 1115 4712 esse
1140 4644 1271 4710 debebat
1303 4642 1465 4703 secundom

104 4740 252 4801 calculum
277 4739 325 4800 die
349 4735 403 4800 21.
429 4734 481 4801 31.
508 4736 650 4801 Octobris
673 4739 850 4818 praeterita.
889 4739 1172 4817 Differentiavloug.
1189 4733 1243 4799 37¹
1267 4733 1334 4815 plus
1357 4731 1464 4792 miuus.

107 4825 195 4899 Quod
224 4828 252 4888 si
283 4827 362 4890 banc
390 4827 591 4913 quantitatem
622 4847 678 4890 nou
709 4827 836 4892 excedat
863 4828 928 4905 ejus
958 4824 1167 4908 aGopemico
1196 4820 1349 4886 discordia
1376 4838 1465 4900 apon-
