3428 5542
430 313 533 366 thsrse
551 312 655 380 ΚΑΜ
678 315 835 381 aliumne
851 323 957 370 muas
978 316 1011 369 ds
1028 317 1102 370 κὴ
1119 317 1282 386 astrologicis
1469 316 1534 385 295

175 473 270 552 elegit
295 472 432 536 modum:
465 472 492 535 si
515 471 571 537 Sol
599 473 648 537 die
677 475 849 538 nativitatis
882 477 1037 556 cujusdam
1069 477 1198 540 hominis
1226 486 1343 542 certum
1374 478 1472 542 locum
1503 479 1535 544 in

174 562 301 625 zodiaco
325 562 455 625 obtinuit
483 571 515 625 et
537 562 661 643 planeta
685 562 795 643 aliquis
824 565 1016 644 postmodum
1043 565 1106 629 alio
1130 567 1261 648 quodam
1282 566 1435 631 invenitur
1456 569 1533 644 loco,

175 651 340 714 secundum
362 652 585 731 astrologorum
608 652 791 714 senteutiam
815 653 916 732 gravi,
941 661 1096 734 computat
1120 663 1194 736 quot
1216 657 1321 719 diebus
1345 674 1364 716 a
1387 655 1535 718 nativite-

174 739 217 801 tis
240 739 290 800 die
314 736 369 801 Sol
392 739 430 801 ad
454 740 581 802 eundem
603 741 776 820 pervenerit
799 741 911 816 locum3
939 762 1078 805 numerus
1109 744 1212 806 horum
1242 745 1357 806 dierum
1386 744 1536 824 significat

175 828 306 891 totidem
328 846 439 976 ὶηυοε,
463 829 571 908 quibus
595 828 708 907 elapsis
731 829 801 890 inde
825 849 844 890 a
867 831 1039 893 nativitatis
1063 832 1112 894 die
1138 832 1185 894 vis
1210 833 1299 913 hujus
1323 833 1534 896 constellatio·

175 916 224 980 nis
248 916 389 996 prodiit.

265 1005 463 1084 Praecipuum
485 1004 545 1066 vim
574 1004 687 1066 hubent
716 1005 879 1068 secundum
907 1007 1079 1087 astrologos
1103 1008 1263 1070 duodecim
1291 1008 1407 1070 zodiaci
1436 1008 1533 1089 sigua,
1602 1011 1607 1021 ’

176 1093 403 1173 dispositacum
418 1095 498 1168 bina,
524 1101 587 1154 tum
601 1093 681 1155 trina
700 1094 754 1157 duo.
800 1093 874 1156 Alia
897 1104 968 1156 snut
990 1097 1117 1176 aestiua,
1144 1098 1206 1159 alia
1228 1098 1370 1170 hiberna3
1395 1097 1457 1168 alia
1479 1117 1534 1160 ca·

175 1183 248 1257 lide,
275 1182 425 1263 aquatica,
450 1190 553 1244 terrea
567 1182 640 1254 te„
664 1182 833 1244 masculina
848 1191 879 1245 et
894 1183 1043 1260 feminina,
1068 1187 1197 1248 humana
1213 1186 1346 1249 etbruta
1361 1186 1415 1248 uc.
1461 1185 1534 1250 Siu-

175 1272 265 1351 gulae
297 1270 408 1332 Terrae
440 1271 578 1350 regiones
608 1270 669 1331 illis
697 1271 835 1350 subjecta
866 1279 953 1346 suut,
991 1282 1023 1334 et
1054 1274 1099 1336 sic
1128 1292 1226 1353 porro.
1247 1307 1288 1318 -
1309 1273 1343 1336 Si
1377 1273 1443 1355 quis
1470 1293 1535 1337 rem

174 1359 295 1441 plenius
313 1376 495 1439 cognoscere
518 1358 601 1432 velit,
626 1376 693 1420 eum
716 1359 893 1439 ablegamus
918 1361 957 1421 ad
971 1362 1179 1424 Ptolemaei
1205 1363 1274 1437 „De
1293 1361 1415 1443 judiciis
1430 1369 1534 1424 astro-

176 1451 265 1510 rum‘⁴
287 1446 397 1510 Libros
420 1448 478 1523 IV,
502 1447 550 1510 vel
574 1448 613 1519 ed
638 1445 806 1510 Cardeni
830 1446 1086 1513 commentarium
1110 1451 1149 1513 ed
1173 1452 1336 1531 hocopus,
1361 1451 1409 1513 vel
1432 1451 1534 1530 potis·

176 1538 286 1601 simum
310 1536 348 1596 ad
373 1534 530 1616 Origaui
553 1535 770 1615 Ephemerides
795 1538 951 1607 (Francos.
979 1535 1095 1614 1609),
1125 1539 1174 1621 qui
1197 1539 1355 1620 praemisit
1376 1539 1424 1601 his
1446 1539 1532 1600 inte·

176 1644 264 1708 grum
293 1625 444 1701 volumen,
478 1627 507 1685 in
539 1642 597 1703 (1¹¹0
629 1625 667 1686 de
689 1625 857 1704 astrologia
884 1627 1032 1707 exquisite
1061 1636 1093 1690 et
1121 1637 1263 1691 accurate
1292 1627 1426 1708 (paginis
1451 1624 1533 1701 790)

176 1716 324 1794 disputat,

248 1872 295 1922 His
312 1870 454 1935 praemissis
471 1871 604 1920 transimus
623 1871 656 1922 sd
675 1886 719 1930 ea,
745 1885 809 1936 qnae
828 1872 952 1936 Keplerus
970 1874 1023 1938 egit
1048 1887 1104 1924 cum
1123 1875 1211 1924 amieis
1230 1874 1260 1924 de
1279 1873 1351 1924 rebus
1370 1874 1534 1942 astrologicis,

175 1944 320 2009 libellosque
338 1942 419 2005 ipsos.
448 1957 507 2007 quos
526 1942 557 1992 de
576 1942 710 2010 astrologia
727 1943 817 2008 publici
833 1945 895 2007 Jrris
923 1944 995 2003 iecit.
1021 1947 1076 2010 qui,
1101 1952 1129 1994 ut
1153 1945 1271 2003 diximus.
1303 1946 1377 2009 pauci
1396 1953 1467 2005 snut,
1495 1961 1543 1996 rem

176 2027 304 2066 sensnm
323 2011 451 2064 addendus
469 2013 547 2064 literis
565 2014 675 2078 privatis.

249 2084 476 2136 calendarium
494 2086 554 2134 arui
575 2081 642 2135 1195
662 2085 802 2149 Tubingam
819 2085 886 2135 misit
906 2086 1038 2151 Keplerns,
1058 2085 1245 2136 Maestlino
1263 2086 1304 2135 die
1322 2083 1365 2135 211.
1379 2085 1434 2137 Oct
1456 2083 1535 2144 1191.

177 2158 210 2210 ds
229 2163 314 2217 „stam
332 2169 414 2205 rarum
431 2155 548 2206 susmm“
568 2157 729 2220 perscribens,
749 2155 782 2205 sb
795 2170 873 2220 eoque
885 2164 980 2221 petens,
999 2163 1028 2207 ut
1047 2157 1216 2221 „exemplaria
1235 2155 1377 2207 Calendaril
1397 2157 1536 2207 11111111
1648 2201 1650 2207 .

177 2231 218 2286 iis.
247 2228 335 2293 quibus
354 2227 473 2290 inscripta
490 2232 589 2285 eraut,“
610 2226 774 2277 distribueret
813 2226 915 2278 Literna
932 2229 992 2287 hae,
1011 2228 1098 2292 quibus
1114 2228 1239 2292 Keplerrs
1257 2229 1355 2278 initium
1374 2228 1435 2278 iecit
1450 2227 1536 2279 litera·

176 2314 232 2350 rnm
256 2297 395 2348 dandarum
419 2298 665 2362 recipiendarumque
683 2312 739 2348 cum
761 2295 904 2357 blaestliuo,
938 2300 964 2348 ln
992 2299 1138 2350 collectione
1166 2300 1387 2363 manuscriptorum
1409 2296 1535 2365 stuttgar-

176 2371 251 2421 densi
270 2367 360 2432 (comp.
379 2383 403 2432 p.
424 2366 462 2428 7.)
482 2368 579 2419 desum.
616 2368 811 2432 Responsiouem
834 2383 891 2418 vero
917 2369 1085 2420 Maestliul
1111 2369 1211 2420 exhibet
1232 2369 1374 2420 Hauschlrs
1398 2382 1421 2432 p.
1442 2366 1467 2418 l.
1492 2369 1534 2420 de·

176 2448 287 2493 sumtam
306 2454 320 2489 e
339 2439 394 2488 Vol.
410 2439 472 2489 Mas.
490 2440 607 2490 Viennae
630 2446 773 2490 conservato
798 2437 865 2502 (side
884 2455 959 2510 supra
981 2455 1005 2504 p.
1025 2439 1041 2488 7
1060 2448 1086 2491 et
1105 2437 1170 2502 et).
1207 2439 1365 2504 Exemplaria
1386 2439 1536 2496 Calendarii.

176 2513 263 2564 scribit
290 2510 448 2568 Maestlirrs,
476 2517 535 2562 ate
555 2511 615 2560 editi
642 2511 754 2560 distribui
781 2511 823 2568 iis,
852 2512 938 2575 quibus
965 2512 1083 2576 imeripta
1110 2517 1189 2562 erant.
1228 2511 1267 2561 Ea
1296 2511 1370 2576 longe
1395 2512 1538 2575 gratissima

175 2585 292 2639 merant,
314 2583 362 2631 nisi
380 2582 445 2646 qnod
463 2597 553 2632 rorum
577 2582 674 2642 stilum,
695 2582 761 2645 apud
779 2596 823 2631 ros
846 2582 1007 2639 inusitatum,
1030 2597 1085 2633 cnm
1108 2583 1186 2633 veteri
1203 2589 1286 2631 nostro
1309 2583 1469 2643 conjunctum
1486 2595 1537 2631 uon
1621 2583 1625 2591 “

175 2656 279 2705 habent.
317 2652 417 2703 Gratias
435 2667 487 2703 una
503 2666 602 2703 mecum
621 2656 700 2719 agunt
718 2653 839 2702 maximas
857 2659 930 2718 teque
949 2655 974 2702 in
993 2655 1101 2704 statione
1119 2653 1163 2704 illa
1181 2659 1226 2702 tua
1243 2667 1346 2717 pergere
1362 2652 1463 2714 jubent,
1490 2665 1537 2701 nec

177 2727 279 2776 dubium
298 2730 351 2782 est,
370 2724 429 2788 quin
447 2740 494 2788 ope
512 2723 597 2773 dirius
614 2722 731 2788 Spartam
749 2729 819 2772 tuam
837 2725 937 2790 egregie
955 2725 989 2773 sis
1008 2733 1175 2775 exornatores.
1196 2755 1247 2772 ..·
1272 2723 1368 2773 Thema
1386 2722 1469 2773 affinis
1487 2724 1537 2773 mei

175 2797 201 2849 J.
215 2796 243 2846 (l.
257 2793 412 2846 Burckhsrdi
428 2794 538 2845 nundum
557 2796 655 2845 omniuo
668 2793 769 2859 perlegi,
788 2794 926 2845 recadhuc
940 2809 1026 2845 socero
1038 2811 1093 2846 meo
1106 2796 1211 2845 exhibui.
1248 2793 1273 2843 ls
1285 2795 1326 2843 ubi
1339 2808 1405 2843 nuuc
1427 2800 1538 2844 versetur

176 2868 263 2919 rucio
281 2865 327 2916 hc.
1148 2880 1150 2885 ’

249 2937 323 2999 erse
348 2938 382 2988 sd
406 2937 452 2986 has
470 2934 596 2987 Maestliri
623 2936 709 2985 literas
732 2935 859 2998 respondit
874 2935 1012 2999 neptem.
1042 2935 1158 3001 leguntur
1181 2948 1258 3000 supra
1280 2950 1304 2999 p.
1324 2933 1354 2993 7,
1377 2936 1403 2985 iu
1426 2946 1477 3001 qus
1493 2949 1537 2986 re·

155 3010 309 3075 ,sponsione
335 3006 472 3072 Keplerum
495 3006 699 3070 deprehendimus
724 3006 913 3057 muratoribus
940 3008 991 3057 suis
1018 3007 1049 3058 de
1079 3013 1228 3070 tempestate
1255 3008 1314 3056 arri
1341 3004 1409 3056 totu
1433 3006 1551 3057 conten-⁸

177 3086 248 3138 tum.
273 3078 433 3133 scribentem:
458 3080 539 3142 ipsum
557 3078 655 3142 quidem
674 3076 850 3128 Galerdarirm
869 3077 950 3128 adhuc
968 3075 1025 3139 (18.
1043 3074 1115 3139 Jsr.)
1135 3085 1231 3128 certum
1251 3082 1297 3126 est
1334 3076 1421 3143 Frigus
1438 3077 1537 3127 inandi-

178 3158 234 3202 tam
251 3153 278 3200 ia
295 3149 335 3199 his
352 3150 494 3216 regionibus
512 3147 557 3199 do.

251 3221 343 3273 lisdem
374 3221 406 3270 sd
430 3219 590 3269 lleesthrum
618 3218 683 3268 datis
710 3217 788 3268 literis
816 3218 929 3280 11111111
954 3218 1077 3283 Replerrs
1106 3218 1190 3269 litem
1216 3218 1250 3269 sd
1273 3218 1336 3270 alios
1363 3217 1420 3268 olim
1449 3232 1537 3282 „prse-

180 3292 421 3358 superaturos,
456 3290 658 3340 Matthaerm
694 3288 961 3339 Haleureliernm
1008 3287 1071 3350 („D.
1102 3288 1134 3338 D.
1170 3288 1325 3340 Halersffero
1359 3289 1438 3339 scribo
1476 3288 1537 3341 hac·

182 3373 269 3420 unns.
297 3367 324 3412 et
346 3366 400 3426 jam
425 3363 556 3426 septimam
583 3361 701 3425 paginam
726 3361 835 3411 absolri“
863 3361 968 3410 nunciat
984 3356 1132 3420 Maestliro)
1156 3367 1182 3410 et
1200 3359 1400 3423 Stephanum
1427 3360 1537 3410 Gerla-

180 3435 283 3485 ohirm
301 3431 454 3499 (theologiae
467 3433 628 3497 professorem
641 3430 747 3497 Tubiug.
766 3427 884 3492 †1612].
921 3430 1022 3481 thcrae
1041 3431 1074 3480 ad
1086 3430 1284 3481 Hsierrefferrm
1295 3430 1371 3480 datae
1383 3430 1488 3488 desnrt;
1507 3444 1538 3481 ex

179 3509 219 3563 iis.
237 3519 302 3570 qnae
320 3506 448 3568 respondit
464 3505 520 3559 illa.
539 3503 602 3553 haec
621 3504 778 3566 apporimm:
797 3503 889 3566 Accepi
909 3516 997 3552 nunnus
1021 3508 1091 3551 turm
1104 3501 1301 3566 chronologicum
1320 3507 1346 3550 et
1360 3500 1423 3569 legi.
1443 3501 1537 3551 dnobus

179 3576 397 3628 mihincminibns
415 3576 595 3641 gratissimum.
621 3578 647 3622 et
665 3572 729 3637 quod
748 3572 825 3629 dono.
853 3580 880 3623 et
896 3573 1018 3626 maxime,
1048 3572 1115 3637 quod
1132 3585 1149 3621 a
1165 3579 1196 3622 te
1213 3573 1290 3622 venit.
1328 3568 1401 3632 Quor
1416 3572 1538 3635 judicium

178 3663 263 3698 meum
281 3648 389 3712 expetis,
416 3646 476 3697 illud
493 3660 556 3695 sane
578 3644 749 3694 lubentissime
776 3644 819 3694 tibi
838 3657 997 3708 exponerem:
1025 3643 1070 3693 sed
1086 3643 1225 3693 huiusmodi
1244 3642 1332 3695 studiis
1351 3641 1470 3692 delectari
1489 3655 1536 3711 ego

180 3720 261 3785 magis
279 3731 354 3783 qnam
372 3719 480 3768 exerceri
498 3716 574 3774 soleo,
593 3714 776 3766 mathematicis
796 3731 853 3765 cnm
870 3716 966 3779 primis3
986 3713 1135 3779 astrologica
1152 3729 1208 3764 vero
1228 3713 1340 3764 amnltis
1355 3714 1427 3762 anuis
1447 3718 1473 3762 et
1492 3711 1534 3762 de·

177 3791 277 3856 gustml
295 3795 321 3839 et
338 3789 444 3840 deserui.
482 3787 579 3854 begam
596 3792 680 3836 tamen
700 3791 727 3835 et
753 3788 773 3835 si
792 3788 829 3836 ita
847 3786 960 3842 volueris,
985 3785 1107 3849 ludiclrm
1124 3798 1208 3834 meum
1225 3786 1270 3834 tibi
1289 3783 1414 3848 aperiam,
1433 3785 1454 3832 si
1467 3783 1534 3849 cogi-

178 3862 289 3911 tationes
314 3866 372 3911 tuas
390 3860 473 3910 videro
498 3859 529 3908 de
547 3856 635 3907 studiis
658 3856 812 3922 astrologicis
829 3856 906 3906 literis
925 3856 1129 3921 comprehensas.
1157 3857 1193 3904 uti
1214 3858 1267 3919 Jam
1292 3853 1416 3919 pollicitus
1434 3864 1469 3903 es.
1506 3853 1536 3904 In

178 3933 278 3999 reliquis
296 3931 444 3982 Maesdirrs
462 3937 547 3980 uester
563 3927 647 3993 procul
667 3927 740 3977 dubio
758 3942 885 3992 uunquam
901 3928 946 3977 tibi
965 3928 1051 3978 deerit
1087 3925 1114 3977 st
1132 3941 1208 3975 uuum
1226 3927 1302 3976 liceat
1321 3927 1461 3990 attingere,
1491 3939 1535 3990 op·

178 4008 274 4054 tassem
293 4017 348 4069 ego,
373 4004 423 4053 tuis
449 3998 644 4065 ephemeridibus
669 4004 695 4048 et
713 3999 836 4050 caleulum
855 4004 881 4049 et
908 4012 1001 4049 anunm
1018 3999 1145 4049 Juliarum
1164 3998 1316 4063 Gregoriano
1342 3997 1454 4047 additum
1472 4008 1535 4047 esse.

180 4072 221 4125 Sic
240 4076 306 4125 enim
328 4077 447 4138 malorem
469 4087 541 4121 usum
559 4077 585 4119 et
603 4069 696 4120 lucrum
715 4070 781 4134 spnd
802 4085 847 4121 nos
864 4070 1025 4129 habuissent3
1049 4068 1093 4120 sed
1116 4075 1143 4118 tu
1161 4070 1262 4119 inservis
1281 4069 1333 4118 lero
1352 4066 1397 4118 &c-
1434 4067 1535 4118 cusas

180 4140 489 4210 remunerarent.
527 4139 613 4204 (Quod
640 4156 700 4206 opus
720 4141 950 4208 „cbmrologlcnm“
980 4143 1027 4191 nisi
1049 4143 1130 4205 ipsum
1156 4140 1216 4190 illud
1235 4139 1410 4190 Calendarium
1436 4144 1535 4203 specta·
1582 4136 1584 4141 '

180 4217 243 4268 serit
255 4217 452 4273 menarum,
470 4215 602 4264 nescimus.
640 4211 713 4263 Certe
726 4212 850 4276 Keplerrs
867 4212 908 4262 illo
927 4218 1038 4276 tempore
1050 4226 1136 4276 parum
1149 4211 1262 4261 addictus
1274 4211 1321 4261 luit
1332 4210 1420 4260 studiis
1433 4209 1536 4260 chrono-

179 4288 275 4354 loger,
293 4303 357 4356 qnae
376 4288 408 4338 ab
426 4300 492 4338 arno
511 4284 609 4334 demum
632 4280 697 4332 tuat
715 4287 813 4349 propim
832 4281 915 4344 adiit.)

252 4447 353 4500 Literna
370 4461 433 4514 quas
451 4444 519 4496 dedit
535 4444 659 4509 Kepleros
677 4441 711 4494 sd
729 4442 950 4498 Gerlaehlnm.
980 4456 995 4493 s
1013 4439 1164 4494 bibliotheca
1181 4438 1299 4492 Gothana
1318 4437 1462 4495 desumtse,
1485 4434 1536 4489 has

180 4524 251 4573 sunt:
1107 4516 1121 4529 ⁶

269 4642 340 4708 Etsi
363 4642 440 4717 scio,
471 4639 636 4703 reverende
660 4646 693 4701 et
715 4636 881 4700 clarissime
905 4636 945 4698 D.
970 4634 1103 4708 Ductor,
1138 4632 1324 4712 Ptaeceptor
1350 4628 1534 4703 honorande,

145 4723 398 4799 ''Reverentiem
421 4730 634 4809 Tuam'lorge
662 4725 852 4808 gravioribus
876 4723 986 4787 studiis
1010 4720 1164 4801 occupari,
1198 4739 1286 4801 quem
1316 4725 1353 4791 lli
1376 4717 1420 4780 illi
1453 4715 1535 4780 adsit

183 4826 278 4887 edum
310 4819 514 4903 inspiciendae
537 4815 748 4898 Ephemeridis
777 4822 811 4879 et
842 4812 1044 4896 cognoscendi
1067 4809 1192 4874 frivolas
1215 4808 1437 4889 astrologorum
1459 4823 1534 4868 cou-
