3428 5542
705 311 868 364 Μ·
1413 311 1456 379 55

106 468 144 529 de
167 466 226 529 hac
248 487 301 529 ra:
324 475 358 531 at
380 470 450 551 quia
471 452 649 551 perturbata
671 472 734 534 sint
756 472 889 547 consilia,
915 479 1038 552 propter
1060 473 1200 553 expirans
1222 472 1366 535 salarium
1380 472 1455 555 Sty-

107 556 221 619 riacum
244 558 430 630 (renunciavi
459 558 556 631 enim,
591 560 686 622 itrrrus
714 561 743 621 in
770 561 899 641 patriam
929 568 961 622 et
984 560 1073 623 aliurn
1096 561 1246 623 dominum
1270 563 1456 641 quaesiturus

107 646 215 719 libere)
239 647 348 709 suadet
371 649 571 717 vehementer.
597 659 628 710 nt
651 650 764 712 omissa
778 649 1011 729 wirtembergia
1033 651 1062 712 in
1081 649 1257 712 Bohemiam
1279 668 1367 729 quam
1391 652 1454 731 pri-

108 753 186 796 mum
210 737 350 799 venirem.
396 738 531 799 Incertus
555 738 672 800 haereo.
720 737 772 800 Sic
796 749 894 801 tamen
919 739 1062 812 meditor,
1091 740 1226 802 Lincium
1249 739 1292 800 ire
1316 759 1382 801 cum
1407 740 1455 800 f-

108 823 198 895 rnilia,
222 824 317 904 eisque
340 826 381 889 ibi
404 827 512 889 relicta
532 826 662 905 Pragam
687 836 790 907 petere
813 829 905 899 solus,
929 837 960 890 et
978 847 1034 909 quo
1059 829 1124 891 loco
1148 830 1203 890 sirn
1227 828 1353 902 futurus,
1378 830 1456 909 quod

107 913 262 975 habiturus
285 915 438 988 salarium,
462 935 550 996 qnam
571 936 655 996 spem
674 917 737 997 ejus
757 916 960 998 extorquendi,
985 918 1167 997 provisurus,
1192 926 1334 997 qnantum
1357 916 1457 980 divina

106 1001 207 1080 gratia
229 1003 299 1065 mihi
323 1004 489 1067 indulserit.
536 1006 629 1066 Arsi
653 1024 763 1086 magna
787 1006 848 1068 sint
870 1007 1056 1068 incommoda
1079 1008 1192 1082 futura,
1221 1024 1357 1067 reversus
1380 1006 1456 1068 Lin-

107 1094 184 1154 cium
207 1112 273 1155 curn
297 1094 413 1157 familia
434 1112 488 1173 per
510 1092 680 1157 Danubium
703 1095 741 1156 ad
764 1114 818 1157 vos
842 1096 1035 1170 contendam,
1060 1095 1125 1158 Deo
1148 1096 1241 1158 vitam
1264 1105 1454 1174 prorogante.

106 1182 275 1245 Medicinae
289 1202 408 1275 cursum
423 1183 610 1262 auspicabor,
635 1183 747 1246 dabitis
765 1184 835 1245 mihi
851 1185 981 1246 fortasse
995 1184 1281 1264 professiunculam:
1306 1184 1376 1263 quia
1390 1203 1455 1246 me-

108 1272 228 1334 hercule
251 1291 288 1333 ex
311 1272 404 1335 divite
426 1272 455 1333 in
479 1290 533 1352 spo
557 1273 656 1334 factus
680 1292 745 1335 snm
768 1273 971 1352 pauperrimus
990 1292 1021 1335 re
1040 1273 1115 1354 ipsa.
1148 1274 1280 1336 Uxorem
1295 1273 1371 1334 enim
1386 1273 1457 1335 duni

106 1379 145 1421 ex
159 1360 306 1441 locuplete
322 1363 428 1437 dorno;
452 1361 536 1440 cujus
555 1369 622 1422 tota
641 1363 781 1441 cognatio
805 1362 834 1423 in
858 1362 963 1423 eadem
987 1371 1035 1425 est
1056 1362 1134 1424 navi.
1169 1363 1213 1424 At
1236 1368 1302 1422 tota
1324 1361 1456 1441 ipsorum

105 1447 278 1511 substantia
301 1459 348 1512 est
370 1451 400 1512 in
423 1449 631 1524 immobilibus,
657 1471 732 1531 quas
754 1461 825 1512 sunt
846 1451 1009 1524 vilissima,
1035 1451 1122 1513 immo
1147 1470 1183 1513 ne
1207 1450 1325 1530 quidem
1348 1451 1454 1512 vendi-

104 1537 188 1600 bilia.
237 1536 348 1600 Omnes
371 1539 431 1601 illis
454 1539 570 1600 inhiant
593 1539 658 1600 sine
682 1540 788 1619 pretio.
833 1538 961 1602 Cautum
985 1540 1063 1600 enirn
1086 1548 1135 1601 est
1158 1540 1278 1601 decreto
1302 1538 1454 1619 principis,

104 1646 141 1688 ne
165 1627 232 1706 quis
256 1646 294 1688 ea
315 1627 402 1702 bona,
427 1646 503 1708 quae
526 1646 582 1688 nou
608 1629 776 1690 vendiderit
800 1630 879 1690 intra
902 1626 944 1690 db
969 1629 1042 1700 dies,
1067 1629 1155 1690 alicui
1178 1628 1328 1709 pontificio
1353 1628 1453 1690 locare

103 1715 211 1795 poenit.
245 1715 323 1778 Sunt
337 1718 411 1779 haec
427 1716 545 1798 quidem
570 1717 683 1795 gravia.
723 1717 767 1780 At
784 1736 841 1778 non
861 1717 1065 1792 credidissem,
1090 1718 1165 1780 adeo
1190 1716 1275 1779 dulce
1299 1736 1376 1792 esse,
1400 1735 1454 1796 pro

103 1805 258 1883 religione,
281 1825 335 1886 pro
356 1804 470 1870 Christi
494 1806 620 1880 honore,
645 1826 711 1868 curn
735 1806 919 1886 aliquantulo
941 1818 1030 1868 coetu
1054 1808 1178 1869 fratrom
1202 1807 1320 1880 damna,
1346 1814 1453 1868 contu-

104 1896 210 1957 melias
233 1895 309 1974 pati,
332 1897 445 1969 domos,
470 1913 570 1972 agros,
594 1895 721 1969 amicos,
749 1895 878 1975 patriam
902 1896 1066 1957 deserere.
1097 1894 1132 1957 Si
1155 1914 1256 1956 verum
1279 1895 1454 1976 martyrium

103 1993 134 2045 et
157 1983 238 2045 vitae
257 1984 380 2063 jactura
402 1983 595 2063 proportione
620 1984 746 2064 quadarn
772 1984 948 2064 respondet,
980 1994 1012 2045 nt
1035 2004 1092 2065 quo
1116 1985 1211 2065 majus
1235 1984 1374 2045 damnum
1397 1984 1454 2045 hoo

103 2073 198 2152 major
221 2072 339 2135 laetitia
361 2074 421 2134 sit:
455 2072 542 2135 facile
571 2081 618 2134 est
641 2083 672 2135 et
695 2074 768 2135 rnori
791 2090 845 2153 pro
869 2073 1023 2152 religione.
1070 2073 1132 2136 Sed
1159 2075 1233 2135 haec
1262 2073 1371 2145 fusius,
1404 2072 1453 2132 nbi

105 2161 338 2224 convenerimus.
384 2162 451 2226 Non
480 2180 567 2224 cesso
596 2170 694 2224 tamen
725 2162 830 2225 luctari
860 2170 890 2223 et
918 2182 983 2223 cum
1013 2163 1206 2224 incommodis
1230 2160 1452 2240 temporalibus,

105 2258 137 2313 ut
160 2250 256 2312 banno
281 2252 391 2324 solvar,
416 2271 451 2312 ne
475 2251 660 2312 decimentur
682 2253 761 2314 bona
784 2251 885 2313 uxoris
909 2271 1012 2313 meae:
1038 2259 1212 2332 argumento
1232 2272 1251 2310 a
1271 2270 1338 2312 mea
1361 2249 1452 2311 resti-

102 2338 218 2401 tutione
241 2349 340 2419 capto,
366 2359 401 2401 ne
426 2341 526 2402 sites
549 2339 618 2401 mihi
643 2341 740 2402 fraudi
764 2339 872 2419 potius,
899 2360 987 2420 quam
1010 2341 1097 2402 bono.
1135 2341 1214 2403 Nam
1234 2339 1259 2400 si
1276 2346 1346 2400 ante
1365 2339 1452 2400 bien-

101 2428 181 2490 nium
206 2448 261 2490 uon
287 2429 454 2501 rediissem,
478 2428 705 2491 decimationem
721 2427 893 2509 effugissem
907 2436 938 2490 et
953 2430 1049 2492 multa
1068 2429 1136 2491 alia.
1173 2428 1224 2490 Sic
1244 2436 1314 2489 sunt
1336 2425 1454 2508 ἐχθρω,

101 2517 207 2596 ἄδωρα
230 2523 323 2595 bopo,
348 2527 379 2579 et
403 2517 452 2597 qui
475 2524 557 2579 amat
580 2519 708 2599 patriam
733 2525 764 2579 et
786 2518 878 2592 bona,
904 2517 1024 2580 amittet
1046 2520 1117 2581 illa:
1144 2518 1222 2599 qnod
1245 2516 1316 2577 mihi
1341 2516 1386 2576 fas
1412 2514 1453 2577 sit

102 2607 130 2667 in
153 2608 232 2669 hooc
256 2626 376 2669 sensnm
401 2608 586 2687 detorquere.
625 2607 668 2668 Tu
693 2607 788 2667 sime
814 2606 849 2668 de
874 2606 962 2669 rebus
986 2607 1134 2688 aliquibus
1153 2606 1309 2669 certiorem
1328 2604 1453 2666 red'ders

105 2695 157 2771 vis,
180 2694 316 2757 Lincium
341 2697 426 2757 mitte
449 2697 553 2757 literas
573 2696 610 2756 ad
630 2696 786 2758 emeritum
801 2702 947 2757 rectorem
962 2696 1179 2758 Memhardum.
1212 2695 1284 2756 Inda
1304 2688 1451 2755 in'Bohe-

102 2784 193 2846 miam
217 2783 297 2846 mitti
319 2792 467 2865 poterunt,
493 2792 545 2846 aut
569 2786 652 2847 uxori
677 2804 762 2848 meae
788 2784 879 2845 tradi.
926 2785 1004 2845 Vale
1029 2794 1060 2847 et
1082 2804 1135 2865 pro
1160 2783 1245 2845 nobis
1269 2801 1331 2843 ora.

190 2869 221 2936 9.
249 2869 299 2936 19.
324 2873 409 2954 Sept.
439 2869 532 2936 1600.
746 2873 784 2935 Η.
810 2873 845 2935 Τ.
894 2872 979 2935 Grat
1005 2873 1167 2955 discipulus

1154 2962 1199 3024 Μ.
1223 2961 1256 3024 J.
1278 2955 1407 3040 Kepler.

700 3211 734 3274 s,
759 3172 793 3274 Ρζ
818 3212 856 3274 n.

191 3317 312 3380 Literas
331 3326 408 3391 tuas,
435 3314 608 3379 clarissime
627 3318 681 3390 vir,
705 3318 889 3397 Praeceptor
907 3316 1088 3390 honorande,
1113 3334 1147 3377 eo
1168 3314 1226 3389 die,
1250 3331 1306 3395 quo
1321 3312 1452 3391 Pragam

101 3408 180 3482 veni,
206 3427 248 3469 sc.
274 3404 304 3472 9.
332 3404 381 3471 19.
407 3404 476 3468 Oct.
501 3406 630 3485 scriptas
655 3410 723 3478 (eae
748 3406 902 3468 Maestlini
925 3406 1031 3467 literae
1055 3406 1188 3478 desunt),
1213 3401 1316 3481 accepi
1334 3401 1451 3480 Pragae

102 3494 133 3559 9.
159 3496 342 3559 Decembris.
387 3496 467 3556 Nam
494 3497 538 3557 ita
565 3504 746 3558 convenerat
773 3514 838 3557 curn
867 3494 1050 3572 Sohillingo,
1084 3505 1117 3555 ot
1143 3492 1241 3554 Lincii
1271 3491 1452 3569 relinqueret

101 3588 224 3658 literas,
248 3587 273 3647 si
297 3606 343 3647 me
369 3583 477 3647 Gratio
502 3584 678 3646 discessisse
702 3585 800 3647 Lincii
825 3577 1029 3663 comperisset.
1077 3581 1210 3662 Cumque
1234 3599 1281 3641 me
1305 3585 1452 3658 quartana

101 3674 249 3737 invaserit
270 3675 299 3735 in
324 3674 438 3747 itinere,
465 3673 522 3735 dici
547 3693 604 3735 non
629 3684 744 3754 potest,
771 3693 858 3754 quam
879 3671 1122 3734 melancholicum
1145 3669 1216 3731 mihi
1240 3684 1451 3750 paroxysmum

102 3763 257 3827 effecerint
278 3771 348 3825 tuae
371 3763 492 3836 literae,
522 3762 599 3841 quod
627 3782 741 3825 omnem
767 3763 847 3824 *adeo
876 3761 1011 3842 spemin
1041 3759 1197 3820 academia
1224 3765 1327 3818 vestra
1348 3755 1450 3833 proci-

102 3855 220 3914 derunt.
251 3852 332 3916 Nam
346 3852 394 3913 hic
408 3852 526 3931 Pragae
550 3852 648 3913 inveni
672 3853 771 3912 omnia
794 3851 992 3913 incertissima
1015 3859 1046 3910 et
1069 3849 1105 3909 de
1125 3866 1189 3907 meo
1212 3848 1300 3908 vivo:
1325 3861 1450 3906 manen-

103 3943 172 4003 dum
190 3960 262 4002 vero
281 3941 349 4003 dnm
368 3943 579 4003 convalescam
595 3950 646 4001 aut
661 3942 778 4002 moriar.
813 3938 923 4001 Omnia
947 3938 1110 4021 quadruplo
1135 3944 1205 3997 sunt
1227 3933 1333 4015 pretio.
1368 3932 1451 3993 Tan-

102 4040 166 4092 tum
189 4031 291 4092 uxoris
314 4051 360 4093 mo
386 4030 516 4102 miseret,
542 4048 629 4109 quam
654 4048 767 4091 mecum
791 4029 897 4091 habeo.
931 4029 1061 4108 Pragam
1076 4045 1145 4088 vero
1162 4025 1209 4100 ivi,
1234 4030 1286 4084 ant
1304 4031 1338 4084 ut
1360 4040 1450 4101 prae-

102 4128 216 4181 starem
231 4119 363 4201 Tychoni
379 4119 457 4200 quod
480 4119 611 4199 promisi,
636 4118 663 4180 si
686 4118 783 4180 victus
807 4119 903 4191 detur,
928 4124 981 4178 aut
1003 4125 1037 4177 ut
1057 4114 1283 4196 praecipuarum
1306 4113 1450 4174 observa-

103 4210 217 4270 tionum
241 4227 363 4288 compos
386 4210 496 4272 fierem.
545 4208 580 4270 Id
609 4208 649 4269 ad
675 4208 825 4270 minimum
855 4225 953 4287 spero.
1000 4204 1035 4267 Si
1057 4224 1188 4285 unquam
1210 4202 1248 4263 ad
1277 4210 1308 4263 te
1332 4201 1369 4262 de
1392 4199 1451 4260 tuis

103 4298 241 4380 epistolis
263 4298 451 4378 publicandis
476 4296 592 4378 scripsi,
618 4316 664 4359 me
687 4298 782 4377 ipsum
806 4296 998 4357 vehementer
1019 4295 1118 4369 miror,
1144 4295 1228 4355 unius
1252 4291 1342 4352 horae
1366 4289 1452 4367 Kep-

102 4388 197 4450 lerum
221 4387 296 4449 adeo
325 4386 475 4448 diversum
503 4405 570 4448 esse
598 4385 636 4448 ab
664 4386 792 4448 omnium
820 4385 957 4446 horarum
981 4384 1124 4464 Keplero.
1169 4383 1343 4461 Nunquam,
1375 4375 1453 4456 quod

102 4478 207 4547 sciam,
233 4476 363 4538 animum
386 4476 504 4549 induxi,
532 4484 566 4537 ut
589 4475 619 4537 id
642 4476 787 4547 iacerem,
812 4493 960 4553 nunquam
985 4472 1055 4534 mihi
1079 4490 1142 4534 mos
1166 4472 1223 4532 iste
1247 4466 1372 4548 placuit,
1397 4484 1452 4526 nec

103 4567 261 4628 verborum
283 4564 411 4626 memini.
444 4566 504 4626 -Ac
528 4584 639 4645 quaeso
662 4565 768 4639 verba,
797 4573 927 4642 tempus,
958 4563 1070 4637 locum,
1099 4561 1148 4622 vel
1171 4558 1270 4639 potius
1294 4554 1453 4637 epistolam

103 4664 200 4717 totam
224 4655 262 4715 ad
285 4674 332 4715 me
355 4653 450 4715 mitte.

193 4743 240 4804 De
263 4743 322 4805 filio
347 4743 401 4806 tibi
425 4740 569 4806 condoleo
593 4758 630 4801 ex
655 4739 760 4813 animo,
786 4740 841 4802 sed
865 4758 922 4801 non
945 4740 1061 4801 infirma
1083 4756 1136 4817 spe
1160 4754 1235 4809 sum,
1261 4732 1310 4794 ubi
1333 4731 1451 4807 viderit,

105 4843 220 4919 quanta
234 4831 479 4898 incommoditate
492 4831 612 4895 vivatur
624 4829 704 4910 apud
718 4837 848 4912 exteros,
873 4828 1047 4901 rediturum,
1070 4834 1124 4889 aut
1140 4825 1167 4886 si
1185 4823 1312 4894 maairue
1331 4820 1454 4888 servitia
