<?xml version="1.0" encoding="UTF-8"?>
<!DOCTYPE html PUBLIC "-//W3C//DTD XHTML 1.0 Transitional//EN"
    "http://www.w3.org/TR/xhtml1/DTD/xhtml1-transitional.dtd">
<html xmlns="http://www.w3.org/1999/xhtml" xml:lang="en" lang="en">
 <head>
  <title>
</title>
<meta http-equiv="Content-Type" content="text/html;charset=utf-8" />
  <meta name='ocr-system' content='tesseract 3.04.00' />
  <meta name='ocr-capabilities' content='ocr_page ocr_carea ocr_par ocr_line ocrx_word'/>
</head>
<body>
  <div class='ocr_page' id='page_1' title='image "./joanniskepleria10frisgoog_0058.png"; bbox 0 0 3428 5542; ppageno 0'>
   <div class='ocr_carea' id='block_1_1' title="bbox 791 334 1543 406">
    <p class='ocr_par' dir='ltr' id='par_1_1' title="bbox 791 334 1543 406">
     <span class='ocr_line' id='line_1_1' title="bbox 791 334 1543 406; baseline -0.001 0"><span class='ocrx_word' id='word_1_1' title='bbox 791 334 953 392; x_wconf 64' lang='lat' dir='ltr'><strong>marm</strong></span> <span class='ocrx_word' id='word_1_2' title='bbox 1500 335 1543 406; x_wconf 74' lang='lat' dir='ltr'><strong>bl</strong></span> 
     </span>
    </p>
   </div>
   <div class='ocr_carea' id='block_1_2' title="bbox 189 492 1544 1204">
    <p class='ocr_par' dir='ltr' id='par_1_2' title="bbox 190 492 1541 667">
     <span class='ocr_line' id='line_1_2' title="bbox 190 492 1541 595; baseline 0.004 -38"><span class='ocrx_word' id='word_1_3' title='bbox 190 494 222 557; x_wconf 94' lang='lat' dir='ltr'><strong>in</strong></span> <span class='ocrx_word' id='word_1_4' title='bbox 247 492 381 577; x_wconf 85' lang='lat' dir='ltr'><strong>Styriam</strong></span> <span class='ocrx_word' id='word_1_5' title='bbox 403 515 497 578; x_wconf 88' lang='lat' dir='ltr'><strong>usque</strong></span> <span class='ocrx_word' id='word_1_6' title='bbox 521 497 587 577; x_wconf 89' lang='lat' dir='ltr'><strong>eJ&#39;us</strong></span> <span class='ocrx_word' id='word_1_7' title='bbox 618 499 818 563; x_wconf 67' lang='lat' dir='ltr'><strong>familiaritas.</strong></span> <span class='ocrx_word' id='word_1_8' title='bbox 865 501 1000 583; x_wconf 86' lang='lat' dir='ltr'><strong>Tychoni</strong></span> <span class='ocrx_word' id='word_1_9' title='bbox 1032 499 1144 595; x_wconf 92' lang='lat' dir='ltr'><strong>nullum</strong></span> <span class='ocrx_word' id='word_1_10' title='bbox 1174 500 1270 563; x_wconf 90' lang='lat' dir='ltr'><strong>adhuc</strong></span> <span class='ocrx_word' id='word_1_11' title='bbox 1302 499 1421 562; x_wconf 89' lang='lat' dir='ltr'><strong>mittere</strong></span> <span class='ocrx_word' id='word_1_12' title='bbox 1448 500 1541 580; x_wconf 92' lang='lat' dir='ltr'><strong>potui.</strong></span> 
     </span>
     <span class='ocr_line' id='line_1_3' title="bbox 190 583 714 667; baseline 0.006 -22"><span class='ocrx_word' id='word_1_13' title='bbox 190 583 280 646; x_wconf 84' lang='lat' dir='ltr'><strong>illius</strong></span> <span class='ocrx_word' id='word_1_14' title='bbox 299 584 442 663; x_wconf 91' lang='lat' dir='ltr'><strong>judicium</strong></span> <span class='ocrx_word' id='word_1_15' title='bbox 467 587 554 648; x_wconf 83' lang='lat' dir='ltr'><strong>avide</strong></span> <span class='ocrx_word' id='word_1_16' title='bbox 578 597 714 667; x_wconf 84' lang='lat' dir='ltr'><strong>expecto.</strong></span> 
     </span>
    </p>

    <p class='ocr_par' dir='ltr' id='par_1_3' title="bbox 189 673 1544 1204">
     <span class='ocr_line' id='line_1_4' title="bbox 280 673 1542 759; baseline 0.004 -25"><span class='ocrx_word' id='word_1_17' title='bbox 280 673 351 734; x_wconf 78' lang='lat' dir='ltr'><strong>wis</strong></span> <span class='ocrx_word' id='word_1_18' title='bbox 365 673 413 735; x_wconf 88' lang='lat' dir='ltr'><strong>ich</strong></span> <span class='ocrx_word' id='word_1_19' title='bbox 428 676 482 737; x_wconf 91' lang='lat' dir='ltr'><strong>mit</strong></span> <span class='ocrx_word' id='word_1_20' title='bbox 496 676 563 739; x_wconf 90' lang='lat' dir='ltr'><strong>dem</strong></span> <span class='ocrx_word' id='word_1_21' title='bbox 576 676 707 739; x_wconf 88' lang='lat' dir='ltr'><strong>Buechel</strong></span> <span class='ocrx_word' id='word_1_22' title='bbox 722 678 898 739; x_wconf 87' lang='lat' dir='ltr'><strong>ankhomme</strong></span> <span class='ocrx_word' id='word_1_23' title='bbox 912 677 1011 759; x_wconf 87' lang='lat' dir='ltr'><strong>bey</strong></span> <span class='ocrx_word' id='word_1_24' title='bbox 985 696 1067 739; x_wconf 87' lang='lat' dir='ltr'><strong>aruer</strong></span> <span class='ocrx_word' id='word_1_25' title='bbox 1081 676 1132 738; x_wconf 87' lang='lat' dir='ltr'><strong>Er.</strong></span> <span class='ocrx_word' id='word_1_26' title='bbox 1147 676 1368 752; x_wconf 83' lang='lat' dir='ltr'><strong>Landtschaut,</strong></span> <span class='ocrx_word' id='word_1_27' title='bbox 1391 677 1479 739; x_wconf 84' lang='lat' dir='ltr'><strong>weiss</strong></span> <span class='ocrx_word' id='word_1_28' title='bbox 1493 677 1542 739; x_wconf 90' lang='lat' dir='ltr'><strong>ich</strong></span> 
     </span>
     <span class='ocr_line' id='line_1_5' title="bbox 190 761 1543 847; baseline 0.002 -24"><span class='ocrx_word' id='word_1_29' title='bbox 190 761 270 823; x_wconf 91' lang='lat' dir='ltr'><strong>noch</strong></span> <span class='ocrx_word' id='word_1_30' title='bbox 294 763 387 825; x_wconf 90' lang='lat' dir='ltr'><strong>nicht.</strong></span> <span class='ocrx_word' id='word_1_31' title='bbox 429 766 517 827; x_wconf 86' lang='lat' dir='ltr'><strong>Auoh</strong></span> <span class='ocrx_word' id='word_1_32' title='bbox 544 766 599 827; x_wconf 81' lang='lat' dir='ltr'><strong>hdr</strong></span> <span class='ocrx_word' id='word_1_33' title='bbox 630 765 677 829; x_wconf 88' lang='lat' dir='ltr'><strong>iclr</strong></span> <span class='ocrx_word' id='word_1_34' title='bbox 705 766 781 829; x_wconf 90' lang='lat' dir='ltr'><strong>noch</strong></span> <span class='ocrx_word' id='word_1_35' title='bbox 804 786 860 828; x_wconf 91' lang='lat' dir='ltr'><strong>von</strong></span> <span class='ocrx_word' id='word_1_36' title='bbox 880 767 978 830; x_wconf 83' lang='lat' dir='ltr'><strong>lrheim</strong></span> <span class='ocrx_word' id='word_1_37' title='bbox 1001 767 1166 846; x_wconf 83' lang='lat' dir='ltr'><strong>Landttag.</strong></span> <span class='ocrx_word' id='word_1_38' title='bbox 1206 764 1320 828; x_wconf 88' lang='lat' dir='ltr'><strong>Videor</strong></span> <span class='ocrx_word' id='word_1_39' title='bbox 1341 765 1414 829; x_wconf 90' lang='lat' dir='ltr'><strong>milri</strong></span> <span class='ocrx_word' id='word_1_40' title='bbox 1436 767 1543 847; x_wconf 84' lang='lat' dir='ltr'><strong>volup-</strong></span> 
     </span>
     <span class='ocr_line' id='line_1_6' title="bbox 189 853 1543 937; baseline 0.004 -24"><span class='ocrx_word' id='word_1_41' title='bbox 189 859 257 914; x_wconf 84' lang='lat' dir='ltr'><strong>tate</strong></span> <span class='ocrx_word' id='word_1_42' title='bbox 280 854 495 932; x_wconf 74' lang='lat' dir='ltr'><strong>speculationis</strong></span> <span class='ocrx_word' id='word_1_43' title='bbox 519 863 677 918; x_wconf 88' lang='lat' dir='ltr'><strong>contentus</strong></span> <span class='ocrx_word' id='word_1_44' title='bbox 701 865 768 918; x_wconf 89' lang='lat' dir='ltr'><strong>esse</strong></span> <span class='ocrx_word' id='word_1_45' title='bbox 792 856 909 931; x_wconf 88' lang='lat' dir='ltr'><strong>debere,</strong></span> <span class='ocrx_word' id='word_1_46' title='bbox 935 857 1160 937; x_wconf 89' lang='lat' dir='ltr'><strong>necquicquam</strong></span> <span class='ocrx_word' id='word_1_47' title='bbox 1178 854 1449 936; x_wconf 88' lang='lat' dir='ltr'><strong>ulteriussperare.</strong></span> <span class='ocrx_word' id='word_1_48' title='bbox 1481 853 1543 918; x_wconf 85' lang='lat' dir='ltr'><strong>Sed</strong></span> 
     </span>
     <span class='ocr_line' id='line_1_7' title="bbox 189 940 1544 1025; baseline 0.004 -24"><span class='ocrx_word' id='word_1_49' title='bbox 189 940 257 1002; x_wconf 91' lang='lat' dir='ltr'><strong>Deo</strong></span> <span class='ocrx_word' id='word_1_50' title='bbox 282 961 370 1004; x_wconf 88' lang='lat' dir='ltr'><strong>curae</strong></span> <span class='ocrx_word' id='word_1_51' title='bbox 394 952 481 1005; x_wconf 87' lang='lat' dir='ltr'><strong>eruut</strong></span> <span class='ocrx_word' id='word_1_52' title='bbox 502 943 611 1005; x_wconf 88' lang='lat' dir='ltr'><strong>omnia.</strong></span> <span class='ocrx_word' id='word_1_53' title='bbox 658 946 786 1025; x_wconf 83' lang='lat' dir='ltr'><strong>Tempus</strong></span> <span class='ocrx_word' id='word_1_54' title='bbox 811 954 859 1007; x_wconf 90' lang='lat' dir='ltr'><strong>est</strong></span> <span class='ocrx_word' id='word_1_55' title='bbox 886 953 920 1006; x_wconf 93' lang='lat' dir='ltr'><strong>nt</strong></span> <span class='ocrx_word' id='word_1_56' title='bbox 946 946 1048 1007; x_wconf 84' lang='lat' dir='ltr'><strong>valere</strong></span> <span class='ocrx_word' id='word_1_57' title='bbox 1075 952 1106 1006; x_wconf 90' lang='lat' dir='ltr'><strong>te</strong></span> <span class='ocrx_word' id='word_1_58' title='bbox 1129 943 1270 1024; x_wconf 84' lang='lat' dir='ltr'><strong>jubeam,</strong></span> <span class='ocrx_word' id='word_1_59' title='bbox 1301 945 1351 1009; x_wconf 86' lang='lat' dir='ltr'><strong>Pr.</strong></span> <span class='ocrx_word' id='word_1_60' title='bbox 1377 943 1444 1019; x_wconf 83' lang='lat' dir='ltr'><strong>Ol,</strong></span> <span class='ocrx_word' id='word_1_61' title='bbox 1477 964 1544 1007; x_wconf 92' lang='lat' dir='ltr'><strong>cum</strong></span> 
     </span>
     <span class='ocr_line' id='line_1_8' title="bbox 189 1030 1542 1116; baseline 0.005 -27"><span class='ocrx_word' id='word_1_62' title='bbox 189 1030 317 1111; x_wconf 85' lang='lat' dir='ltr'><strong>conjuge</strong></span> <span class='ocrx_word' id='word_1_63' title='bbox 340 1038 373 1093; x_wconf 92' lang='lat' dir='ltr'><strong>et</strong></span> <span class='ocrx_word' id='word_1_64' title='bbox 395 1032 535 1096; x_wconf 85' lang='lat' dir='ltr'><strong>universa</strong></span> <span class='ocrx_word' id='word_1_65' title='bbox 559 1034 673 1096; x_wconf 86' lang='lat' dir='ltr'><strong>familia</strong></span> <span class='ocrx_word' id='word_1_66' title='bbox 696 1042 785 1116; x_wconf 87' lang='lat' dir='ltr'><strong>atque</strong></span> <span class='ocrx_word' id='word_1_67' title='bbox 809 1044 874 1097; x_wconf 91' lang='lat' dir='ltr'><strong>toto</strong></span> <span class='ocrx_word' id='word_1_68' title='bbox 894 1034 1021 1114; x_wconf 89' lang='lat' dir='ltr'><strong>collegio</strong></span> <span class='ocrx_word' id='word_1_69' title='bbox 1035 1033 1262 1116; x_wconf 74' lang='lat' dir='ltr'><strong>philosophicoJ</strong></span> <span class='ocrx_word' id='word_1_70' title='bbox 1286 1034 1392 1116; x_wconf 91' lang='lat' dir='ltr'><strong>quibus</strong></span> <span class='ocrx_word' id='word_1_71' title='bbox 1406 1033 1542 1113; x_wconf 90' lang='lat' dir='ltr'><strong>omnibus</strong></span> 
     </span>
     <span class='ocr_line' id='line_1_9' title="bbox 190 1119 1142 1204; baseline 0.006 -25"><span class='ocrx_word' id='word_1_72' title='bbox 190 1119 321 1182; x_wconf 86' lang='lat' dir='ltr'><strong>salutem</strong></span> <span class='ocrx_word' id='word_1_73' title='bbox 344 1121 468 1184; x_wconf 88' lang='lat' dir='ltr'><strong>officios.</strong></span> <span class='ocrx_word' id='word_1_74' title='bbox 494 1123 569 1185; x_wconf 89' lang='lat' dir='ltr'><strong>dico.</strong></span> <span class='ocrx_word' id='word_1_75' title='bbox 617 1124 695 1186; x_wconf 82' lang='lat' dir='ltr'><strong>Vale</strong></span> <span class='ocrx_word' id='word_1_76' title='bbox 719 1132 820 1186; x_wconf 86' lang='lat' dir='ltr'><strong>etms</strong></span> <span class='ocrx_word' id='word_1_77' title='bbox 843 1143 1017 1204; x_wconf 90' lang='lat' dir='ltr'><strong>promovere</strong></span> <span class='ocrx_word' id='word_1_78' title='bbox 1040 1141 1142 1204; x_wconf 84' lang='lat' dir='ltr'><strong>perge.</strong></span> 
     </span>
    </p>
   </div>
   <div class='ocr_carea' id='block_1_3' title="bbox 720 1211 1034 1312">
    <p class='ocr_par' dir='ltr' id='par_1_4' title="bbox 720 1211 1034 1312">
     <span class='ocr_line' id='line_1_10' title="bbox 720 1211 1034 1312; baseline 0.003 -38"><span class='ocrx_word' id='word_1_79' title='bbox 720 1213 772 1312; x_wconf 81' lang='lat' dir='ltr'><strong>H.</strong></span> <span class='ocrx_word' id='word_1_80' title='bbox 785 1213 819 1274; x_wconf 88' lang='grc' dir='ltr'><strong>Τ.</strong></span> <span class='ocrx_word' id='word_1_81' title='bbox 846 1211 933 1277; x_wconf 89' lang='lat' dir='ltr'><strong>Grat.</strong></span> <span class='ocrx_word' id='word_1_82' title='bbox 960 1213 1034 1275; x_wconf 88' lang='lat' dir='ltr'><strong>diso.</strong></span> 
     </span>
    </p>
   </div>
   <div class='ocr_carea' id='block_1_4' title="bbox 1198 1298 1454 1382">
    <p class='ocr_par' dir='ltr' id='par_1_5' title="bbox 1198 1298 1454 1382">
     <span class='ocr_line' id='line_1_11' title="bbox 1198 1298 1454 1382; baseline -0.004 -19"><span class='ocrx_word' id='word_1_83' title='bbox 1198 1300 1244 1363; x_wconf 81' lang='lat' dir='ltr'><strong>rr.</strong></span> <span class='ocrx_word' id='word_1_84' title='bbox 1268 1299 1301 1363; x_wconf 84' lang='lat' dir='ltr'><strong>J.</strong></span> <span class='ocrx_word' id='word_1_85' title='bbox 1326 1298 1454 1382; x_wconf 59' lang='grc' dir='ltr'>Κιριι.</span> 
     </span>
    </p>
   </div>
   <div class='ocr_carea' id='block_1_5' title="bbox 144 1457 1541 2165">
    <p class='ocr_par' dir='ltr' id='par_1_6' title="bbox 144 1457 1541 2165">
     <span class='ocr_line' id='line_1_12' title="bbox 261 1457 1540 1524; baseline 0.002 -16"><span class='ocrx_word' id='word_1_86' title='bbox 261 1457 334 1521; x_wconf 83' lang='lat' dir='ltr'><strong>Quas</strong></span> <span class='ocrx_word' id='word_1_87' title='bbox 358 1458 481 1524; x_wconf 85' lang='lat' dir='ltr'><strong>Keplerus</strong></span> <span class='ocrx_word' id='word_1_88' title='bbox 507 1459 576 1509; x_wconf 89' lang='lat' dir='ltr'><strong>initio</strong></span> <span class='ocrx_word' id='word_1_89' title='bbox 594 1459 713 1523; x_wconf 88' lang='lat' dir='ltr'><strong>epistolae</strong></span> <span class='ocrx_word' id='word_1_90' title='bbox 729 1462 828 1522; x_wconf 75' lang='lat' dir='ltr'><strong>iocatus</strong></span> <span class='ocrx_word' id='word_1_91' title='bbox 847 1468 914 1519; x_wconf 90' lang='lat' dir='ltr'><strong>erat,</strong></span> <span class='ocrx_word' id='word_1_92' title='bbox 943 1476 992 1510; x_wconf 89' lang='lat' dir='ltr'><strong>non</strong></span> <span class='ocrx_word' id='word_1_93' title='bbox 1019 1465 1146 1511; x_wconf 85' lang='grc' dir='ltr'>ιιιιιιιιι</span> <span class='ocrx_word' id='word_1_94' title='bbox 1170 1459 1365 1511; x_wconf 83' lang='lat' dir='ltr'><strong>Maestlinns</strong></span> <span class='ocrx_word' id='word_1_95' title='bbox 1386 1459 1540 1511; x_wconf 84' lang='lat' dir='ltr'><strong>rescribitd.</strong></span> 
     </span>
     <span class='ocr_line' id='line_1_13' title="bbox 187 1526 1541 1596; baseline 0.001 -17"><span class='ocrx_word' id='word_1_96' title='bbox 187 1526 231 1579; x_wconf 78' lang='grc' dir='ltr'><strong>ιθ.</strong></span> <span class='ocrx_word' id='word_1_97' title='bbox 251 1528 365 1580; x_wconf 83' lang='lat' dir='ltr'><strong>Octobris</strong></span> <span class='ocrx_word' id='word_1_98' title='bbox 381 1547 404 1579; x_wconf 78' lang='lat' dir='ltr'><strong>r.</strong></span> <span class='ocrx_word' id='word_1_99' title='bbox 422 1537 469 1581; x_wconf 88' lang='lat' dir='ltr'><strong>st·</strong></span> <span class='ocrx_word' id='word_1_100' title='bbox 489 1529 528 1579; x_wconf 93' lang='lat' dir='ltr'><strong>De</strong></span> <span class='ocrx_word' id='word_1_101' title='bbox 545 1530 637 1580; x_wconf 90' lang='lat' dir='ltr'><strong>honore</strong></span> <span class='ocrx_word' id='word_1_102' title='bbox 655 1532 739 1596; x_wconf 90' lang='lat' dir='ltr'><strong>regiae</strong></span> <span class='ocrx_word' id='word_1_103' title='bbox 757 1530 913 1595; x_wconf 83' lang='lat' dir='ltr'><strong>professionis</strong></span> <span class='ocrx_word' id='word_1_104' title='bbox 932 1547 948 1582; x_wconf 90' lang='lat' dir='ltr'><strong>a</strong></span> <span class='ocrx_word' id='word_1_105' title='bbox 966 1532 1037 1583; x_wconf 83' lang='lat' dir='ltr'><strong>Gallo</strong></span> <span class='ocrx_word' id='word_1_106' title='bbox 1056 1530 1162 1596; x_wconf 83' lang='lat' dir='ltr'><strong>quodam</strong></span> <span class='ocrx_word' id='word_1_107' title='bbox 1179 1531 1224 1580; x_wconf 92' lang='lat' dir='ltr'><strong>tibi</strong></span> <span class='ocrx_word' id='word_1_108' title='bbox 1237 1531 1541 1582; x_wconf 83' lang='lat' dir='ltr'><strong>oblstsehastenusnihil</strong></span> 
     </span>
     <span class='ocr_line' id='line_1_14' title="bbox 188 1587 1540 1673; baseline -0.001 -21"><span class='ocrx_word' id='word_1_109' title='bbox 188 1606 257 1652; x_wconf 81' lang='lat' dir='ltr'><strong>certa</strong></span> <span class='ocrx_word' id='word_1_110' title='bbox 275 1601 324 1651; x_wconf 86' lang='lat' dir='ltr'><strong>ridi</strong></span> <span class='ocrx_word' id='word_1_111' title='bbox 342 1600 380 1651; x_wconf 81' lang='lat' dir='ltr'><strong>rel</strong></span> <span class='ocrx_word' id='word_1_112' title='bbox 399 1602 488 1653; x_wconf 81' lang='lat' dir='ltr'><strong>audiri.</strong></span> <span class='ocrx_word' id='word_1_113' title='bbox 517 1600 567 1651; x_wconf 90' lang='lat' dir='ltr'><strong>Sed</strong></span> <span class='ocrx_word' id='word_1_114' title='bbox 584 1617 624 1661; x_wconf 90' lang='lat' dir='ltr'><strong>en,</strong></span> <span class='ocrx_word' id='word_1_115' title='bbox 644 1603 702 1667; x_wconf 88' lang='lat' dir='ltr'><strong>qnid</strong></span> <span class='ocrx_word' id='word_1_116' title='bbox 720 1605 783 1673; x_wconf 87' lang='lat' dir='ltr'><strong>istae</strong></span> <span class='ocrx_word' id='word_1_117' title='bbox 802 1610 861 1654; x_wconf 85' lang='lat' dir='ltr'><strong>tuae</strong></span> <span class='ocrx_word' id='word_1_118' title='bbox 879 1605 1032 1654; x_wconf 78' lang='lat' dir='ltr'><strong>inventiones</strong></span> <span class='ocrx_word' id='word_1_119' title='bbox 1050 1602 1130 1652; x_wconf 89' lang='lat' dir='ltr'><strong>laudis</strong></span> <span class='ocrx_word' id='word_1_120' title='bbox 1148 1587 1295 1653; x_wconf 73' lang='lat' dir='ltr'><strong>memoritur.</strong></span> <span class='ocrx_word' id='word_1_121' title='bbox 1312 1603 1439 1668; x_wconf 63' lang='lat' dir='ltr'><strong>Regiam,</strong></span> <span class='ocrx_word' id='word_1_122' title='bbox 1457 1607 1486 1651; x_wconf 90' lang='lat' dir='ltr'><strong>nt</strong></span> <span class='ocrx_word' id='word_1_123' title='bbox 1503 1604 1540 1652; x_wconf 90' lang='lat' dir='ltr'><strong>ln·</strong></span> 
     </span>
     <span class='ocr_line' id='line_1_15' title="bbox 187 1671 1539 1738; baseline 0 -15"><span class='ocrx_word' id='word_1_124' title='bbox 187 1672 290 1738; x_wconf 85' lang='lat' dir='ltr'><strong>telligo,</strong></span> <span class='ocrx_word' id='word_1_125' title='bbox 317 1672 439 1723; x_wconf 77' lang='grc' dir='ltr'>ιιιιιιιιι</span> <span class='ocrx_word' id='word_1_126' title='bbox 457 1673 632 1738; x_wconf 70' lang='lat' dir='ltr'><strong>professionem</strong></span> <span class='ocrx_word' id='word_1_127' title='bbox 651 1674 707 1723; x_wconf 89' lang='lat' dir='ltr'><strong>olim</strong></span> <span class='ocrx_word' id='word_1_128' title='bbox 724 1675 869 1737; x_wconf 87' lang='lat' dir='ltr'><strong>promissam</strong></span> <span class='ocrx_word' id='word_1_129' title='bbox 893 1676 914 1723; x_wconf 92' lang='lat' dir='ltr'><strong>ls</strong></span> <span class='ocrx_word' id='word_1_130' title='bbox 941 1675 986 1724; x_wconf 85' lang='lat' dir='ltr'><strong>tibi</strong></span> <span class='ocrx_word' id='word_1_131' title='bbox 1012 1673 1099 1724; x_wconf 83' lang='lat' dir='ltr'><strong>offert</strong></span> <span class='ocrx_word' id='word_1_132' title='bbox 1128 1671 1178 1723; x_wconf 84' lang='lat' dir='ltr'><strong>Sed</strong></span> <span class='ocrx_word' id='word_1_133' title='bbox 1206 1675 1274 1725; x_wconf 89' lang='lat' dir='ltr'><strong>illum</strong></span> <span class='ocrx_word' id='word_1_134' title='bbox 1292 1677 1392 1724; x_wconf 91' lang='lat' dir='ltr'><strong>missum</strong></span> <span class='ocrx_word' id='word_1_135' title='bbox 1410 1673 1539 1732; x_wconf 84' lang='lat' dir='ltr'><strong>lactamus,</strong></span> 
     </span>
     <span class='ocr_line' id='line_1_16' title="bbox 186 1740 1541 1810; baseline 0 -17"><span class='ocrx_word' id='word_1_136' title='bbox 186 1744 326 1809; x_wconf 83' lang='lat' dir='ltr'><strong>quicunqne</strong></span> <span class='ocrx_word' id='word_1_137' title='bbox 344 1745 384 1798; x_wconf 85' lang='lat' dir='ltr'><strong>sit.</strong></span> <span class='ocrx_word' id='word_1_138' title='bbox 421 1743 523 1794; x_wconf 80' lang='lat' dir='ltr'><strong>Nostros</strong></span> <span class='ocrx_word' id='word_1_139' title='bbox 541 1743 667 1810; x_wconf 90' lang='lat' dir='ltr'><strong>theologos</strong></span> <span class='ocrx_word' id='word_1_140' title='bbox 685 1745 793 1794; x_wconf 87' lang='lat' dir='ltr'><strong>nonnihil</strong></span> <span class='ocrx_word' id='word_1_141' title='bbox 821 1744 924 1796; x_wconf 81' lang='lat' dir='ltr'><strong>offendit</strong></span> <span class='ocrx_word' id='word_1_142' title='bbox 951 1740 1134 1810; x_wconf 87' lang='lat' dir='ltr'><strong>(prodromns),</strong></span> <span class='ocrx_word' id='word_1_143' title='bbox 1161 1747 1294 1796; x_wconf 71' lang='lat' dir='ltr'><strong>autoritate</strong></span> <span class='ocrx_word' id='word_1_144' title='bbox 1318 1754 1405 1795; x_wconf 88' lang='lat' dir='ltr'><strong>tamen</strong></span> <span class='ocrx_word' id='word_1_145' title='bbox 1421 1743 1541 1808; x_wconf 86' lang='lat' dir='ltr'><strong>Principis</strong></span> 
     </span>
     <span class='ocr_line' id='line_1_17' title="bbox 187 1815 1540 1882; baseline -0.001 -16"><span class='ocrx_word' id='word_1_146' title='bbox 187 1818 280 1872; x_wconf 84' lang='lat' dir='ltr'><strong>nostri.</strong></span> <span class='ocrx_word' id='word_1_147' title='bbox 309 1818 348 1865; x_wconf 90' lang='lat' dir='ltr'><strong>oni</strong></span> <span class='ocrx_word' id='word_1_148' title='bbox 365 1815 500 1880; x_wconf 69' lang='lat' dir='ltr'><strong>principale</strong></span> <span class='ocrx_word' id='word_1_149' title='bbox 518 1816 619 1865; x_wconf 89' lang='lat' dir='ltr'><strong>schema</strong></span> <span class='ocrx_word' id='word_1_150' title='bbox 637 1817 778 1867; x_wconf 86' lang='lat' dir='ltr'><strong>dedicatum</strong></span> <span class='ocrx_word' id='word_1_151' title='bbox 796 1823 846 1872; x_wconf 85' lang='lat' dir='ltr'><strong>est.</strong></span> <span class='ocrx_word' id='word_1_152' title='bbox 872 1819 932 1867; x_wconf 90' lang='lat' dir='ltr'><strong>moti</strong></span> <span class='ocrx_word' id='word_1_153' title='bbox 956 1819 982 1867; x_wconf 89' lang='lat' dir='ltr'><strong>in</strong></span> <span class='ocrx_word' id='word_1_154' title='bbox 1007 1817 1088 1866; x_wconf 84' lang='lat' dir='ltr'><strong>medio</strong></span> <span class='ocrx_word' id='word_1_155' title='bbox 1115 1817 1264 1882; x_wconf 89' lang='lat' dir='ltr'><strong>relinquunt.</strong></span> <span class='ocrx_word' id='word_1_156' title='bbox 1302 1817 1335 1866; x_wconf 91' lang='lat' dir='ltr'><strong>D.</strong></span> <span class='ocrx_word' id='word_1_157' title='bbox 1354 1815 1540 1866; x_wconf 83' lang='lat' dir='ltr'><strong>Hafeurefferus</strong></span> 
     </span>
     <span class='ocr_line' id='line_1_18' title="bbox 187 1885 1540 1953; baseline 0 -16"><span class='ocrx_word' id='word_1_158' title='bbox 187 1887 265 1938; x_wconf 90' lang='lat' dir='ltr'><strong>semel</strong></span> <span class='ocrx_word' id='word_1_159' title='bbox 284 1891 358 1951; x_wconf 88' lang='lat' dir='ltr'><strong>atque</strong></span> <span class='ocrx_word' id='word_1_160' title='bbox 376 1887 464 1937; x_wconf 87' lang='lat' dir='ltr'><strong>iterum</strong></span> <span class='ocrx_word' id='word_1_161' title='bbox 483 1887 577 1950; x_wconf 77' lang='lat' dir='ltr'><strong>(jocose</strong></span> <span class='ocrx_word' id='word_1_162' title='bbox 596 1888 712 1953; x_wconf 89' lang='lat' dir='ltr'><strong>quidem,</strong></span> <span class='ocrx_word' id='word_1_163' title='bbox 731 1887 790 1938; x_wconf 90' lang='lat' dir='ltr'><strong>licet</strong></span> <span class='ocrx_word' id='word_1_164' title='bbox 805 1889 868 1952; x_wconf 87' lang='lat' dir='ltr'><strong>Joois</strong></span> <span class='ocrx_word' id='word_1_165' title='bbox 886 1890 952 1939; x_wconf 84' lang='lat' dir='ltr'><strong>seria</strong></span> <span class='ocrx_word' id='word_1_166' title='bbox 970 1888 1046 1939; x_wconf 88' lang='lat' dir='ltr'><strong>etiam</strong></span> <span class='ocrx_word' id='word_1_167' title='bbox 1065 1889 1207 1938; x_wconf 87' lang='lat' dir='ltr'><strong>intermixta</strong></span> <span class='ocrx_word' id='word_1_168' title='bbox 1224 1885 1365 1948; x_wconf 83' lang='lat' dir='ltr'><strong>rideantur)</strong></span> <span class='ocrx_word' id='word_1_169' title='bbox 1383 1885 1424 1937; x_wconf 78' lang='grc' dir='ltr'><strong>ιιι</strong></span> <span class='ocrx_word' id='word_1_170' title='bbox 1440 1887 1540 1938; x_wconf 85' lang='grc' dir='ltr'>ιιιιιιι</span> 
     </span>
     <span class='ocr_line' id='line_1_19' title="bbox 187 1959 1536 2025; baseline 0.001 -17"><span class='ocrx_word' id='word_1_171' title='bbox 187 1966 214 2009; x_wconf 87' lang='grc' dir='ltr'><strong>ιι</strong></span> <span class='ocrx_word' id='word_1_172' title='bbox 231 1972 328 2008; x_wconf 88' lang='lat' dir='ltr'><strong>mecum</strong></span> <span class='ocrx_word' id='word_1_173' title='bbox 347 1959 525 2022; x_wconf 86' lang='lat' dir='ltr'><strong>disputaturum</strong></span> <span class='ocrx_word' id='word_1_174' title='bbox 543 1974 570 2008; x_wconf 91' lang='lat' dir='ltr'><strong>se</strong></span> <span class='ocrx_word' id='word_1_175' title='bbox 589 1973 643 2009; x_wconf 88' lang='lat' dir='ltr'><strong>esse</strong></span> <span class='ocrx_word' id='word_1_176' title='bbox 656 1965 762 2009; x_wconf 84' lang='lat' dir='ltr'><strong>testatus</strong></span> <span class='ocrx_word' id='word_1_177' title='bbox 781 1967 827 2016; x_wconf 90' lang='lat' dir='ltr'><strong>est,</strong></span> <span class='ocrx_word' id='word_1_178' title='bbox 846 1975 920 2025; x_wconf 91' lang='lat' dir='ltr'><strong>quam</strong></span> <span class='ocrx_word' id='word_1_179' title='bbox 939 1961 980 2010; x_wconf 90' lang='lat' dir='ltr'><strong>diu</strong></span> <span class='ocrx_word' id='word_1_180' title='bbox 998 1961 1089 2010; x_wconf 81' lang='lat' dir='ltr'><strong>veritas</strong></span> <span class='ocrx_word' id='word_1_181' title='bbox 1108 1961 1243 2024; x_wconf 84' lang='lat' dir='ltr'><strong>scripturas</strong></span> <span class='ocrx_word' id='word_1_182' title='bbox 1261 1974 1348 2010; x_wconf 84' lang='lat' dir='ltr'><strong>sacrae</strong></span> <span class='ocrx_word' id='word_1_183' title='bbox 1368 1963 1434 2010; x_wconf 88' lang='lat' dir='ltr'><strong>asset</strong></span> <span class='ocrx_word' id='word_1_184' title='bbox 1450 1960 1536 2022; x_wconf 89' lang='lat' dir='ltr'><strong>persti-</strong></span> 
     </span>
     <span class='ocr_line' id='line_1_20' title="bbox 186 2027 1539 2096; baseline 0.001 -17"><span class='ocrx_word' id='word_1_185' title='bbox 186 2038 252 2080; x_wconf 86' lang='lat' dir='ltr'><strong>tnra.</strong></span> <span class='ocrx_word' id='word_1_186' title='bbox 280 2029 349 2080; x_wconf 90' lang='lat' dir='ltr'><strong>Idem</strong></span> <span class='ocrx_word' id='word_1_187' title='bbox 367 2030 434 2080; x_wconf 87' lang='lat' dir='ltr'><strong>hand</strong></span> <span class='ocrx_word' id='word_1_188' title='bbox 449 2032 486 2080; x_wconf 93' lang='lat' dir='ltr'><strong>ita</strong></span> <span class='ocrx_word' id='word_1_189' title='bbox 503 2030 595 2094; x_wconf 83' lang='lat' dir='ltr'><strong>pridem</strong></span> <span class='ocrx_word' id='word_1_190' title='bbox 614 2033 639 2080; x_wconf 90' lang='lat' dir='ltr'><strong>in</strong></span> <span class='ocrx_word' id='word_1_191' title='bbox 657 2031 755 2096; x_wconf 88' lang='lat' dir='ltr'><strong>publiea</strong></span> <span class='ocrx_word' id='word_1_192' title='bbox 773 2034 914 2096; x_wconf 80' lang='lat' dir='ltr'><strong>vespertina</strong></span> <span class='ocrx_word' id='word_1_193' title='bbox 932 2032 1049 2082; x_wconf 89' lang='lat' dir='ltr'><strong>concione</strong></span> <span class='ocrx_word' id='word_1_194' title='bbox 1068 2031 1145 2080; x_wconf 82' lang='lat' dir='ltr'><strong>dixit:</strong></span> <span class='ocrx_word' id='word_1_195' title='bbox 1165 2027 1247 2081; x_wconf 88' lang='lat' dir='ltr'><strong>Dennr</strong></span> <span class='ocrx_word' id='word_1_196' title='bbox 1264 2046 1386 2080; x_wconf 91' lang='lat' dir='ltr'><strong>summum</strong></span> <span class='ocrx_word' id='word_1_197' title='bbox 1404 2037 1539 2080; x_wconf 87' lang='lat' dir='ltr'><strong>creatorem</strong></span> 
     </span>
     <span class='ocr_line' id='line_1_21' title="bbox 144 2089 1540 2165; baseline 0.001 -14"><span class='ocrx_word' id='word_1_198' title='bbox 144 2089 156 2109; x_wconf 81' lang='lat'><em>&#39;</em></span> <span class='ocrx_word' id='word_1_199' title='bbox 184 2116 237 2151; x_wconf 90' lang='lat' dir='ltr'><strong>non</strong></span> <span class='ocrx_word' id='word_1_200' title='bbox 255 2100 410 2165; x_wconf 74' lang='lat' dir='ltr'><strong>suspendisse</strong></span> <span class='ocrx_word' id='word_1_201' title='bbox 425 2101 507 2153; x_wconf 83' lang='lat' dir='ltr'><strong>Solem</strong></span> <span class='ocrx_word' id='word_1_202' title='bbox 525 2103 551 2151; x_wconf 93' lang='lat' dir='ltr'><strong>in</strong></span> <span class='ocrx_word' id='word_1_203' title='bbox 569 2102 649 2153; x_wconf 90' lang='lat' dir='ltr'><strong>medio</strong></span> <span class='ocrx_word' id='word_1_204' title='bbox 667 2102 760 2156; x_wconf 89' lang='lat' dir='ltr'><strong>mnndi.</strong></span> <span class='ocrx_word' id='word_1_205' title='bbox 779 2109 808 2152; x_wconf 89' lang='grc' dir='ltr'><strong>ιι</strong></span> <span class='ocrx_word' id='word_1_206' title='bbox 824 2102 947 2153; x_wconf 86' lang='lat' dir='ltr'><strong>laternam</strong></span> <span class='ocrx_word' id='word_1_207' title='bbox 960 2104 986 2152; x_wconf 88' lang='lat' dir='ltr'><strong>in</strong></span> <span class='ocrx_word' id='word_1_208' title='bbox 1003 2103 1083 2152; x_wconf 89' lang='lat' dir='ltr'><strong>medio</strong></span> <span class='ocrx_word' id='word_1_209' title='bbox 1100 2103 1164 2152; x_wconf 83' lang='lat' dir='ltr'><strong>atrii.</strong></span> <span class='ocrx_word' id='word_1_210' title='bbox 1201 2102 1294 2154; x_wconf 89' lang='lat' dir='ltr'><strong>Verum</strong></span> <span class='ocrx_word' id='word_1_211' title='bbox 1309 2103 1372 2165; x_wconf 74' lang='lat' dir='ltr'><strong>ioris</strong></span> <span class='ocrx_word' id='word_1_212' title='bbox 1390 2102 1437 2153; x_wconf 89' lang='lat' dir='ltr'><strong>illis</strong></span> <span class='ocrx_word' id='word_1_213' title='bbox 1453 2104 1540 2165; x_wconf 80' lang='lat' dir='ltr'><strong>jocosa</strong></span> 
     </span>
    </p>
   </div>
   <div class='ocr_carea' id='block_1_6' title="bbox 185 2172 1623 2251">
    <p class='ocr_par' dir='ltr' id='par_1_7' title="bbox 185 2172 1623 2251">
     <span class='ocr_line' id='line_1_22' title="bbox 185 2172 1623 2251; baseline 0.003 -31"><span class='ocrx_word' id='word_1_214' title='bbox 185 2187 307 2236; x_wconf 74' lang='lat' dir='ltr'><strong>oppormre</strong></span> <span class='ocrx_word' id='word_1_215' title='bbox 334 2173 419 2230; x_wconf 89' lang='lat' dir='ltr'><strong>soleo,</strong></span> <span class='ocrx_word' id='word_1_216' title='bbox 438 2173 496 2223; x_wconf 91' lang='lat' dir='ltr'><strong>dum</strong></span> <span class='ocrx_word' id='word_1_217' title='bbox 511 2174 563 2237; x_wconf 86' lang='lat' dir='ltr'><strong>joci</strong></span> <span class='ocrx_word' id='word_1_218' title='bbox 580 2174 695 2231; x_wconf 77' lang='lat' dir='ltr'><strong>snut;,si</strong></span> <span class='ocrx_word' id='word_1_219' title='bbox 713 2175 776 2223; x_wconf 91' lang='lat' dir='ltr'><strong>serio</strong></span> <span class='ocrx_word' id='word_1_220' title='bbox 794 2189 833 2225; x_wconf 93' lang='lat' dir='ltr'><strong>res</strong></span> <span class='ocrx_word' id='word_1_221' title='bbox 851 2174 951 2238; x_wconf 87' lang='lat' dir='ltr'><strong>agenda</strong></span> <span class='ocrx_word' id='word_1_222' title='bbox 969 2180 1049 2231; x_wconf 88' lang='lat' dir='ltr'><strong>esset,</strong></span> <span class='ocrx_word' id='word_1_223' title='bbox 1076 2172 1148 2223; x_wconf 89' lang='lat' dir='ltr'><strong>aliter</strong></span> <span class='ocrx_word' id='word_1_224' title='bbox 1165 2187 1325 2239; x_wconf 87' lang='lat' dir='ltr'><strong>responsurus</strong></span> <span class='ocrx_word' id='word_1_225' title='bbox 1343 2179 1369 2223; x_wconf 88' lang='lat' dir='ltr'><strong>et</strong></span> <span class='ocrx_word' id='word_1_226' title='bbox 1387 2188 1433 2238; x_wconf 90' lang='lat' dir='ltr'><strong>ego</strong></span> <span class='ocrx_word' id='word_1_227' title='bbox 1452 2187 1538 2224; x_wconf 81' lang='lat' dir='ltr'><strong>assem</strong></span> <span class='ocrx_word' id='word_1_228' title='bbox 1619 2230 1623 2251; x_wconf 50' lang='grc' dir='ltr'>Ι</span> 
     </span>
    </p>
   </div>
   <div class='ocr_carea' id='block_1_7' title="bbox 180 2243 1540 2595">
    <p class='ocr_par' dir='ltr' id='par_1_8' title="bbox 183 2243 1539 2381">
     <span class='ocr_line' id='line_1_23' title="bbox 183 2243 1539 2311; baseline 0 -16"><span class='ocrx_word' id='word_1_229' title='bbox 183 2243 232 2295; x_wconf 82' lang='lat' dir='ltr'><strong>Pro</strong></span> <span class='ocrx_word' id='word_1_230' title='bbox 251 2245 353 2308; x_wconf 90' lang='lat' dir='ltr'><strong>egregia</strong></span> <span class='ocrx_word' id='word_1_231' title='bbox 370 2244 503 2306; x_wconf 85' lang='lat' dir='ltr'><strong>phantasia</strong></span> <span class='ocrx_word' id='word_1_232' title='bbox 520 2251 546 2294; x_wconf 91' lang='grc' dir='ltr'><strong>ιι</strong></span> <span class='ocrx_word' id='word_1_233' title='bbox 564 2244 658 2294; x_wconf 89' lang='grc' dir='ltr'>ιιιιιιι</span> <span class='ocrx_word' id='word_1_234' title='bbox 675 2246 775 2295; x_wconf 80' lang='lat' dir='ltr'><strong>invento</strong></span> <span class='ocrx_word' id='word_1_235' title='bbox 792 2244 858 2296; x_wconf 90' lang='lat' dir='ltr'><strong>idem</strong></span> <span class='ocrx_word' id='word_1_236' title='bbox 875 2244 907 2295; x_wconf 85' lang='grc' dir='ltr'><strong>Η.</strong></span> <span class='ocrx_word' id='word_1_237' title='bbox 929 2245 1058 2311; x_wconf 85' lang='lat' dir='ltr'><strong>agnoscit,</strong></span> <span class='ocrx_word' id='word_1_238' title='bbox 1077 2244 1122 2294; x_wconf 89' lang='lat' dir='ltr'><strong>sed</strong></span> <span class='ocrx_word' id='word_1_239' title='bbox 1139 2259 1160 2294; x_wconf 92' lang='lat' dir='ltr'><strong>s.</strong></span> <span class='ocrx_word' id='word_1_240' title='bbox 1173 2246 1315 2311; x_wconf 60' lang='lat' dir='ltr'><strong>¹scripturae</strong></span> <span class='ocrx_word' id='word_1_241' title='bbox 1334 2250 1360 2294; x_wconf 93' lang='lat' dir='ltr'><strong>et</strong></span> <span class='ocrx_word' id='word_1_242' title='bbox 1377 2246 1424 2308; x_wconf 85' lang='lat' dir='ltr'><strong>ipsi</strong></span> <span class='ocrx_word' id='word_1_243' title='bbox 1441 2245 1539 2295; x_wconf 83' lang='lat' dir='ltr'><strong>raritati</strong></span> 
     </span>
     <span class='ocr_line' id='line_1_24' title="bbox 183 2315 744 2381; baseline -0.005 -16"><span class='ocrx_word' id='word_1_244' title='bbox 183 2315 330 2366; x_wconf 77' lang='lat' dir='ltr'><strong>contrariari</strong></span> <span class='ocrx_word' id='word_1_245' title='bbox 349 2316 447 2364; x_wconf 90' lang='lat' dir='ltr'><strong>omuino</strong></span> <span class='ocrx_word' id='word_1_246' title='bbox 466 2321 492 2365; x_wconf 93' lang='lat' dir='ltr'><strong>et</strong></span> <span class='ocrx_word' id='word_1_247' title='bbox 507 2315 648 2379; x_wconf 89' lang='lat' dir='ltr'><strong>simpliciter</strong></span> <span class='ocrx_word' id='word_1_248' title='bbox 664 2322 744 2381; x_wconf 87' lang='lat' dir='ltr'><strong>putat.</strong></span> 
     </span>
    </p>

    <p class='ocr_par' dir='ltr' id='par_1_9' title="bbox 180 2385 1540 2522">
     <span class='ocr_line' id='line_1_25' title="bbox 255 2385 1540 2452; baseline 0.002 -17"><span class='ocrx_word' id='word_1_249' title='bbox 255 2385 321 2435; x_wconf 83' lang='lat' dir='ltr'><strong>iiaf</strong></span> <span class='ocrx_word' id='word_1_250' title='bbox 325 2386 415 2436; x_wconf 87' lang='lat' dir='ltr'><strong>enrel</strong></span> <span class='ocrx_word' id='word_1_251' title='bbox 419 2386 431 2435; x_wconf 91' lang='lat' dir='ltr'><strong>f</strong></span> <span class='ocrx_word' id='word_1_252' title='bbox 435 2388 481 2436; x_wconf 92' lang='grc' dir='ltr'><strong>ιιι</strong></span> <span class='ocrx_word' id='word_1_253' title='bbox 497 2387 616 2450; x_wconf 83' lang='lat' dir='ltr'><strong>judicium</strong></span> <span class='ocrx_word' id='word_1_254' title='bbox 633 2387 682 2437; x_wconf 85' lang='lat' dir='ltr'><strong>hac</strong></span> <span class='ocrx_word' id='word_1_255' title='bbox 701 2387 731 2436; x_wconf 88' lang='lat' dir='ltr'><strong>de</strong></span> <span class='ocrx_word' id='word_1_256' title='bbox 749 2402 775 2438; x_wconf 94' lang='lat' dir='ltr'><strong>re</strong></span> <span class='ocrx_word' id='word_1_257' title='bbox 794 2387 997 2452; x_wconf 86' lang='lat' dir='ltr'><strong>deprehendimus</strong></span> <span class='ocrx_word' id='word_1_258' title='bbox 1013 2388 1040 2437; x_wconf 90' lang='lat' dir='ltr'><strong>in</strong></span> <span class='ocrx_word' id='word_1_259' title='bbox 1058 2387 1163 2452; x_wconf 86' lang='lat' dir='ltr'><strong>epistula</strong></span> <span class='ocrx_word' id='word_1_260' title='bbox 1179 2387 1214 2437; x_wconf 86' lang='lat' dir='ltr'><strong>ad</strong></span> <span class='ocrx_word' id='word_1_261' title='bbox 1234 2386 1370 2452; x_wconf 84' lang='lat' dir='ltr'><strong>Keplerum</strong></span> <span class='ocrx_word' id='word_1_262' title='bbox 1388 2387 1465 2443; x_wconf 89' lang='lat' dir='ltr'><strong>data,</strong></span> <span class='ocrx_word' id='word_1_263' title='bbox 1490 2400 1540 2451; x_wconf 85' lang='lat' dir='ltr'><strong>qua</strong></span> 
     </span>
     <span class='ocr_line' id='line_1_26' title="bbox 180 2457 741 2522; baseline 0.004 -16"><span class='ocrx_word' id='word_1_264' title='bbox 180 2457 308 2522; x_wconf 88' lang='lat' dir='ltr'><strong>respondit</strong></span> <span class='ocrx_word' id='word_1_265' title='bbox 326 2459 446 2522; x_wconf 90' lang='lat' dir='ltr'><strong>epistolae</strong></span> <span class='ocrx_word' id='word_1_266' title='bbox 464 2458 565 2522; x_wconf 87' lang='lat' dir='ltr'><strong>Kapleri</strong></span> <span class='ocrx_word' id='word_1_267' title='bbox 585 2458 741 2522; x_wconf 85' lang='lat' dir='ltr'><strong>deperditae:</strong></span> 
     </span>
    </p>

    <p class='ocr_par' dir='ltr' id='par_1_10' title="bbox 253 2529 1539 2595">
     <span class='ocr_line' id='line_1_27' title="bbox 253 2529 1539 2595; baseline 0.001 -17"><span class='ocrx_word' id='word_1_268' title='bbox 253 2530 294 2578; x_wconf 89' lang='grc' dir='ltr'><strong>Δι</strong></span> <span class='ocrx_word' id='word_1_269' title='bbox 312 2536 486 2594; x_wconf 74' lang='lat' dir='ltr'><strong>argumentum</strong></span> <span class='ocrx_word' id='word_1_270' title='bbox 503 2530 628 2580; x_wconf 86' lang='lat' dir='ltr'><strong>literarum</strong></span> <span class='ocrx_word' id='word_1_271' title='bbox 646 2537 743 2579; x_wconf 89' lang='lat' dir='ltr'><strong>tuarum</strong></span> <span class='ocrx_word' id='word_1_272' title='bbox 762 2536 789 2580; x_wconf 91' lang='grc' dir='ltr'><strong>ιι</strong></span> <span class='ocrx_word' id='word_1_273' title='bbox 807 2529 898 2595; x_wconf 69' lang='lat' dir='ltr'><strong>diqnid</strong></span> <span class='ocrx_word' id='word_1_274' title='bbox 915 2529 1086 2593; x_wconf 83' lang='lat' dir='ltr'><strong>respondeam,</strong></span> <span class='ocrx_word' id='word_1_275' title='bbox 1105 2529 1211 2579; x_wconf 87' lang='lat' dir='ltr'><strong>libenter</strong></span> <span class='ocrx_word' id='word_1_276' title='bbox 1222 2530 1271 2594; x_wconf 91' lang='lat' dir='ltr'><strong>legi</strong></span> <span class='ocrx_word' id='word_1_277' title='bbox 1281 2529 1402 2592; x_wconf 89' lang='lat' dir='ltr'><strong>judicium</strong></span> <span class='ocrx_word' id='word_1_278' title='bbox 1419 2533 1490 2579; x_wconf 89' lang='lat' dir='ltr'><strong>tuum</strong></span> <span class='ocrx_word' id='word_1_279' title='bbox 1508 2530 1539 2579; x_wconf 89' lang='lat' dir='ltr'><strong>de</strong></span> 
     </span>
    </p>
   </div>
   <div class='ocr_carea' id='block_1_8' title="bbox 183 2597 1640 2666">
    <p class='ocr_par' dir='ltr' id='par_1_11' title="bbox 183 2597 1640 2666">
     <span class='ocr_line' id='line_1_28' title="bbox 183 2597 1640 2666; baseline 0 -16"><span class='ocrx_word' id='word_1_280' title='bbox 183 2599 255 2650; x_wconf 88' lang='lat' dir='ltr'><strong>rebus</strong></span> <span class='ocrx_word' id='word_1_281' title='bbox 274 2600 444 2666; x_wconf 86' lang='lat' dir='ltr'><strong>astrologicis,</strong></span> <span class='ocrx_word' id='word_1_282' title='bbox 470 2607 496 2651; x_wconf 90' lang='lat' dir='ltr'><strong>et</strong></span> <span class='ocrx_word' id='word_1_283' title='bbox 513 2601 627 2651; x_wconf 90' lang='lat' dir='ltr'><strong>libentius</strong></span> <span class='ocrx_word' id='word_1_284' title='bbox 647 2597 689 2663; x_wconf 88' lang='grc' dir='ltr'><strong>(ιι</strong></span> <span class='ocrx_word' id='word_1_285' title='bbox 708 2616 755 2664; x_wconf 89' lang='lat' dir='ltr'><strong>quo</strong></span> <span class='ocrx_word' id='word_1_286' title='bbox 773 2607 856 2650; x_wconf 85' lang='grc' dir='ltr'>ιιιιιι</span> <span class='ocrx_word' id='word_1_287' title='bbox 876 2601 988 2650; x_wconf 84' lang='grc' dir='ltr'>ιιιιιιιι</span> <span class='ocrx_word' id='word_1_288' title='bbox 1007 2616 1057 2650; x_wconf 88' lang='grc' dir='ltr'><strong>ιιι</strong></span> <span class='ocrx_word' id='word_1_289' title='bbox 1074 2597 1214 2664; x_wconf 91' lang='lat' dir='ltr'><strong>potueram)</strong></span> <span class='ocrx_word' id='word_1_290' title='bbox 1239 2601 1303 2665; x_wconf 90' lang='lat' dir='ltr'><strong>quod</strong></span> <span class='ocrx_word' id='word_1_291' title='bbox 1327 2601 1353 2650; x_wconf 89' lang='lat' dir='ltr'><strong>in</strong></span> <span class='ocrx_word' id='word_1_292' title='bbox 1377 2599 1538 2650; x_wconf 81' lang='lat' dir='ltr'><strong>fhmiliaribus</strong></span> <span class='ocrx_word' id='word_1_293' title='bbox 1639 2607 1640 2610; x_wconf 78' lang='grc'>’</span> 
     </span>
    </p>
   </div>
   <div class='ocr_carea' id='block_1_9' title="bbox 151 2669 1539 4091">
    <p class='ocr_par' dir='ltr' id='par_1_12' title="bbox 151 2669 1539 4091">
     <span class='ocr_line' id='line_1_29' title="bbox 186 2669 1538 2737; baseline 0.001 -17"><span class='ocrx_word' id='word_1_294' title='bbox 186 2673 233 2720; x_wconf 88' lang='lat' dir='ltr'><strong>tuis</strong></span> <span class='ocrx_word' id='word_1_295' title='bbox 251 2686 304 2720; x_wconf 89' lang='lat' dir='ltr'><strong>rem</strong></span> <span class='ocrx_word' id='word_1_296' title='bbox 323 2673 413 2721; x_wconf 83' lang='lat' dir='ltr'><strong>seriam</strong></span> <span class='ocrx_word' id='word_1_297' title='bbox 431 2677 456 2720; x_wconf 91' lang='lat' dir='ltr'><strong>te</strong></span> <span class='ocrx_word' id='word_1_298' title='bbox 476 2685 549 2737; x_wconf 88' lang='lat' dir='ltr'><strong>agere</strong></span> <span class='ocrx_word' id='word_1_299' title='bbox 568 2678 652 2735; x_wconf 88' lang='lat' dir='ltr'><strong>aperto</strong></span> <span class='ocrx_word' id='word_1_300' title='bbox 671 2671 811 2722; x_wconf 83' lang='lat' dir='ltr'><strong>declarasti.</strong></span> <span class='ocrx_word' id='word_1_301' title='bbox 849 2669 934 2721; x_wconf 88' lang='lat' dir='ltr'><strong>Scribo</strong></span> <span class='ocrx_word' id='word_1_302' title='bbox 953 2672 1027 2729; x_wconf 90' lang='lat' dir='ltr'><strong>enim,</strong></span> <span class='ocrx_word' id='word_1_303' title='bbox 1045 2672 1110 2736; x_wconf 89' lang='lat' dir='ltr'><strong>quod</strong></span> <span class='ocrx_word' id='word_1_304' title='bbox 1128 2686 1224 2734; x_wconf 88' lang='lat' dir='ltr'><strong>semper</strong></span> <span class='ocrx_word' id='word_1_305' title='bbox 1235 2672 1330 2735; x_wconf 77' lang='lat' dir='ltr'><strong>scripsi,</strong></span> <span class='ocrx_word' id='word_1_306' title='bbox 1349 2678 1445 2719; x_wconf 89' lang='lat' dir='ltr'><strong>nostros</strong></span> <span class='ocrx_word' id='word_1_307' title='bbox 1459 2677 1538 2721; x_wconf 87' lang='lat' dir='ltr'><strong>astro·</strong></span> 
     </span>
     <span class='ocr_line' id='line_1_30' title="bbox 184 2740 1539 2808; baseline 0.002 -18"><span class='ocrx_word' id='word_1_308' title='bbox 184 2741 250 2808; x_wconf 88' lang='lat' dir='ltr'><strong>logos</strong></span> <span class='ocrx_word' id='word_1_309' title='bbox 269 2743 303 2791; x_wconf 90' lang='grc' dir='ltr'><strong>ιι</strong></span> <span class='ocrx_word' id='word_1_310' title='bbox 321 2744 400 2792; x_wconf 89' lang='lat' dir='ltr'><strong>nimia</strong></span> <span class='ocrx_word' id='word_1_311' title='bbox 417 2757 492 2806; x_wconf 90' lang='lat' dir='ltr'><strong>saepe</strong></span> <span class='ocrx_word' id='word_1_312' title='bbox 510 2743 629 2807; x_wconf 72' lang='lat' dir='ltr'><strong>speciata</strong></span> <span class='ocrx_word' id='word_1_313' title='bbox 646 2743 795 2792; x_wconf 89' lang='lat' dir='ltr'><strong>descendere</strong></span> <span class='ocrx_word' id='word_1_314' title='bbox 820 2757 917 2807; x_wconf 87' lang='lat' dir='ltr'><strong>semper</strong></span> <span class='ocrx_word' id='word_1_315' title='bbox 942 2742 1001 2792; x_wconf 88' lang='lat' dir='ltr'><strong>mihi</strong></span> <span class='ocrx_word' id='word_1_316' title='bbox 1026 2742 1101 2792; x_wconf 87' lang='lat' dir='ltr'><strong>fuisse</strong></span> <span class='ocrx_word' id='word_1_317' title='bbox 1119 2743 1204 2791; x_wconf 87' lang='lat' dir='ltr'><strong>risum.</strong></span> <span class='ocrx_word' id='word_1_318' title='bbox 1241 2740 1271 2791; x_wconf 92' lang='lat' dir='ltr'><strong>In</strong></span> <span class='ocrx_word' id='word_1_319' title='bbox 1288 2755 1338 2806; x_wconf 87' lang='lat' dir='ltr'><strong>qua</strong></span> <span class='ocrx_word' id='word_1_320' title='bbox 1354 2755 1395 2791; x_wconf 91' lang='lat' dir='ltr'><strong>me</strong></span> <span class='ocrx_word' id='word_1_321' title='bbox 1413 2743 1539 2793; x_wconf 81' lang='lat' dir='ltr'><strong>sententia</strong></span> 
     </span>
     <span class='ocr_line' id='line_1_31' title="bbox 182 2812 1538 2878; baseline -0.001 -14"><span class='ocrx_word' id='word_1_322' title='bbox 182 2819 252 2864; x_wconf 80' lang='grc' dir='ltr'>ιιιιι</span> <span class='ocrx_word' id='word_1_323' title='bbox 270 2814 344 2863; x_wconf 89' lang='grc' dir='ltr'>ιιιιο</span> <span class='ocrx_word' id='word_1_324' title='bbox 362 2814 483 2878; x_wconf 84' lang='lat' dir='ltr'><strong>prolatum</strong></span> <span class='ocrx_word' id='word_1_325' title='bbox 498 2815 617 2878; x_wconf 85' lang='lat' dir='ltr'><strong>judicium</strong></span> <span class='ocrx_word' id='word_1_326' title='bbox 636 2815 725 2863; x_wconf 87' lang='lat' dir='ltr'><strong>rectius</strong></span> <span class='ocrx_word' id='word_1_327' title='bbox 743 2814 880 2865; x_wconf 83' lang='lat' dir='ltr'><strong>coufirmat.</strong></span> <span class='ocrx_word' id='word_1_328' title='bbox 917 2813 1105 2878; x_wconf 87' lang='lat' dir='ltr'><strong>Disputationes</strong></span> <span class='ocrx_word' id='word_1_329' title='bbox 1124 2812 1275 2877; x_wconf 88' lang='lat' dir='ltr'><strong>theologicas</strong></span> <span class='ocrx_word' id='word_1_330' title='bbox 1294 2812 1358 2877; x_wconf 87' lang='lat' dir='ltr'><strong>qnod</strong></span> <span class='ocrx_word' id='word_1_331' title='bbox 1371 2813 1468 2868; x_wconf 77' lang='grc' dir='ltr'>ιιιιιιι,</span> <span class='ocrx_word' id='word_1_332' title='bbox 1488 2828 1538 2863; x_wconf 89' lang='grc' dir='ltr'><strong>ιιι</strong></span> 
     </span>
     <span class='ocr_line' id='line_1_32' title="bbox 182 2884 1536 2951; baseline 0 -17"><span class='ocrx_word' id='word_1_333' title='bbox 182 2885 267 2935; x_wconf 82' lang='lat' dir='ltr'><strong>dubito</strong></span> <span class='ocrx_word' id='word_1_334' title='bbox 286 2887 345 2949; x_wconf 91' lang='lat' dir='ltr'><strong>quin</strong></span> <span class='ocrx_word' id='word_1_335' title='bbox 364 2887 446 2935; x_wconf 83' lang='lat' dir='ltr'><strong>omnia</strong></span> <span class='ocrx_word' id='word_1_336' title='bbox 463 2888 501 2936; x_wconf 87' lang='lat' dir='ltr'><strong>ita</strong></span> <span class='ocrx_word' id='word_1_337' title='bbox 518 2887 550 2934; x_wconf 90' lang='lat' dir='ltr'><strong>sis</strong></span> <span class='ocrx_word' id='word_1_338' title='bbox 570 2884 748 2948; x_wconf 82' lang='lat' dir='ltr'><strong>explicaturus,</strong></span> <span class='ocrx_word' id='word_1_339' title='bbox 771 2894 800 2935; x_wconf 93' lang='lat' dir='ltr'><strong>ut</strong></span> <span class='ocrx_word' id='word_1_340' title='bbox 817 2893 844 2936; x_wconf 95' lang='lat' dir='ltr'><strong>et</strong></span> <span class='ocrx_word' id='word_1_341' title='bbox 861 2888 943 2951; x_wconf 88' lang='lat' dir='ltr'><strong>rigere</strong></span> <span class='ocrx_word' id='word_1_342' title='bbox 961 2887 1135 2948; x_wconf 85' lang='lat' dir='ltr'><strong>seripturarum</strong></span> <span class='ocrx_word' id='word_1_343' title='bbox 1154 2884 1271 2949; x_wconf 74' lang='lat' dir='ltr'><strong>malogia</strong></span> <span class='ocrx_word' id='word_1_344' title='bbox 1289 2890 1315 2933; x_wconf 91' lang='grc' dir='ltr'><strong>ιι</strong></span> <span class='ocrx_word' id='word_1_345' title='bbox 1332 2889 1377 2933; x_wconf 89' lang='lat' dir='ltr'><strong>tua</strong></span> <span class='ocrx_word' id='word_1_346' title='bbox 1395 2884 1481 2934; x_wconf 78' lang='lat' dir='ltr'><strong>florem</strong></span> <span class='ocrx_word' id='word_1_347' title='bbox 1499 2886 1536 2934; x_wconf 91' lang='lat' dir='ltr'><strong>in·</strong></span> 
     </span>
     <span class='ocr_line' id='line_1_33' title="bbox 180 2955 1534 3021; baseline -0.001 -14"><span class='ocrx_word' id='word_1_348' title='bbox 180 2955 313 3007; x_wconf 80' lang='lat' dir='ltr'><strong>columitas</strong></span> <span class='ocrx_word' id='word_1_349' title='bbox 331 2959 415 3019; x_wconf 88' lang='lat' dir='ltr'><strong>possit.</strong></span> <span class='ocrx_word' id='word_1_350' title='bbox 451 2956 577 3018; x_wconf 84' lang='lat' dir='ltr'><strong>Ejusmodi</strong></span> <span class='ocrx_word' id='word_1_351' title='bbox 596 2964 679 3006; x_wconf 88' lang='lat' dir='ltr'><strong>autem</strong></span> <span class='ocrx_word' id='word_1_352' title='bbox 697 2957 722 3006; x_wconf 92' lang='lat' dir='ltr'><strong>iu</strong></span> <span class='ocrx_word' id='word_1_353' title='bbox 740 2957 812 3007; x_wconf 91' lang='lat' dir='ltr'><strong>rebus</strong></span> <span class='ocrx_word' id='word_1_354' title='bbox 829 2958 954 3008; x_wconf 90' lang='lat' dir='ltr'><strong>hominum</strong></span> <span class='ocrx_word' id='word_1_355' title='bbox 971 2957 1088 3021; x_wconf 87' lang='lat' dir='ltr'><strong>probatur</strong></span> <span class='ocrx_word' id='word_1_356' title='bbox 1105 2957 1226 3020; x_wconf 87' lang='lat' dir='ltr'><strong>promissa</strong></span> <span class='ocrx_word' id='word_1_357' title='bbox 1243 2955 1313 3010; x_wconf 86' lang='lat' dir='ltr'><strong>fides,</strong></span> <span class='ocrx_word' id='word_1_358' title='bbox 1332 2961 1357 3004; x_wconf 87' lang='grc' dir='ltr'><strong>ιι</strong></span> <span class='ocrx_word' id='word_1_359' title='bbox 1368 2960 1455 3004; x_wconf 87' lang='lat' dir='ltr'><strong>nostra</strong></span> <span class='ocrx_word' id='word_1_360' title='bbox 1467 2957 1534 3006; x_wconf 86' lang='lat' dir='ltr'><strong>aoni-</strong></span> 
     </span>
     <span class='ocr_line' id='line_1_34' title="bbox 179 3026 1534 3093; baseline 0 -17"><span class='ocrx_word' id='word_1_361' title='bbox 179 3035 222 3077; x_wconf 88' lang='grc' dir='ltr'><strong>ιιι</strong></span> <span class='ocrx_word' id='word_1_362' title='bbox 239 3027 401 3091; x_wconf 79' lang='lat' dir='ltr'><strong>providentia.</strong></span> <span class='ocrx_word' id='word_1_363' title='bbox 438 3026 509 3088; x_wconf 80' lang='lat' dir='ltr'><strong>Quod</strong></span> <span class='ocrx_word' id='word_1_364' title='bbox 529 3028 633 3092; x_wconf 91' lang='lat' dir='ltr'><strong>denique</strong></span> <span class='ocrx_word' id='word_1_365' title='bbox 652 3028 790 3093; x_wconf 79' lang='lat' dir='ltr'><strong>subjungis,</strong></span> <span class='ocrx_word' id='word_1_366' title='bbox 810 3029 904 3093; x_wconf 90' lang='lat' dir='ltr'><strong>aliquos</strong></span> <span class='ocrx_word' id='word_1_367' title='bbox 922 3035 977 3078; x_wconf 91' lang='lat' dir='ltr'><strong>tuos</strong></span> <span class='ocrx_word' id='word_1_368' title='bbox 994 3027 1050 3077; x_wconf 88' lang='lat' dir='ltr'><strong>illos</strong></span> <span class='ocrx_word' id='word_1_369' title='bbox 1069 3033 1172 3077; x_wconf 84' lang='lat' dir='ltr'><strong>conatus</strong></span> <span class='ocrx_word' id='word_1_370' title='bbox 1189 3029 1215 3076; x_wconf 91' lang='lat' dir='ltr'><strong>in</strong></span> <span class='ocrx_word' id='word_1_371' title='bbox 1233 3028 1302 3076; x_wconf 84' lang='lat' dir='ltr'><strong>noris</strong></span> <span class='ocrx_word' id='word_1_372' title='bbox 1320 3027 1534 3076; x_wconf 87' lang='lat' dir='ltr'><strong>demonstrationi-</strong></span> 
     </span>
     <span class='ocr_line' id='line_1_35' title="bbox 151 3098 1536 3165; baseline -0.002 -16"><span class='ocrx_word' id='word_1_373' title='bbox 151 3114 153 3118; x_wconf 49' lang='lat'><em>*</em></span> <span class='ocrx_word' id='word_1_374' title='bbox 180 3100 227 3149; x_wconf 86' lang='lat' dir='ltr'><strong>bna</strong></span> <span class='ocrx_word' id='word_1_375' title='bbox 244 3099 344 3154; x_wconf 87' lang='lat' dir='ltr'><strong>mirari.</strong></span> <span class='ocrx_word' id='word_1_376' title='bbox 364 3100 465 3164; x_wconf 79' lang='lat' dir='ltr'><strong>cognovi</strong></span> <span class='ocrx_word' id='word_1_377' title='bbox 483 3105 509 3149; x_wconf 92' lang='lat' dir='ltr'><strong>te</strong></span> <span class='ocrx_word' id='word_1_378' title='bbox 528 3099 627 3148; x_wconf 89' lang='lat' dir='ltr'><strong>dubium</strong></span> <span class='ocrx_word' id='word_1_379' title='bbox 646 3113 713 3155; x_wconf 86' lang='lat' dir='ltr'><strong>esse,</strong></span> <span class='ocrx_word' id='word_1_380' title='bbox 731 3099 790 3164; x_wconf 87' lang='lat' dir='ltr'><strong>qnid</strong></span> <span class='ocrx_word' id='word_1_381' title='bbox 807 3100 855 3150; x_wconf 89' lang='lat' dir='ltr'><strong>hac</strong></span> <span class='ocrx_word' id='word_1_382' title='bbox 873 3102 899 3150; x_wconf 92' lang='grc' dir='ltr'><strong>ιι</strong></span> <span class='ocrx_word' id='word_1_383' title='bbox 916 3106 988 3165; x_wconf 84' lang='lat' dir='ltr'><strong>perte</strong></span> <span class='ocrx_word' id='word_1_384' title='bbox 1006 3099 1144 3164; x_wconf 88' lang='lat' dir='ltr'><strong>agendum,</strong></span> <span class='ocrx_word' id='word_1_385' title='bbox 1169 3105 1251 3148; x_wconf 88' lang='lat' dir='ltr'><strong>utrum</strong></span> <span class='ocrx_word' id='word_1_386' title='bbox 1269 3098 1365 3148; x_wconf 86' lang='lat' dir='ltr'><strong>scilicet</strong></span> <span class='ocrx_word' id='word_1_387' title='bbox 1382 3098 1479 3147; x_wconf 85' lang='lat' dir='ltr'><strong>silentio</strong></span> <span class='ocrx_word' id='word_1_388' title='bbox 1496 3112 1536 3147; x_wconf 90' lang='lat' dir='ltr'><strong>res</strong></span> 
     </span>
     <span class='ocr_line' id='line_1_36' title="bbox 180 3169 1538 3235; baseline 0.001 -17"><span class='ocrx_word' id='word_1_389' title='bbox 180 3170 377 3235; x_wconf 88' lang='lat' dir='ltr'><strong>praetereunda,</strong></span> <span class='ocrx_word' id='word_1_390' title='bbox 397 3184 429 3219; x_wconf 91' lang='grc' dir='ltr'><strong>ιι</strong></span> <span class='ocrx_word' id='word_1_391' title='bbox 447 3185 503 3220; x_wconf 87' lang='grc' dir='ltr'>ιιιι</span> <span class='ocrx_word' id='word_1_392' title='bbox 521 3171 547 3219; x_wconf 92' lang='lat' dir='ltr'><strong>in</strong></span> <span class='ocrx_word' id='word_1_393' title='bbox 564 3171 591 3220; x_wconf 91' lang='lat' dir='ltr'><strong>id</strong></span> <span class='ocrx_word' id='word_1_394' title='bbox 606 3169 762 3228; x_wconf 90' lang='lat' dir='ltr'><strong>enitendum,</strong></span> <span class='ocrx_word' id='word_1_395' title='bbox 783 3177 810 3220; x_wconf 91' lang='lat' dir='ltr'><strong>ut</strong></span> <span class='ocrx_word' id='word_1_396' title='bbox 828 3172 939 3221; x_wconf 86' lang='lat' dir='ltr'><strong>omnibns</strong></span> <span class='ocrx_word' id='word_1_397' title='bbox 956 3177 1060 3235; x_wconf 89' lang='lat' dir='ltr'><strong>pateat,</strong></span> <span class='ocrx_word' id='word_1_398' title='bbox 1080 3178 1137 3220; x_wconf 88' lang='lat' dir='ltr'><strong>tuas</strong></span> <span class='ocrx_word' id='word_1_399' title='bbox 1155 3169 1210 3219; x_wconf 89' lang='lat' dir='ltr'><strong>illas</strong></span> <span class='ocrx_word' id='word_1_400' title='bbox 1227 3170 1375 3234; x_wconf 84' lang='lat' dir='ltr'><strong>hypotheses</strong></span> <span class='ocrx_word' id='word_1_401' title='bbox 1393 3183 1437 3232; x_wconf 91' lang='lat' dir='ltr'><strong>per</strong></span> <span class='ocrx_word' id='word_1_402' title='bbox 1455 3171 1538 3219; x_wconf 83' lang='lat' dir='ltr'><strong>omnia</strong></span> 
     </span>
     <span class='ocr_line' id='line_1_37' title="bbox 182 3239 1537 3309; baseline -0.002 -16"><span class='ocrx_word' id='word_1_403' title='bbox 182 3241 327 3306; x_wconf 82' lang='lat' dir='ltr'><strong>Scripturas</strong></span> <span class='ocrx_word' id='word_1_404' title='bbox 346 3246 526 3307; x_wconf 84' lang='lat' dir='ltr'><strong>consentaneas</strong></span> <span class='ocrx_word' id='word_1_405' title='bbox 545 3256 608 3297; x_wconf 88' lang='lat' dir='ltr'><strong>esse,</strong></span> <span class='ocrx_word' id='word_1_406' title='bbox 628 3249 703 3305; x_wconf 90' lang='lat' dir='ltr'><strong>atque</strong></span> <span class='ocrx_word' id='word_1_407' title='bbox 719 3257 754 3292; x_wconf 89' lang='grc' dir='ltr'><strong>ιι</strong></span> <span class='ocrx_word' id='word_1_408' title='bbox 770 3243 796 3291; x_wconf 97' lang='grc' dir='ltr'><strong>ιι</strong></span> <span class='ocrx_word' id='word_1_409' title='bbox 814 3250 893 3307; x_wconf 86' lang='lat' dir='ltr'><strong>parte,</strong></span> <span class='ocrx_word' id='word_1_410' title='bbox 913 3250 942 3291; x_wconf 91' lang='grc' dir='ltr'><strong>ιι</strong></span> <span class='ocrx_word' id='word_1_411' title='bbox 959 3257 1005 3308; x_wconf 89' lang='lat' dir='ltr'><strong>ego</strong></span> <span class='ocrx_word' id='word_1_412' title='bbox 1023 3243 1121 3309; x_wconf 88' lang='lat' dir='ltr'><strong>quidem</strong></span> <span class='ocrx_word' id='word_1_413' title='bbox 1133 3243 1220 3307; x_wconf 83' lang='lat' dir='ltr'><strong>accepi</strong></span> <span class='ocrx_word' id='word_1_414' title='bbox 1233 3242 1364 3306; x_wconf 86' lang='lat' dir='ltr'><strong>epistolam</strong></span> <span class='ocrx_word' id='word_1_415' title='bbox 1373 3246 1450 3294; x_wconf 80' lang='lat' dir='ltr'><strong>tnann</strong></span> <span class='ocrx_word' id='word_1_416' title='bbox 1469 3239 1537 3290; x_wconf 89' lang='lat' dir='ltr'><strong>hand</strong></span> 
     </span>
     <span class='ocr_line' id='line_1_38' title="bbox 181 3311 1535 3379; baseline -0.002 -16"><span class='ocrx_word' id='word_1_417' title='bbox 181 3314 286 3363; x_wconf 86' lang='lat' dir='ltr'><strong>obscure</strong></span> <span class='ocrx_word' id='word_1_418' title='bbox 304 3313 439 3362; x_wconf 89' lang='lat' dir='ltr'><strong>fraternum</strong></span> <span class='ocrx_word' id='word_1_419' title='bbox 457 3328 539 3362; x_wconf 91' lang='lat' dir='ltr'><strong>meum</strong></span> <span class='ocrx_word' id='word_1_420' title='bbox 557 3312 685 3362; x_wconf 89' lang='lat' dir='ltr'><strong>consilium</strong></span> <span class='ocrx_word' id='word_1_421' title='bbox 703 3315 803 3377; x_wconf 84' lang='lat' dir='ltr'><strong>expetis.</strong></span> <span class='ocrx_word' id='word_1_422' title='bbox 840 3314 879 3364; x_wconf 83' lang='lat' dir='ltr'><strong>Ea</strong></span> <span class='ocrx_word' id='word_1_423' title='bbox 896 3315 921 3363; x_wconf 93' lang='lat' dir='ltr'><strong>in</strong></span> <span class='ocrx_word' id='word_1_424' title='bbox 945 3329 971 3363; x_wconf 91' lang='lat' dir='ltr'><strong>re</strong></span> <span class='ocrx_word' id='word_1_425' title='bbox 994 3314 1052 3379; x_wconf 89' lang='lat' dir='ltr'><strong>qnid</strong></span> <span class='ocrx_word' id='word_1_426' title='bbox 1069 3314 1183 3367; x_wconf 87' lang='lat' dir='ltr'><strong>sentiam.</strong></span> <span class='ocrx_word' id='word_1_427' title='bbox 1203 3313 1233 3363; x_wconf 90' lang='lat' dir='ltr'><strong>cl.</strong></span> <span class='ocrx_word' id='word_1_428' title='bbox 1252 3315 1288 3363; x_wconf 81' lang='lat' dir='ltr'><strong>sir</strong></span> <span class='ocrx_word' id='word_1_429' title='bbox 1306 3318 1332 3363; x_wconf 91' lang='grc' dir='ltr'><strong>ιι</strong></span> <span class='ocrx_word' id='word_1_430' title='bbox 1349 3311 1426 3362; x_wconf 89' lang='lat' dir='ltr'><strong>frater</strong></span> <span class='ocrx_word' id='word_1_431' title='bbox 1443 3311 1535 3362; x_wconf 89' lang='lat' dir='ltr'><strong>charis-</strong></span> 
     </span>
     <span class='ocr_line' id='line_1_39' title="bbox 180 3381 1536 3449; baseline -0.002 -14"><span class='ocrx_word' id='word_1_432' title='bbox 180 3386 251 3443; x_wconf 87' lang='lat' dir='ltr'><strong>sime,</strong></span> <span class='ocrx_word' id='word_1_433' title='bbox 273 3383 379 3433; x_wconf 87' lang='lat' dir='ltr'><strong>candide</strong></span> <span class='ocrx_word' id='word_1_434' title='bbox 399 3390 424 3433; x_wconf 93' lang='grc' dir='ltr'><strong>ιι</strong></span> <span class='ocrx_word' id='word_1_435' title='bbox 442 3389 526 3447; x_wconf 88' lang='lat' dir='ltr'><strong>aperte</strong></span> <span class='ocrx_word' id='word_1_436' title='bbox 545 3385 590 3432; x_wconf 89' lang='lat' dir='ltr'><strong>tibi</strong></span> <span class='ocrx_word' id='word_1_437' title='bbox 608 3385 727 3447; x_wconf 84' lang='lat' dir='ltr'><strong>aperiam.</strong></span> <span class='ocrx_word' id='word_1_438' title='bbox 763 3383 833 3434; x_wconf 92' lang='lat' dir='ltr'><strong>Inter</strong></span> <span class='ocrx_word' id='word_1_439' title='bbox 849 3385 997 3449; x_wconf 85' lang='lat' dir='ltr'><strong>hypotheses</strong></span> <span class='ocrx_word' id='word_1_440' title='bbox 1015 3386 1129 3434; x_wconf 85' lang='lat' dir='ltr'><strong>nimirum</strong></span> <span class='ocrx_word' id='word_1_441' title='bbox 1147 3384 1201 3435; x_wconf 89' lang='lat' dir='ltr'><strong>illas</strong></span> <span class='ocrx_word' id='word_1_442' title='bbox 1215 3391 1272 3434; x_wconf 88' lang='grc' dir='ltr'>ιιι.</span> <span class='ocrx_word' id='word_1_443' title='bbox 1287 3381 1440 3446; x_wconf 88' lang='lat' dir='ltr'><strong>Scripturam</strong></span> <span class='ocrx_word' id='word_1_444' title='bbox 1451 3389 1536 3447; x_wconf 89' lang='lat' dir='ltr'><strong>aperte</strong></span> 
     </span>
     <span class='ocr_line' id='line_1_40' title="bbox 181 3454 1535 3520; baseline -0.001 -15"><span class='ocrx_word' id='word_1_445' title='bbox 181 3456 384 3520; x_wconf 87' lang='lat' dir='ltr'><strong>distinguendum</strong></span> <span class='ocrx_word' id='word_1_446' title='bbox 403 3469 469 3511; x_wconf 89' lang='lat' dir='ltr'><strong>asse,</strong></span> <span class='ocrx_word' id='word_1_447' title='bbox 489 3454 552 3518; x_wconf 92' lang='lat' dir='ltr'><strong>quod</strong></span> <span class='ocrx_word' id='word_1_448' title='bbox 570 3470 609 3504; x_wconf 91' lang='lat' dir='ltr'><strong>me</strong></span> <span class='ocrx_word' id='word_1_449' title='bbox 628 3460 770 3505; x_wconf 85' lang='lat' dir='ltr'><strong>constanter</strong></span> <span class='ocrx_word' id='word_1_450' title='bbox 786 3457 907 3514; x_wconf 88' lang='lat' dir='ltr'><strong>sensisse,</strong></span> <span class='ocrx_word' id='word_1_451' title='bbox 927 3458 1002 3507; x_wconf 87' lang='lat' dir='ltr'><strong>etiam</strong></span> <span class='ocrx_word' id='word_1_452' title='bbox 1021 3457 1052 3506; x_wconf 90' lang='lat' dir='ltr'><strong>ab</strong></span> <span class='ocrx_word' id='word_1_453' title='bbox 1070 3457 1139 3506; x_wconf 91' lang='lat' dir='ltr'><strong>initio</strong></span> <span class='ocrx_word' id='word_1_454' title='bbox 1162 3463 1349 3520; x_wconf 85' lang='lat' dir='ltr'><strong>conspectarum</strong></span> <span class='ocrx_word' id='word_1_455' title='bbox 1365 3454 1535 3517; x_wconf 84' lang='lat' dir='ltr'><strong>hypothesium</strong></span> 
     </span>
     <span class='ocr_line' id='line_1_41' title="bbox 179 3524 1535 3592; baseline -0.001 -15"><span class='ocrx_word' id='word_1_456' title='bbox 179 3526 266 3592; x_wconf 86' lang='lat' dir='ltr'><strong>procul</strong></span> <span class='ocrx_word' id='word_1_457' title='bbox 286 3526 359 3575; x_wconf 90' lang='lat' dir='ltr'><strong>dnbio</strong></span> <span class='ocrx_word' id='word_1_458' title='bbox 378 3531 404 3575; x_wconf 90' lang='grc' dir='ltr'><strong>ιι</strong></span> <span class='ocrx_word' id='word_1_459' title='bbox 421 3540 477 3576; x_wconf 91' lang='lat' dir='ltr'><strong>cnm</strong></span> <span class='ocrx_word' id='word_1_460' title='bbox 495 3525 621 3575; x_wconf 88' lang='lat' dir='ltr'><strong>nobiseum</strong></span> <span class='ocrx_word' id='word_1_461' title='bbox 638 3540 704 3577; x_wconf 91' lang='lat' dir='ltr'><strong>esses</strong></span> <span class='ocrx_word' id='word_1_462' title='bbox 724 3527 918 3578; x_wconf 79' lang='lat' dir='ltr'><strong>animadvertere</strong></span> <span class='ocrx_word' id='word_1_463' title='bbox 937 3535 963 3577; x_wconf 92' lang='lat' dir='ltr'><strong>et</strong></span> <span class='ocrx_word' id='word_1_464' title='bbox 979 3529 1116 3578; x_wconf 86' lang='lat' dir='ltr'><strong>etiamnum</strong></span> <span class='ocrx_word' id='word_1_465' title='bbox 1127 3528 1201 3591; x_wconf 93' lang='lat' dir='ltr'><strong>probe</strong></span> <span class='ocrx_word' id='word_1_466' title='bbox 1212 3528 1352 3577; x_wconf 89' lang='lat' dir='ltr'><strong>meminisse</strong></span> <span class='ocrx_word' id='word_1_467' title='bbox 1365 3533 1444 3589; x_wconf 90' lang='lat' dir='ltr'><strong>potes.</strong></span> <span class='ocrx_word' id='word_1_468' title='bbox 1469 3524 1535 3575; x_wconf 79' lang='lat' dir='ltr'><strong>Hine</strong></span> 
     </span>
     <span class='ocr_line' id='line_1_42' title="bbox 180 3593 1533 3663; baseline -0.003 -14"><span class='ocrx_word' id='word_1_469' title='bbox 180 3601 248 3649; x_wconf 85' lang='lat' dir='ltr'><strong>enirn</strong></span> <span class='ocrx_word' id='word_1_470' title='bbox 265 3598 360 3648; x_wconf 85' lang='lat' dir='ltr'><strong>factum</strong></span> <span class='ocrx_word' id='word_1_471' title='bbox 379 3603 425 3654; x_wconf 82' lang='lat' dir='ltr'><strong>est.</strong></span> <span class='ocrx_word' id='word_1_472' title='bbox 443 3605 539 3646; x_wconf 88' lang='lat' dir='ltr'><strong>utnon</strong></span> <span class='ocrx_word' id='word_1_473' title='bbox 557 3602 609 3646; x_wconf 88' lang='lat' dir='ltr'><strong>tam</strong></span> <span class='ocrx_word' id='word_1_474' title='bbox 620 3612 684 3655; x_wconf 91' lang='lat' dir='ltr'><strong>meo,</strong></span> <span class='ocrx_word' id='word_1_475' title='bbox 703 3613 776 3662; x_wconf 86' lang='lat' dir='ltr'><strong>qnam</strong></span> <span class='ocrx_word' id='word_1_476' title='bbox 795 3598 827 3648; x_wconf 90' lang='lat' dir='ltr'><strong>D.</strong></span> <span class='ocrx_word' id='word_1_477' title='bbox 847 3598 998 3663; x_wconf 89' lang='lat' dir='ltr'><strong>collegarum</strong></span> <span class='ocrx_word' id='word_1_478' title='bbox 1015 3600 1122 3654; x_wconf 84' lang='lat' dir='ltr'><strong>nomine.</strong></span> <span class='ocrx_word' id='word_1_479' title='bbox 1141 3604 1216 3663; x_wconf 86' lang='lat' dir='ltr'><strong>caput</strong></span> <span class='ocrx_word' id='word_1_480' title='bbox 1233 3603 1355 3648; x_wconf 75' lang='lat' dir='ltr'><strong>mactatus</strong></span> <span class='ocrx_word' id='word_1_481' title='bbox 1374 3593 1445 3661; x_wconf 90' lang='lat' dir='ltr'><strong>(puto</strong></span> <span class='ocrx_word' id='word_1_482' title='bbox 1464 3597 1533 3661; x_wconf 87' lang='lat' dir='ltr'><strong>quln-</strong></span> 
     </span>
     <span class='ocr_line' id='line_1_43' title="bbox 178 3664 1534 3735; baseline -0.003 -15"><span class='ocrx_word' id='word_1_483' title='bbox 178 3678 234 3720; x_wconf 90' lang='lat' dir='ltr'><strong>tnm</strong></span> <span class='ocrx_word' id='word_1_484' title='bbox 253 3683 355 3718; x_wconf 89' lang='lat' dir='ltr'><strong>numero</strong></span> <span class='ocrx_word' id='word_1_485' title='bbox 374 3664 460 3729; x_wconf 90' lang='lat' dir='ltr'><strong>fnisse)</strong></span> <span class='ocrx_word' id='word_1_486' title='bbox 479 3668 543 3733; x_wconf 87' lang='lat' dir='ltr'><strong>quod</strong></span> <span class='ocrx_word' id='word_1_487' title='bbox 560 3669 633 3717; x_wconf 88' lang='lat' dir='ltr'><strong>istam</strong></span> <span class='ocrx_word' id='word_1_488' title='bbox 652 3670 849 3720; x_wconf 89' lang='lat' dir='ltr'><strong>conciliationem</strong></span> <span class='ocrx_word' id='word_1_489' title='bbox 867 3670 1023 3735; x_wconf 84' lang='lat' dir='ltr'><strong>attingebat,</strong></span> <span class='ocrx_word' id='word_1_490' title='bbox 1049 3670 1211 3719; x_wconf 90' lang='lat' dir='ltr'><strong>omittendum</strong></span> <span class='ocrx_word' id='word_1_491' title='bbox 1230 3667 1401 3726; x_wconf 83' lang='lat' dir='ltr'><strong>seremanni,</strong></span> <span class='ocrx_word' id='word_1_492' title='bbox 1427 3681 1458 3715; x_wconf 89' lang='lat' dir='ltr'><strong>us</strong></span> <span class='ocrx_word' id='word_1_493' title='bbox 1476 3666 1534 3716; x_wconf 91' lang='lat' dir='ltr'><strong>illae</strong></span> 
     </span>
     <span class='ocr_line' id='line_1_44' title="bbox 178 3737 1534 3806; baseline -0.003 -14"><span class='ocrx_word' id='word_1_494' title='bbox 178 3744 249 3806; x_wconf 88' lang='lat' dir='ltr'><strong>ipsae</strong></span> <span class='ocrx_word' id='word_1_495' title='bbox 270 3740 449 3803; x_wconf 87' lang='lat' dir='ltr'><strong>disputationes</strong></span> <span class='ocrx_word' id='word_1_496' title='bbox 466 3739 524 3789; x_wconf 87' lang='lat' dir='ltr'><strong>inrle</strong></span> <span class='ocrx_word' id='word_1_497' title='bbox 544 3741 630 3789; x_wconf 91' lang='lat' dir='ltr'><strong>exoriri</strong></span> <span class='ocrx_word' id='word_1_498' title='bbox 648 3743 749 3805; x_wconf 88' lang='lat' dir='ltr'><strong>possint.</strong></span> <span class='ocrx_word' id='word_1_499' title='bbox 787 3739 859 3801; x_wconf 80' lang='lat' dir='ltr'><strong>Quod</strong></span> <span class='ocrx_word' id='word_1_500' title='bbox 878 3742 955 3790; x_wconf 83' lang='lat' dir='ltr'><strong>etiam</strong></span> <span class='ocrx_word' id='word_1_501' title='bbox 972 3742 1088 3791; x_wconf 91' lang='lat' dir='ltr'><strong>omissum</strong></span> <span class='ocrx_word' id='word_1_502' title='bbox 1106 3745 1152 3795; x_wconf 90' lang='lat' dir='ltr'><strong>est,</strong></span> <span class='ocrx_word' id='word_1_503' title='bbox 1171 3741 1217 3788; x_wconf 87' lang='lat' dir='ltr'><strong>nisi</strong></span> <span class='ocrx_word' id='word_1_504' title='bbox 1236 3739 1300 3803; x_wconf 83' lang='lat' dir='ltr'><strong>qnod</strong></span> <span class='ocrx_word' id='word_1_505' title='bbox 1318 3738 1349 3788; x_wconf 92' lang='lat' dir='ltr'><strong>ab</strong></span> <span class='ocrx_word' id='word_1_506' title='bbox 1368 3737 1437 3787; x_wconf 81' lang='lat' dir='ltr'><strong>initio</strong></span> <span class='ocrx_word' id='word_1_507' title='bbox 1450 3740 1534 3788; x_wconf 77' lang='lat' dir='ltr'><strong>statim</strong></span> 
     </span>
     <span class='ocr_line' id='line_1_45' title="bbox 179 3810 1533 3878; baseline -0.003 -16"><span class='ocrx_word' id='word_1_508' title='bbox 179 3813 266 3878; x_wconf 88' lang='lat' dir='ltr'><strong>aliqua</strong></span> <span class='ocrx_word' id='word_1_509' title='bbox 284 3811 328 3860; x_wconf 84' lang='lat' dir='ltr'><strong>sed</strong></span> <span class='ocrx_word' id='word_1_510' title='bbox 346 3811 488 3861; x_wconf 81' lang='lat' dir='ltr'><strong>bravusima</strong></span> <span class='ocrx_word' id='word_1_511' title='bbox 506 3814 559 3874; x_wconf 81' lang='lat' dir='ltr'><strong>ejus</strong></span> <span class='ocrx_word' id='word_1_512' title='bbox 576 3813 612 3860; x_wconf 92' lang='lat' dir='ltr'><strong>rei</strong></span> <span class='ocrx_word' id='word_1_513' title='bbox 630 3811 659 3861; x_wconf 88' lang='lat' dir='ltr'><strong>lit</strong></span> <span class='ocrx_word' id='word_1_514' title='bbox 676 3812 776 3861; x_wconf 87' lang='lat' dir='ltr'><strong>mentlo.</strong></span> <span class='ocrx_word' id='word_1_515' title='bbox 814 3811 886 3873; x_wconf 81' lang='lat' dir='ltr'><strong>Quod</strong></span> <span class='ocrx_word' id='word_1_516' title='bbox 904 3826 960 3861; x_wconf 80' lang='lat' dir='ltr'><strong>vero</strong></span> <span class='ocrx_word' id='word_1_517' title='bbox 980 3810 1131 3861; x_wconf 86' lang='lat' dir='ltr'><strong>aliadeinde</strong></span> <span class='ocrx_word' id='word_1_518' title='bbox 1144 3815 1311 3870; x_wconf 81' lang='lat' dir='ltr'><strong>accesserunt,</strong></span> <span class='ocrx_word' id='word_1_519' title='bbox 1329 3810 1473 3873; x_wconf 86' lang='lat' dir='ltr'><strong>praesertim</strong></span> <span class='ocrx_word' id='word_1_520' title='bbox 1489 3823 1533 3859; x_wconf 83' lang='lat' dir='ltr'><strong>an·</strong></span> 
     </span>
     <span class='ocr_line' id='line_1_46' title="bbox 178 3880 1532 3948; baseline -0.003 -14"><span class='ocrx_word' id='word_1_521' title='bbox 178 3892 231 3934; x_wconf 85' lang='grc' dir='ltr'>ιιιι</span> <span class='ocrx_word' id='word_1_522' title='bbox 250 3883 284 3933; x_wconf 90' lang='lat' dir='ltr'><strong>D.</strong></span> <span class='ocrx_word' id='word_1_523' title='bbox 297 3881 425 3932; x_wconf 83' lang='lat' dir='ltr'><strong>Maestlini</strong></span> <span class='ocrx_word' id='word_1_524' title='bbox 442 3883 571 3946; x_wconf 82' lang='lat' dir='ltr'><strong>praefatio,</strong></span> <span class='ocrx_word' id='word_1_525' title='bbox 590 3883 616 3932; x_wconf 91' lang='lat' dir='ltr'><strong>id</strong></span> <span class='ocrx_word' id='word_1_526' title='bbox 633 3883 702 3933; x_wconf 86' lang='lat' dir='ltr'><strong>nobis</strong></span> <span class='ocrx_word' id='word_1_527' title='bbox 716 3884 814 3948; x_wconf 86' lang='lat' dir='ltr'><strong>quidem</strong></span> <span class='ocrx_word' id='word_1_528' title='bbox 831 3884 945 3948; x_wconf 88' lang='lat' dir='ltr'><strong>imputari</strong></span> <span class='ocrx_word' id='word_1_529' title='bbox 963 3897 1012 3932; x_wconf 93' lang='lat' dir='ltr'><strong>non</strong></span> <span class='ocrx_word' id='word_1_530' title='bbox 1031 3889 1125 3946; x_wconf 83' lang='lat' dir='ltr'><strong>potest,</strong></span> <span class='ocrx_word' id='word_1_531' title='bbox 1144 3880 1205 3930; x_wconf 88' lang='lat' dir='ltr'><strong>nihil</strong></span> <span class='ocrx_word' id='word_1_532' title='bbox 1224 3883 1289 3931; x_wconf 87' lang='lat' dir='ltr'><strong>enim</strong></span> <span class='ocrx_word' id='word_1_533' title='bbox 1307 3895 1390 3930; x_wconf 88' lang='lat' dir='ltr'><strong>eornm</strong></span> <span class='ocrx_word' id='word_1_534' title='bbox 1408 3894 1472 3944; x_wconf 87' lang='lat' dir='ltr'><strong>quae</strong></span> <span class='ocrx_word' id='word_1_535' title='bbox 1490 3895 1532 3930; x_wconf 87' lang='lat' dir='ltr'><strong>ao·</strong></span> 
     </span>
     <span class='ocr_line' id='line_1_47' title="bbox 181 3951 1532 4020; baseline -0.003 -14"><span class='ocrx_word' id='word_1_536' title='bbox 181 3962 320 4008; x_wconf 86' lang='lat' dir='ltr'><strong>cesserunt.</strong></span> <span class='ocrx_word' id='word_1_537' title='bbox 339 3961 473 4017; x_wconf 80' lang='grc' dir='ltr'>ιιιιιιιιι</span> <span class='ocrx_word' id='word_1_538' title='bbox 491 3956 554 4016; x_wconf 88' lang='lat' dir='ltr'><strong>typis</strong></span> <span class='ocrx_word' id='word_1_539' title='bbox 572 3955 692 4004; x_wconf 85' lang='lat' dir='ltr'><strong>mandata</strong></span> <span class='ocrx_word' id='word_1_540' title='bbox 710 3962 805 4013; x_wconf 89' lang='lat' dir='ltr'><strong>essent,</strong></span> <span class='ocrx_word' id='word_1_541' title='bbox 830 3957 961 4020; x_wconf 86' lang='lat' dir='ltr'><strong>quiequam</strong></span> <span class='ocrx_word' id='word_1_542' title='bbox 978 3954 1048 4004; x_wconf 90' lang='lat' dir='ltr'><strong>nobis</strong></span> <span class='ocrx_word' id='word_1_543' title='bbox 1065 3955 1144 4002; x_wconf 85' lang='lat' dir='ltr'><strong>risum</strong></span> <span class='ocrx_word' id='word_1_544' title='bbox 1161 3953 1215 4002; x_wconf 88' lang='lat' dir='ltr'><strong>fnit.</strong></span> <span class='ocrx_word' id='word_1_545' title='bbox 1252 3951 1302 4002; x_wconf 85' lang='lat' dir='ltr'><strong>Sed</strong></span> <span class='ocrx_word' id='word_1_546' title='bbox 1320 3953 1393 4002; x_wconf 89' lang='lat' dir='ltr'><strong>rebus</strong></span> <span class='ocrx_word' id='word_1_547' title='bbox 1411 3953 1446 4001; x_wconf 88' lang='grc' dir='ltr'><strong>ιιι</strong></span> <span class='ocrx_word' id='word_1_548' title='bbox 1464 3960 1532 4002; x_wconf 88' lang='lat' dir='ltr'><strong>stan·</strong></span> 
     </span>
     <span class='ocr_line' id='line_1_48' title="bbox 178 4024 1532 4091; baseline -0.003 -14"><span class='ocrx_word' id='word_1_549' title='bbox 178 4027 246 4077; x_wconf 91' lang='lat' dir='ltr'><strong>tibus</strong></span> <span class='ocrx_word' id='word_1_550' title='bbox 264 4027 375 4075; x_wconf 88' lang='lat' dir='ltr'><strong>fraterne</strong></span> <span class='ocrx_word' id='word_1_551' title='bbox 394 4024 492 4073; x_wconf 86' lang='lat' dir='ltr'><strong>consulo</strong></span> <span class='ocrx_word' id='word_1_552' title='bbox 512 4038 543 4074; x_wconf 91' lang='lat' dir='ltr'><strong>ao</strong></span> <span class='ocrx_word' id='word_1_553' title='bbox 560 4039 664 4082; x_wconf 88' lang='lat' dir='ltr'><strong>moneo,</strong></span> <span class='ocrx_word' id='word_1_554' title='bbox 692 4041 723 4075; x_wconf 92' lang='lat' dir='ltr'><strong>ne</strong></span> <span class='ocrx_word' id='word_1_555' title='bbox 751 4027 844 4077; x_wconf 88' lang='lat' dir='ltr'><strong>dictam</strong></span> <span class='ocrx_word' id='word_1_556' title='bbox 867 4027 935 4076; x_wconf 85' lang='lat' dir='ltr'><strong>illam</strong></span> <span class='ocrx_word' id='word_1_557' title='bbox 953 4024 1150 4075; x_wconf 86' lang='lat' dir='ltr'><strong>conciliationem</strong></span> <span class='ocrx_word' id='word_1_558' title='bbox 1167 4025 1264 4091; x_wconf 88' lang='lat' dir='ltr'><strong>publice</strong></span> <span class='ocrx_word' id='word_1_559' title='bbox 1281 4038 1416 4089; x_wconf 89' lang='lat' dir='ltr'><strong>proponere</strong></span> <span class='ocrx_word' id='word_1_560' title='bbox 1434 4032 1461 4073; x_wconf 92' lang='lat' dir='ltr'><strong>et</strong></span> <span class='ocrx_word' id='word_1_561' title='bbox 1477 4039 1532 4088; x_wconf 92' lang='lat' dir='ltr'><strong>pro·</strong></span> 
     </span>
    </p>
   </div>
   <div class='ocr_carea' id='block_1_10' title="bbox 177 4090 1630 4164">
    <p class='ocr_par' dir='ltr' id='par_1_13' title="bbox 177 4090 1630 4164">
     <span class='ocr_line' id='line_1_49' title="bbox 177 4090 1630 4164; baseline -0.003 -16"><span class='ocrx_word' id='word_1_562' title='bbox 177 4112 293 4164; x_wconf 86' lang='lat' dir='ltr'><strong>pugnare</strong></span> <span class='ocrx_word' id='word_1_563' title='bbox 320 4096 430 4152; x_wconf 87' lang='lat' dir='ltr'><strong>coneris,</strong></span> <span class='ocrx_word' id='word_1_564' title='bbox 458 4095 492 4146; x_wconf 87' lang='lat' dir='ltr'><strong>sic</strong></span> <span class='ocrx_word' id='word_1_565' title='bbox 517 4095 581 4144; x_wconf 90' lang='lat' dir='ltr'><strong>enim</strong></span> <span class='ocrx_word' id='word_1_566' title='bbox 606 4096 675 4145; x_wconf 90' lang='lat' dir='ltr'><strong>multi</strong></span> <span class='ocrx_word' id='word_1_567' title='bbox 693 4097 752 4146; x_wconf 93' lang='lat' dir='ltr'><strong>boni</strong></span> <span class='ocrx_word' id='word_1_568' title='bbox 768 4113 818 4147; x_wconf 92' lang='lat' dir='ltr'><strong>non</strong></span> <span class='ocrx_word' id='word_1_569' title='bbox 836 4099 956 4147; x_wconf 89' lang='lat' dir='ltr'><strong>immerito</strong></span> <span class='ocrx_word' id='word_1_570' title='bbox 974 4096 1066 4147; x_wconf 81' lang='lat' dir='ltr'><strong>offendi</strong></span> <span class='ocrx_word' id='word_1_571' title='bbox 1084 4103 1110 4147; x_wconf 91' lang='lat' dir='ltr'><strong>et</strong></span> <span class='ocrx_word' id='word_1_572' title='bbox 1127 4102 1205 4146; x_wconf 91' lang='lat' dir='ltr'><strong>totum</strong></span> <span class='ocrx_word' id='word_1_573' title='bbox 1223 4097 1349 4162; x_wconf 83' lang='lat' dir='ltr'><strong>negotium</strong></span> <span class='ocrx_word' id='word_1_574' title='bbox 1366 4094 1405 4146; x_wconf 77' lang='lat' dir='ltr'><strong>rel</strong></span> <span class='ocrx_word' id='word_1_575' title='bbox 1423 4095 1533 4160; x_wconf 86' lang='lat' dir='ltr'><strong>impediri</strong></span> <span class='ocrx_word' id='word_1_576' title='bbox 1623 4090 1630 4104; x_wconf 62' lang='lat'>⁸</span> 
     </span>
    </p>
   </div>
   <div class='ocr_carea' id='block_1_11' title="bbox 176 4166 1532 4955">
    <p class='ocr_par' dir='ltr' id='par_1_14' title="bbox 176 4166 1532 4955">
     <span class='ocr_line' id='line_1_50' title="bbox 177 4166 1530 4234; baseline 0 -18"><span class='ocrx_word' id='word_1_577' title='bbox 177 4170 217 4219; x_wconf 79' lang='lat' dir='ltr'><strong>vel</strong></span> <span class='ocrx_word' id='word_1_578' title='bbox 236 4169 307 4234; x_wconf 83' lang='lat' dir='ltr'><strong>gravi</strong></span> <span class='ocrx_word' id='word_1_579' title='bbox 326 4167 503 4216; x_wconf 86' lang='lat' dir='ltr'><strong>dissensionum</strong></span> <span class='ocrx_word' id='word_1_580' title='bbox 520 4166 620 4216; x_wconf 83' lang='lat' dir='ltr'><strong>macula</strong></span> <span class='ocrx_word' id='word_1_581' title='bbox 637 4168 751 4232; x_wconf 88' lang='lat' dir='ltr'><strong>adspergi</strong></span> <span class='ocrx_word' id='word_1_582' title='bbox 769 4176 859 4232; x_wconf 87' lang='lat' dir='ltr'><strong>posset</strong></span> <span class='ocrx_word' id='word_1_583' title='bbox 896 4168 964 4219; x_wconf 82' lang='lat' dir='ltr'><strong>Nihil</strong></span> <span class='ocrx_word' id='word_1_584' title='bbox 982 4169 1048 4218; x_wconf 88' lang='lat' dir='ltr'><strong>onim</strong></span> <span class='ocrx_word' id='word_1_585' title='bbox 1065 4169 1158 4223; x_wconf 90' lang='lat' dir='ltr'><strong>dubito,</strong></span> <span class='ocrx_word' id='word_1_586' title='bbox 1178 4169 1198 4216; x_wconf 91' lang='lat' dir='ltr'><strong>si</strong></span> <span class='ocrx_word' id='word_1_587' title='bbox 1219 4173 1303 4231; x_wconf 88' lang='lat' dir='ltr'><strong>aperte</strong></span> <span class='ocrx_word' id='word_1_588' title='bbox 1320 4166 1365 4218; x_wconf 84' lang='lat' dir='ltr'><strong>illa</strong></span> <span class='ocrx_word' id='word_1_589' title='bbox 1383 4168 1463 4231; x_wconf 91' lang='lat' dir='ltr'><strong>opinio</strong></span> <span class='ocrx_word' id='word_1_590' title='bbox 1475 4182 1530 4232; x_wconf 85' lang='lat' dir='ltr'><strong>pro·</strong></span> 
     </span>
     <span class='ocr_line' id='line_1_51' title="bbox 177 4238 1531 4305; baseline -0.002 -15"><span class='ocrx_word' id='word_1_591' title='bbox 177 4246 314 4305; x_wconf 81' lang='lat' dir='ltr'><strong>poneretur</strong></span> <span class='ocrx_word' id='word_1_592' title='bbox 341 4245 368 4287; x_wconf 90' lang='lat' dir='ltr'><strong>et</strong></span> <span class='ocrx_word' id='word_1_593' title='bbox 387 4243 596 4303; x_wconf 85' lang='lat' dir='ltr'><strong>propugnaretur,</strong></span> <span class='ocrx_word' id='word_1_594' title='bbox 625 4251 682 4288; x_wconf 87' lang='lat' dir='ltr'><strong>snos</strong></span> <span class='ocrx_word' id='word_1_595' title='bbox 705 4238 822 4290; x_wconf 90' lang='lat' dir='ltr'><strong>habitura</strong></span> <span class='ocrx_word' id='word_1_596' title='bbox 839 4247 906 4292; x_wconf 89' lang='lat' dir='ltr'><strong>esset</strong></span> <span class='ocrx_word' id='word_1_597' title='bbox 923 4247 950 4291; x_wconf 88' lang='lat' dir='ltr'><strong>at</strong></span> <span class='ocrx_word' id='word_1_598' title='bbox 966 4240 1049 4290; x_wconf 87' lang='lat' dir='ltr'><strong>forsan</strong></span> <span class='ocrx_word' id='word_1_599' title='bbox 1066 4255 1117 4290; x_wconf 91' lang='lat' dir='ltr'><strong>non</strong></span> <span class='ocrx_word' id='word_1_600' title='bbox 1134 4240 1194 4290; x_wconf 79' lang='lat' dir='ltr'><strong>levis</strong></span> <span class='ocrx_word' id='word_1_601' title='bbox 1212 4245 1353 4291; x_wconf 84' lang='grc' dir='ltr'>ιιιιιιιιιι</span> <span class='ocrx_word' id='word_1_602' title='bbox 1368 4238 1531 4289; x_wconf 84' lang='grc' dir='ltr'>ιιιιιιιιιιι.</span> 
     </span>
     <span class='ocr_line' id='line_1_52' title="bbox 176 4309 1531 4378; baseline -0.003 -16"><span class='ocrx_word' id='word_1_603' title='bbox 176 4312 287 4362; x_wconf 86' lang='lat' dir='ltr'><strong>Proinde</strong></span> <span class='ocrx_word' id='word_1_604' title='bbox 309 4311 331 4360; x_wconf 93' lang='lat' dir='ltr'><strong>si</strong></span> <span class='ocrx_word' id='word_1_605' title='bbox 349 4310 457 4360; x_wconf 90' lang='lat' dir='ltr'><strong>fraterno</strong></span> <span class='ocrx_word' id='word_1_606' title='bbox 475 4323 529 4358; x_wconf 88' lang='lat' dir='ltr'><strong>meo</strong></span> <span class='ocrx_word' id='word_1_607' title='bbox 548 4309 663 4370; x_wconf 84' lang='lat' dir='ltr'><strong>romilio,</strong></span> <span class='ocrx_word' id='word_1_608' title='bbox 688 4312 726 4360; x_wconf 91' lang='lat' dir='ltr'><strong>uti</strong></span> <span class='ocrx_word' id='word_1_609' title='bbox 743 4310 844 4363; x_wconf 86' lang='lat' dir='ltr'><strong>tirmiter</strong></span> <span class='ocrx_word' id='word_1_610' title='bbox 861 4328 945 4378; x_wconf 90' lang='lat' dir='ltr'><strong>spero,</strong></span> <span class='ocrx_word' id='word_1_611' title='bbox 964 4312 1033 4363; x_wconf 88' lang='lat' dir='ltr'><strong>locus</strong></span> <span class='ocrx_word' id='word_1_612' title='bbox 1051 4312 1138 4376; x_wconf 88' lang='lat' dir='ltr'><strong>aliquis</strong></span> <span class='ocrx_word' id='word_1_613' title='bbox 1157 4317 1202 4369; x_wconf 87' lang='lat' dir='ltr'><strong>est,</strong></span> <span class='ocrx_word' id='word_1_614' title='bbox 1220 4327 1290 4375; x_wconf 88' lang='lat' dir='ltr'><strong>porro</strong></span> <span class='ocrx_word' id='word_1_615' title='bbox 1308 4313 1333 4361; x_wconf 92' lang='lat' dir='ltr'><strong>in</strong></span> <span class='ocrx_word' id='word_1_616' title='bbox 1352 4310 1469 4373; x_wconf 75' lang='lat' dir='ltr'><strong>eiusmodi</strong></span> <span class='ocrx_word' id='word_1_617' title='bbox 1488 4309 1531 4358; x_wconf 89' lang='lat' dir='ltr'><strong>de·</strong></span> 
     </span>
     <span class='ocr_line' id='line_1_53' title="bbox 176 4380 1532 4450; baseline -0.003 -16"><span class='ocrx_word' id='word_1_618' title='bbox 176 4383 347 4438; x_wconf 83' lang='grc' dir='ltr'>ιιιιιιιιιιιι</span> <span class='ocrx_word' id='word_1_619' title='bbox 364 4380 536 4445; x_wconf 86' lang='lat' dir='ltr'><strong>hypothesibus</strong></span> <span class='ocrx_word' id='word_1_620' title='bbox 555 4381 646 4431; x_wconf 86' lang='lat' dir='ltr'><strong>nudum</strong></span> <span class='ocrx_word' id='word_1_621' title='bbox 664 4383 867 4435; x_wconf 86' lang='lat' dir='ltr'><strong>mathematicum</strong></span> <span class='ocrx_word' id='word_1_622' title='bbox 886 4399 955 4450; x_wconf 88' lang='lat' dir='ltr'><strong>ages,</strong></span> <span class='ocrx_word' id='word_1_623' title='bbox 974 4383 1035 4433; x_wconf 89' lang='lat' dir='ltr'><strong>nihil</strong></span> <span class='ocrx_word' id='word_1_624' title='bbox 1052 4383 1179 4443; x_wconf 88' lang='lat' dir='ltr'><strong>sollicitus,</strong></span> <span class='ocrx_word' id='word_1_625' title='bbox 1199 4389 1280 4433; x_wconf 89' lang='lat' dir='ltr'><strong>utrum</strong></span> <span class='ocrx_word' id='word_1_626' title='bbox 1298 4383 1370 4432; x_wconf 90' lang='lat' dir='ltr'><strong>rebus</strong></span> <span class='ocrx_word' id='word_1_627' title='bbox 1388 4382 1477 4431; x_wconf 91' lang='lat' dir='ltr'><strong>creatis</strong></span> <span class='ocrx_word' id='word_1_628' title='bbox 1494 4381 1532 4430; x_wconf 87' lang='lat' dir='ltr'><strong>ita</strong></span> 
     </span>
     <span class='ocr_line' id='line_1_54' title="bbox 176 4449 1530 4520; baseline -0.005 -14"><span class='ocrx_word' id='word_1_629' title='bbox 176 4455 349 4520; x_wconf 88' lang='lat' dir='ltr'><strong>respondeant</strong></span> <span class='ocrx_word' id='word_1_630' title='bbox 367 4466 400 4502; x_wconf 90' lang='lat' dir='ltr'><strong>an</strong></span> <span class='ocrx_word' id='word_1_631' title='bbox 416 4466 495 4501; x_wconf 83' lang='lat' dir='ltr'><strong>serus.</strong></span> <span class='ocrx_word' id='word_1_632' title='bbox 531 4449 760 4503; x_wconf 81' lang='lat' dir='ltr'><strong>Mathematicum</strong></span> <span class='ocrx_word' id='word_1_633' title='bbox 755 4456 821 4505; x_wconf 90' lang='lat' dir='ltr'><strong>enim</strong></span> <span class='ocrx_word' id='word_1_634' title='bbox 839 4456 913 4506; x_wconf 87' lang='lat' dir='ltr'><strong>finem</strong></span> <span class='ocrx_word' id='word_1_635' title='bbox 931 4470 1002 4506; x_wconf 90' lang='lat' dir='ltr'><strong>snum</strong></span> <span class='ocrx_word' id='word_1_636' title='bbox 1020 4461 1196 4520; x_wconf 87' lang='lat' dir='ltr'><strong>consequutnm</strong></span> <span class='ocrx_word' id='word_1_637' title='bbox 1215 4456 1324 4510; x_wconf 89' lang='lat' dir='ltr'><strong>arbitror,</strong></span> <span class='ocrx_word' id='word_1_638' title='bbox 1342 4455 1362 4501; x_wconf 87' lang='lat' dir='ltr'><strong>si</strong></span> <span class='ocrx_word' id='word_1_639' title='bbox 1380 4452 1444 4501; x_wconf 90' lang='lat' dir='ltr'><strong>tales</strong></span> <span class='ocrx_word' id='word_1_640' title='bbox 1463 4451 1530 4500; x_wconf 92' lang='lat' dir='ltr'><strong>exhi</strong></span> 
     </span>
     <span class='ocr_line' id='line_1_55' title="bbox 177 4524 1530 4590; baseline -0.007 -11"><span class='ocrx_word' id='word_1_641' title='bbox 177 4530 238 4579; x_wconf 88' lang='lat' dir='ltr'><strong>beat</strong></span> <span class='ocrx_word' id='word_1_642' title='bbox 254 4524 416 4590; x_wconf 87' lang='lat' dir='ltr'><strong>hypotheses,</strong></span> <span class='ocrx_word' id='word_1_643' title='bbox 435 4524 520 4586; x_wconf 88' lang='lat' dir='ltr'><strong>qulbus</strong></span> <span class='ocrx_word' id='word_1_644' title='bbox 538 4536 700 4590; x_wconf 80' lang='grc' dir='ltr'>φαινομενα</span> <span class='ocrx_word' id='word_1_645' title='bbox 718 4539 792 4588; x_wconf 88' lang='lat' dir='ltr'><strong>qnam</strong></span> <span class='ocrx_word' id='word_1_646' title='bbox 810 4529 964 4577; x_wconf 89' lang='lat' dir='ltr'><strong>exactissime</strong></span> <span class='ocrx_word' id='word_1_647' title='bbox 982 4527 1162 4590; x_wconf 88' lang='lat' dir='ltr'><strong>respondeant</strong></span> <span class='ocrx_word' id='word_1_648' title='bbox 1186 4532 1213 4575; x_wconf 90' lang='lat' dir='ltr'><strong>et</strong></span> <span class='ocrx_word' id='word_1_649' title='bbox 1229 4532 1255 4575; x_wconf 89' lang='lat' dir='ltr'><strong>te</strong></span> <span class='ocrx_word' id='word_1_650' title='bbox 1272 4527 1352 4590; x_wconf 91' lang='lat' dir='ltr'><strong>ipsum</strong></span> <span class='ocrx_word' id='word_1_651' title='bbox 1369 4528 1427 4586; x_wconf 91' lang='lat' dir='ltr'><strong>puto</strong></span> <span class='ocrx_word' id='word_1_652' title='bbox 1447 4537 1530 4572; x_wconf 86' lang='lat' dir='ltr'><strong>cessn·</strong></span> 
     </span>
     <span class='ocr_line' id='line_1_56' title="bbox 176 4592 1531 4664; baseline -0.004 -18"><span class='ocrx_word' id='word_1_653' title='bbox 176 4614 232 4649; x_wconf 86' lang='lat' dir='ltr'><strong>rnm</strong></span> <span class='ocrx_word' id='word_1_654' title='bbox 250 4612 307 4648; x_wconf 89' lang='lat' dir='ltr'><strong>esse</strong></span> <span class='ocrx_word' id='word_1_655' title='bbox 325 4595 375 4650; x_wconf 89' lang='lat' dir='ltr'><strong>illi,</strong></span> <span class='ocrx_word' id='word_1_656' title='bbox 399 4595 440 4657; x_wconf 89' lang='lat' dir='ltr'><strong>qni</strong></span> <span class='ocrx_word' id='word_1_657' title='bbox 457 4594 563 4658; x_wconf 86' lang='lat' dir='ltr'><strong>proferre</strong></span> <span class='ocrx_word' id='word_1_658' title='bbox 580 4604 663 4660; x_wconf 80' lang='lat' dir='ltr'><strong>posset</strong></span> <span class='ocrx_word' id='word_1_659' title='bbox 680 4596 799 4647; x_wconf 90' lang='lat' dir='ltr'><strong>meliores.</strong></span> <span class='ocrx_word' id='word_1_660' title='bbox 836 4599 890 4650; x_wconf 85' lang='lat' dir='ltr'><strong>Nec</strong></span> <span class='ocrx_word' id='word_1_661' title='bbox 909 4609 993 4649; x_wconf 87' lang='lat' dir='ltr'><strong>tamen</strong></span> <span class='ocrx_word' id='word_1_662' title='bbox 1012 4600 1185 4664; x_wconf 87' lang='lat' dir='ltr'><strong>consequitur,</strong></span> <span class='ocrx_word' id='word_1_663' title='bbox 1203 4599 1276 4647; x_wconf 87' lang='lat' dir='ltr'><strong>unius</strong></span> <span class='ocrx_word' id='word_1_664' title='bbox 1295 4598 1411 4659; x_wconf 85' lang='lat' dir='ltr'><strong>cujusque</strong></span> <span class='ocrx_word' id='word_1_665' title='bbox 1430 4592 1531 4643; x_wconf 85' lang='grc' dir='ltr'>ιιιιιιιι</span> 
     </span>
     <span class='ocr_line' id='line_1_57' title="bbox 176 4665 1530 4736; baseline -0.007 -15"><span class='ocrx_word' id='word_1_666' title='bbox 176 4670 309 4721; x_wconf 84' lang='lat' dir='ltr'><strong>meditatis</strong></span> <span class='ocrx_word' id='word_1_667' title='bbox 326 4665 499 4729; x_wconf 87' lang='lat' dir='ltr'><strong>hypothesibus</strong></span> <span class='ocrx_word' id='word_1_668' title='bbox 517 4679 597 4716; x_wconf 90' lang='lat' dir='ltr'><strong>rerum</strong></span> <span class='ocrx_word' id='word_1_669' title='bbox 614 4669 743 4719; x_wconf 77' lang='lat' dir='ltr'><strong>veritatem</strong></span> <span class='ocrx_word' id='word_1_670' title='bbox 761 4671 888 4721; x_wconf 88' lang='lat' dir='ltr'><strong>confestim</strong></span> <span class='ocrx_word' id='word_1_671' title='bbox 907 4671 1062 4721; x_wconf 86' lang='lat' dir='ltr'><strong>conformari</strong></span> <span class='ocrx_word' id='word_1_672' title='bbox 1098 4668 1161 4720; x_wconf 85' lang='lat' dir='ltr'><strong>Nolo</strong></span> <span class='ocrx_word' id='word_1_673' title='bbox 1174 4670 1306 4736; x_wconf 82' lang='lat' dir='ltr'><strong>attingere,</strong></span> <span class='ocrx_word' id='word_1_674' title='bbox 1325 4679 1389 4731; x_wconf 90' lang='lat' dir='ltr'><strong>quae</strong></span> <span class='ocrx_word' id='word_1_675' title='bbox 1407 4679 1437 4714; x_wconf 88' lang='lat' dir='ltr'><strong>ex</strong></span> <span class='ocrx_word' id='word_1_676' title='bbox 1453 4665 1530 4714; x_wconf 89' lang='lat' dir='ltr'><strong>sacris</strong></span> 
     </span>
     <span class='ocr_line' id='line_1_58' title="bbox 176 4736 1526 4824; baseline -0.002 -34"><span class='ocrx_word' id='word_1_677' title='bbox 176 4742 273 4793; x_wconf 76' lang='lat' dir='ltr'><strong>invicta</strong></span> <span class='ocrx_word' id='word_1_678' title='bbox 290 4752 389 4803; x_wconf 84' lang='lat' dir='ltr'><strong>possem</strong></span> <span class='ocrx_word' id='word_1_679' title='bbox 407 4736 554 4799; x_wconf 83' lang='lat' dir='ltr'><strong>depromere.</strong></span> <span class='ocrx_word' id='word_1_680' title='bbox 590 4736 648 4788; x_wconf 87' lang='lat' dir='ltr'><strong>Non</strong></span> <span class='ocrx_word' id='word_1_681' title='bbox 666 4742 731 4789; x_wconf 90' lang='lat' dir='ltr'><strong>enim</strong></span> <span class='ocrx_word' id='word_1_682' title='bbox 749 4740 954 4824; x_wconf 85' lang='lat' dir='ltr'><strong>disputationibus</strong></span> <span class='ocrx_word' id='word_1_683' title='bbox 973 4743 1017 4793; x_wconf 86' lang='lat' dir='ltr'><strong>sad</strong></span> <span class='ocrx_word' id='word_1_684' title='bbox 1034 4742 1148 4793; x_wconf 85' lang='lat' dir='ltr'><strong>fraternis</strong></span> <span class='ocrx_word' id='word_1_685' title='bbox 1165 4744 1264 4792; x_wconf 89' lang='lat' dir='ltr'><strong>monitis</strong></span> <span class='ocrx_word' id='word_1_686' title='bbox 1282 4754 1342 4823; x_wconf 89' lang='lat' dir='ltr'><strong>opus</strong></span> <span class='ocrx_word' id='word_1_687' title='bbox 1360 4752 1415 4788; x_wconf 87' lang='lat' dir='ltr'><strong>essa</strong></span> <span class='ocrx_word' id='word_1_688' title='bbox 1435 4736 1526 4800; x_wconf 83' lang='lat' dir='ltr'><strong>judico.</strong></span> 
     </span>
     <span class='ocr_line' id='line_1_59' title="bbox 179 4808 1528 4879; baseline -0.002 -18"><span class='ocrx_word' id='word_1_689' title='bbox 179 4813 277 4874; x_wconf 81' lang='lat' dir='ltr'><strong>Quibus</strong></span> <span class='ocrx_word' id='word_1_690' title='bbox 296 4810 317 4857; x_wconf 92' lang='lat' dir='ltr'><strong>si</strong></span> <span class='ocrx_word' id='word_1_691' title='bbox 336 4814 379 4869; x_wconf 87' lang='lat' dir='ltr'><strong>tn,</strong></span> <span class='ocrx_word' id='word_1_692' title='bbox 408 4809 445 4856; x_wconf 88' lang='lat' dir='ltr'><strong>uti</strong></span> <span class='ocrx_word' id='word_1_693' title='bbox 463 4815 530 4857; x_wconf 87' lang='lat' dir='ltr'><strong>certe</strong></span> <span class='ocrx_word' id='word_1_694' title='bbox 546 4808 656 4868; x_wconf 86' lang='lat' dir='ltr'><strong>confido,</strong></span> <span class='ocrx_word' id='word_1_695' title='bbox 681 4812 792 4875; x_wconf 88' lang='lat' dir='ltr'><strong>parueris</strong></span> <span class='ocrx_word' id='word_1_696' title='bbox 810 4820 836 4863; x_wconf 89' lang='lat' dir='ltr'><strong>et</strong></span> <span class='ocrx_word' id='word_1_697' title='bbox 854 4815 1004 4864; x_wconf 85' lang='lat' dir='ltr'><strong>abstractum</strong></span> <span class='ocrx_word' id='word_1_698' title='bbox 1021 4813 1224 4864; x_wconf 88' lang='lat' dir='ltr'><strong>mathematicum</strong></span> <span class='ocrx_word' id='word_1_699' title='bbox 1241 4813 1341 4879; x_wconf 84' lang='lat' dir='ltr'><strong>egeris,-</strong></span> <span class='ocrx_word' id='word_1_700' title='bbox 1358 4809 1417 4861; x_wconf 87' lang='lat' dir='ltr'><strong>nihil</strong></span> <span class='ocrx_word' id='word_1_701' title='bbox 1436 4808 1528 4866; x_wconf 90' lang='lat' dir='ltr'><strong>dubito,</strong></span> 
     </span>
     <span class='ocr_line' id='line_1_60' title="bbox 179 4877 1529 4955; baseline 0.002 -25"><span class='ocrx_word' id='word_1_702' title='bbox 179 4884 238 4955; x_wconf 77' lang='lat' dir='ltr'><strong>quin</strong></span> <span class='ocrx_word' id='word_1_703' title='bbox 257 4879 423 4946; x_wconf 82' lang='lat' dir='ltr'><strong>cogitationes</strong></span> <span class='ocrx_word' id='word_1_704' title='bbox 441 4885 500 4929; x_wconf 85' lang='lat' dir='ltr'><strong>tuae</strong></span> <span class='ocrx_word' id='word_1_705' title='bbox 517 4877 635 4942; x_wconf 83' lang='lat' dir='ltr'><strong>plurimis,</strong></span> <span class='ocrx_word' id='word_1_706' title='bbox 652 4883 688 4933; x_wconf 88' lang='lat' dir='ltr'><strong>uti</strong></span> <span class='ocrx_word' id='word_1_707' title='bbox 707 4890 774 4932; x_wconf 84' lang='lat' dir='ltr'><strong>certe</strong></span> <span class='ocrx_word' id='word_1_708' title='bbox 790 4883 854 4935; x_wconf 82' lang='lat' dir='ltr'><strong>milri</strong></span> <span class='ocrx_word' id='word_1_709' title='bbox 868 4899 963 4952; x_wconf 85' lang='lat' dir='ltr'><strong>quoqne</strong></span> <span class='ocrx_word' id='word_1_710' title='bbox 981 4893 1047 4943; x_wconf 88' lang='lat' dir='ltr'><strong>sunt,</strong></span> <span class='ocrx_word' id='word_1_711' title='bbox 1063 4883 1255 4949; x_wconf 75' lang='lat' dir='ltr'><strong>jucundissimas</strong></span> <span class='ocrx_word' id='word_1_712' title='bbox 1273 4883 1323 4934; x_wconf 86' lang='lat' dir='ltr'><strong>alut</strong></span> <span class='ocrx_word' id='word_1_713' title='bbox 1341 4880 1448 4938; x_wconf 72' lang='lat' dir='ltr'><strong>urnae</strong></span> <span class='ocrx_word' id='word_1_714' title='bbox 1484 4878 1529 4933; x_wconf 82' lang='lat' dir='ltr'><strong>sta</strong></span> 
     </span>
    </p>
   </div>
   <div class='ocr_carea' id='block_1_12' title="bbox 0 0 1718 5542">
    <p class='ocr_par' dir='ltr' id='par_1_15' title="bbox 0 0 1718 5542">
     <span class='ocr_line' id='line_1_61' title="bbox 0 0 1718 5542; baseline 0 5"><span class='ocrx_word' id='word_1_715' title='bbox 0 0 1718 5542; x_wconf 95' lang='lat' dir='ltr'><strong> </strong></span> 
     </span>
    </p>
   </div>
  </div>
 </body>
</html>
