3428 5542
780 315 943 369 mmm.
1297 321 1300 325 ’
1490 312 1534 385 ts

177 493 245 537 meo
274 475 402 538 nomine.
452 476 537 539 Idem
564 478 657 539 etiam
683 496 749 539 meo
778 477 896 540 nomine
923 497 1021 540 meam
1050 499 1093 541 sc.
1122 479 1373 542 officiosissimam
1404 478 1533 542 salutem

178 563 310 644 collegio
332 564 539 645 philosophico
563 566 656 628 dicas.
702 566 785 627 Deus
808 565 864 627 tibi
888 567 1082 629 domesticum
1105 586 1269 630 moerorem
1291 567 1398 646 majori
1414 567 1533 630 laetitia
1633 588 1637 599 ¹

178 651 265 715 brevi
287 663 472 734 compenset.
518 655 609 731 Vale,
634 664 666 716 et
687 654 873 717 Ludovicum
887 656 987 732 hlium,
1012 656 1061 738 qui
1071 657 1137 736 jam
1151 658 1254 736 procul
1272 657 1360 718 dubio
1373 657 1530 736 patrissat,

179 763 199 802 a
223 743 359 805 studioso
382 745 555 807 matheseos
579 744 688 805 saluta.
733 743 876 806 Nostram
899 744 985 807 vobis
1008 746 1143 808 omnibus
1166 746 1325 808 ecclesiam
1349 746 1533 816 commendo,

180 832 349 913 vestrisque
372 834 522 912 precibus.
573 831 601 896 1.
629 831 664 895 11
691 830 966 898 contrasistit.

670 921 760 983 Hum.
785 921 819 986 T.
845 920 933 985 Grat.
957 923 1042 988 Disc.

1191 1011 1236 1073 M.
1259 1010 1292 1074 J.
1316 956 1445 1093 Kepder.

251 1186 340 1238 Paucis
357 1191 414 1250 post
431 1184 556 1237 mensibus
574 1186 640 1236 aliae
661 1187 797 1252 Keplernrn
814 1188 946 1238 tirrharont
963 1187 1118 1254 theologicae
1143 1189 1314 1248 calamitates,
1340 1187 1464 1253 graviores
1485 1186 1533 1244 hia.

178 1271 242 1324 quaa
259 1258 286 1307 in
303 1257 443 1323 praemissis
461 1258 559 1323 tangit.
579 1265 621 1318 et,
641 1261 712 1322 qnasi
726 1261 780 1321 jann
797 1260 940 1326 ingruentes
958 1260 1126 1325 praesagienti
1144 1261 1226 1310 animo
1245 1260 1373 1318 divinans,
1393 1258 1532 1310 concludit:

181 1337 308 1386 ,nostram
325 1330 392 1378 robis
410 1329 521 1379 omnibns
540 1329 671 1379 ecclesiam
690 1329 858 1380 commendo.“

252 1399 427 1451 (ieiunitatem
445 1404 615 1464 erumpentem
632 1400 670 1449 his
688 1401 792 1452 nunmat
810 1399 956 1451 Maertlino:

268 1543 397 1605 Pandite
421 1562 497 1604 nunc
521 1542 668 1605 Helicona
681 1543 775 1626 Deae,
800 1551 965 1624 cantusque
979 1550 1108 1606 movete.
1146 1543 1208 1605 Sed
1223 1544 1292 1624 quid
1309 1551 1416 1606 cautus
1429 1562 1533 1624 posco,

177 1632 226 1695 cui
249 1633 323 1694 fletu
345 1650 419 1713 opus
444 1631 510 1694 est?
547 1630 625 1695 Rem
652 1631 786 1696 breviter
809 1632 922 1713 accipe.
968 1631 1032 1694 Vix
1053 1632 1188 1696 redierat
1210 1653 1248 1695 ex
1270 1633 1362 1695 ltalia
1383 1633 1532 1713 princeps,

177 1741 247 1784 com
270 1720 398 1788 accidit.
423 1728 457 1783 ut
478 1720 612 1801 picturae
636 1722 782 1802 quaedam
804 1740 917 1784 aeneae
940 1721 970 1783 in
992 1741 1090 1802 papae
1113 1722 1324 1785 contumeliam
1346 1722 1394 1784 hic
1417 1722 1532 1784 distra-

178 1811 333 1874 herentur.
370 1809 514 1891 Princeps
537 1817 645 1873 vocato
669 1811 883 1874 ordinariorum
905 1811 1063 1892 praeside.¹
1078 1831 1193 1892 pacem,
1216 1811 1322 1893 inquit,
1346 1811 1405 1873 etsi
1420 1812 1532 1883 darem,

178 1899 237 1980 ipsi
261 1899 413 1979 respuitis.
458 1898 507 1961 Ex
531 1918 567 1960 eo
586 1899 760 1979 bibliopola,
784 1901 920 1982 quamvis
938 1901 1163 1980 provincialium
1178 1900 1324 1974 minister,
1345 1900 1435 1980 jussu
1448 1900 1532 1980 prin·
1627 1916 1631 1925 ·

178 1990 256 2069 cipis
279 1990 309 2051 in
333 2007 484 2050 carcerem
508 1987 565 2050 ruit
587 1989 751 2068 conjectus.
798 1991 834 2052 Id
858 1991 969 2052 factum
993 2009 1094 2052 mense
1112 1989 1218 2057 Julio.
1250 1988 1365 2051 Eodem
1389 1997 1532 2069 tempore,

179 2097 248 2141 cum
280 2085 402 2140 nostrae
438 2077 638 2140 confessionis
667 2077 887 2161 Elemosynarii
918 2087 1122 2160 premerentur
1157 2080 1206 2141 vel
1238 2078 1473 2158 praeterirentur
1503 2077 1533 2138 in

180 2165 328 2230 communi
350 2165 504 2247 hospitali,
530 2175 562 2230 et
583 2173 766 2229 mortuorum
789 2185 914 2247 corpora
932 2186 987 2247 pro
1010 2168 1164 2249 sepultura
1186 2167 1274 2229 nimis
1297 2185 1437 2248 maguum
1459 2185 1532 2227 vec-

177 2255 256 2335 tigal
279 2256 408 2335 pendere
432 2256 623 2318 viderentur:
646 2257 873 2336 promulgamnt
895 2256 991 2319 nostri
1015 2257 1052 2318 de
1071 2265 1230 2339 suggestu,
1255 2275 1364 2319 novum
1387 2255 1532 2317 coemite-

176 2346 265 2419 rium,
290 2363 399 2407 novnm
423 2345 572 2425 hospitale
596 2363 650 2424 pro
674 2345 873 2421 nostratibus,
898 2345 1133 2409 contributiones
1157 2344 1332 2409 Christiano
1356 2364 1437 2407 more
1460 2364 1532 2406 sua-

177 2442 293 2498 serunt.
339 2435 386 2496 At
407 2453 474 2497 cum
504 2442 691 2513 praestemus
724 2454 859 2510 numero,
894 2453 1035 2516 magnum
1062 2435 1133 2517 qnid
1159 2435 1319 2515 pontificiis
1343 2435 1533 2496 decessurum

178 2531 253 2587 erat.
303 2520 433 2589 Sublata
454 2523 555 2603 itaque
585 2531 634 2585 est
664 2524 827 2585 autoritate
849 2524 992 2604 principis
1015 2524 1069 2586 illa
1090 2524 1216 2586 molitio.
1262 2524 1369 2584 Mense
1395 2522 1532 2601 Augusto

179 2611 403 2694 praeambulum
427 2612 600 2692 tragoediae
624 2612 691 2674 suit.
728 2613 982 2694 Archipresbyter
1002 2613 1086 2674 urbis
1108 2631 1163 2692 pro
1186 2612 1276 2673 officii
1291 2613 1406 2674 ratione
1421 2610 1533 2673 nostris

181 2700 439 2765 concionatoribus
463 2702 543 2763 omni
575 2701 718 2763 exercitio
750 2701 904 2781 religionis
941 2710 973 2764 et
996 2700 1254 2774 administratione
1278 2707 1534 2762 sacramentomm

179 2790 479 2871 benedictionumque
503 2790 714 2871 conjugialium
737 2791 902 2866 interdixit,
926 2799 1085 2870 praetenso
1104 2791 1189 2871 jure,
1213 2790 1291 2869 quod
1314 2790 1428 2851 habeat
1450 2788 1532 2851 anti-

178 2880 279 2960 quitus
304 2878 354 2960 qni
378 2879 435 2941 loci
454 2887 504 2940 est
526 2879 787 2961 archipresbyter,
811 2880 896 2959 cujus
919 2880 1081 2960 vectigalia
1099 2879 1285 2952 minuantur,
1310 2878 1452 2940 aliorsum
1475 2876 1532 2938 ab·

176 2969 305 3031 stractis
328 2968 410 3030 hisce
433 2968 529 3031 sacris
552 2968 816 3049 negotiationibus.
856 2969 1052 3050 Respondere
1075 2987 1129 3049 pro
1152 2967 1296 3031 ministris
1315 2967 1427 3030 nostris
1450 2966 1533 3029 ordi·

176 3058 265 3120 narii.
312 3056 487 3137 Replicavit
509 3057 604 3120 semel
628 3067 717 3139 atque
740 3058 857 3132 iterum,
883 3067 915 3121 et
938 3058 1065 3141 denique
1088 3056 1243 3120 brachium
1265 3056 1419 3119 saeculare
1444 3054 1531 3117 invo-

177 3146 270 3210 cavit.
305 3146 459 3226 Princeps,
484 3147 593 3209 debere
617 3140 650 3208 se
674 3147 800 3209 tutelam
824 3166 882 3209 non
906 3147 992 3209 nobis
1015 3155 1134 3210 tantum
1157 3148 1263 3208 sedet
1286 3146 1348 3207 suis
1371 3143 1530 3225 religiosis,

177 3236 281 3316 itaque
305 3235 384 3316 qnod
407 3243 499 3296 antea
523 3236 655 3297 iactums
679 3244 746 3297 erat
767 3236 888 3316 propria
911 3236 1086 3311 devotione,
1115 3236 1146 3298 id
1169 3254 1245 3296 nunc
1269 3234 1458 3314 imploratum
1482 3233 1531 3294 f-

177 3344 265 3398 cere,
301 3332 334 3386 et
364 3324 522 3398 mandare,
555 3332 590 3386 ut
616 3324 758 3386 ordinarii
790 3325 870 3386 intra
904 3321 944 3387 14
973 3326 1037 3387 dies
1059 3326 1183 3387 mittant
1206 3343 1307 3389 omnes
1330 3323 1475 3386 ecclesiae
1500 3328 1531 3382 et

178 3414 303 3477 scholae
318 3411 420 3475 Gratii
434 3420 465 3473 et
478 3413 670 3493 Judebnrgae
685 3414 846 3487 ministros,
872 3433 981 3495 eosque
1004 3414 1034 3476 in
1058 3423 1213 3477 aeteruum
1235 3412 1443 3475 haereditariis
1467 3411 1529 3471 suis

176 3503 340 3584 provinciis
374 3502 526 3589 abstinere
560 3501 614 3563 sub
651 3520 749 3582 poena
779 3503 888 3582 capitis
915 3503 1054 3583 jubeant.
1108 3505 1235 3565 Factum
1269 3500 1318 3565 10.
1358 3499 1410 3564 20.
1442 3499 1528 3582 Sept.

175 3593 421 3672 Responderunt,
445 3610 532 3653 sunm
553 3610 621 3653 esse
645 3590 721 3654 tueri
742 3607 888 3672 personas
911 3592 968 3656 has
991 3601 1097 3656 contra
1118 3592 1196 3668 vim,
1221 3591 1339 3676 mittere
1362 3608 1421 3651 non
1445 3606 1529 3649 suum

177 3702 256 3756 esse,
281 3682 334 3744 sed
358 3681 452 3744 totius
476 3687 650 3743 conventus.
697 3680 794 3743 Erant
816 3688 879 3744 tum
901 3680 949 3744 hic
972 3681 1110 3763 Hispani,
1135 3700 1279 3763 sponsam
1301 3678 1381 3759 regis
1400 3677 1527 3740 comita-

177 3771 247 3845 turi,
273 3779 305 3833 et
317 3779 388 3850 post
400 3770 521 3832 biduum
537 3769 698 3832 discessuri
712 3789 779 3832 cum
794 3769 933 3852 Styriaco
948 3773 1092 3834 comitatu
1116 3771 1181 3852 (qni
1203 3779 1286 3832 totus
1309 3788 1347 3830 ex
1368 3764 1528 3848 pontificiis

176 3861 283 3923 debuit
315 3860 469 3932 constare)
497 3859 688 3938 putabantur.
734 3859 879 3939 Princeps
905 3856 953 3922 14.
979 3857 1032 3923 24.
1057 3859 1143 3939 Sept.
1176 3859 1263 3921 nobis
1293 3858 1367 3940 ipsis
1390 3857 1528 3937 imperat,

177 3958 210 4013 nt
243 3950 323 4011 intra
354 3957 494 4011 octavum
527 3948 604 4009 diem
635 3947 797 4028 provinciis
829 3949 891 4010 suis
924 3949 1071 4012 abiremus
1104 3949 1159 4011 snb
1181 3966 1280 4028 poena
1303 3946 1422 4027 capitis.
1469 3942 1529 4004 Diu

178 4037 300 4120 scriptis
315 4044 518 4100 concertatum
532 4036 695 4117 principem
710 4036 787 4100 inter
801 4046 833 4101 et
846 4038 1021 4112 ordinarios,
1046 4039 1111 4119 (qui
1124 4038 1237 4101 viciuos
1251 4056 1391 4119 proceres
1415 4052 1528 4097 convo-

177 4137 332 4202 caverant,
357 4127 412 4189 sed
435 4144 578 4206 aquarum
601 4125 738 4189 maximis
761 4135 793 4189 et
811 4127 940 4191 insolitis
953 4125 1204 4202 inundationibus,
1229 4147 1304 4209 quae
1320 4126 1413 4190 etiam
1427 4141 1528 4186 meuse

178 4219 319 4298 Angusto
343 4217 434 4288 incre,
457 4215 600 4294 impediti,
624 4233 683 4277 non
706 4216 787 4278 ultra
809 4212 853 4280 30
875 4219 1103 4292 convenemnt).
1149 4217 1283 4281 Tandem
1304 4215 1354 4280 17.
1370 4211 1423 4277 27.
1440 4212 1525 4291 Sept.

177 4315 249 4370 ante
272 4305 355 4369 Solis
378 4322 516 4367 occasum
538 4305 692 4367 universos
715 4323 771 4367 uos
793 4304 931 4388 princeps
954 4307 1026 4369 urbe
1049 4306 1179 4383 migrare
1203 4314 1235 4368 et
1255 4313 1327 4387 post
1349 4305 1448 4366 finitos
1462 4300 1526 4381 pri-

177 4415 243 4460 mos
266 4393 286 4457 7
311 4396 375 4457 dies
401 4393 480 4455 exire
502 4392 662 4472 provinciis
686 4393 827 4457 atrociori
849 4396 1105 4458 commendatione
1124 4393 1246 4475 jussit.
1275 4398 1380 4475 Itaque
1401 4392 1437 4453 de
1452 4408 1525 4451 cou-

177 4486 246 4548 sssio
269 4494 302 4547 et
319 4485 406 4566 jussu
429 4501 583 4563 procerum
605 4481 769 4558 exivimus,
799 4484 914 4547 relictis
937 4485 1132 4564 conjugibus,
1161 4486 1230 4547 hinc
1253 4485 1321 4547 iude
1345 4480 1473 4562 dispersi
1499 4474 1527 4537 in

177 4574 332 4656 Ungariae
355 4581 388 4635 et
410 4569 552 4634 Oroatiae
575 4573 659 4647 fines,
683 4572 734 4634 uhi
758 4570 874 4635 Caesar
895 4574 1035 4653 imperat.
1070 4573 1190 4636 Salaria
1212 4574 1392 4636 obtinuimus
1415 4567 1526 4630 nihilo-

177 4664 288 4738 minus,
322 4661 435 4724 viatica
457 4662 578 4741 insuper
602 4663 789 4743 accepimus,
818 4661 898 4742 jussi
931 4664 1007 4725 hanc
1035 4664 1079 4725 sic
1103 4664 1232 4726 tolerare
1257 4663 1424 4726 fortunam,
1457 4656 1526 4717 dum

178 4744 524 4815 conventus'habeatur.
570 4751 602 4813 Is
626 4751 723 4814 adhuc
746 4758 893 4830 speratur.
938 4751 1005 4832 Ego
1027 4761 1097 4834 post
1121 4771 1253 4815 mensem
1276 4749 1363 4825 redii
1380 4749 1485 4829 jussus
1509 4764 1528 4805 a

179 4841 323 4930 principis
346 4839 504 4915 ministris,
529 4839 580 4929 qui
601 4859 649 4904 me
673 4847 821 4906 exemtum
844 4840 994 4904 dicebaut.
1041 4842 1215 4922 Supplicavi
1237 4849 1347 4914 umen,
1372 4837 1433 4914 uti,
1457 4834 1528 4916 quia
