<?xml version="1.0" encoding="UTF-8"?>
<!DOCTYPE html PUBLIC "-//W3C//DTD XHTML 1.0 Transitional//EN"
    "http://www.w3.org/TR/xhtml1/DTD/xhtml1-transitional.dtd">
<html xmlns="http://www.w3.org/1999/xhtml" xml:lang="en" lang="en">
 <head>
  <title>
</title>
<meta http-equiv="Content-Type" content="text/html;charset=utf-8" />
  <meta name='ocr-system' content='tesseract 3.04.00' />
  <meta name='ocr-capabilities' content='ocr_page ocr_carea ocr_par ocr_line ocrx_word'/>
</head>
<body>
  <div class='ocr_page' id='page_1' title='image "./joanniskepleria10frisgoog_0203.png"; bbox 0 0 3428 5542; ppageno 0'>
   <div class='ocr_carea' id='block_1_1' title="bbox 157 241 1078 369">
    <p class='ocr_par' dir='ltr' id='par_1_1' title="bbox 157 241 1078 369">
     <span class='ocr_line' id='line_1_1' title="bbox 157 241 1078 369; baseline -0.005 0"><span class='ocrx_word' id='word_1_1' title='bbox 157 363 160 369; x_wconf 84' lang='lat'><em>.</em></span> <span class='ocrx_word' id='word_1_2' title='bbox 236 276 306 369; x_wconf 74' lang='lat' dir='ltr'>roa</span> <span class='ocrx_word' id='word_1_3' title='bbox 746 241 1078 364; x_wconf 54' lang='lat' dir='ltr'>Memnonos-rua</span> 
     </span>
    </p>
   </div>
   <div class='ocr_carea' id='block_1_2' title="bbox 159 456 1681 3237">
    <p class='ocr_par' dir='ltr' id='par_1_2' title="bbox 159 456 1681 3237">
     <span class='ocr_line' id='line_1_2' title="bbox 232 456 1594 541; baseline -0.009 -15"><span class='ocrx_word' id='word_1_4' title='bbox 232 483 299 526; x_wconf 86' lang='lat' dir='ltr'>nem</span> <span class='ocrx_word' id='word_1_5' title='bbox 323 463 388 541; x_wconf 84' lang='lat' dir='ltr'>ejus</span> <span class='ocrx_word' id='word_1_6' title='bbox 412 461 612 524; x_wconf 81' lang='lat' dir='ltr'><strong>humilitatem</strong></span> <span class='ocrx_word' id='word_1_7' title='bbox 635 459 805 534; x_wconf 82' lang='lat' dir='ltr'>descendit,</span> <span class='ocrx_word' id='word_1_8' title='bbox 836 460 914 521; x_wconf 91' lang='lat' dir='ltr'>unde</span> <span class='ocrx_word' id='word_1_9' title='bbox 937 459 966 521; x_wconf 92' lang='lat' dir='ltr'>in</span> <span class='ocrx_word' id='word_1_10' title='bbox 991 459 1052 522; x_wconf 89' lang='lat' dir='ltr'>illis</span> <span class='ocrx_word' id='word_1_11' title='bbox 1076 477 1131 538; x_wconf 90' lang='lat' dir='ltr'>pro</span> <span class='ocrx_word' id='word_1_12' title='bbox 1153 456 1411 538; x_wconf 87' lang='lat' dir='ltr'>eccentrepicyclo</span> <span class='ocrx_word' id='word_1_13' title='bbox 1434 462 1594 518; x_wconf 83' lang='lat' dir='ltr'>aecentrns</span> 
     </span>
     <span class='ocr_line' id='line_1_3' title="bbox 233 544 1594 629; baseline -0.009 -14"><span class='ocrx_word' id='word_1_14' title='bbox 233 552 364 615; x_wconf 90' lang='lat' dir='ltr'>eccentri</span> <span class='ocrx_word' id='word_1_15' title='bbox 392 573 412 611; x_wconf 90' lang='lat' dir='ltr'>a</span> <span class='ocrx_word' id='word_1_16' title='bbox 435 550 602 629; x_wconf 87' lang='lat' dir='ltr'>Copemico</span> <span class='ocrx_word' id='word_1_17' title='bbox 635 557 788 608; x_wconf 78' lang='lat' dir='ltr'>assumtus</span> <span class='ocrx_word' id='word_1_18' title='bbox 822 555 887 608; x_wconf 89' lang='lat' dir='ltr'>est:</span> <span class='ocrx_word' id='word_1_19' title='bbox 923 547 951 608; x_wconf 94' lang='lat' dir='ltr'>in</span> <span class='ocrx_word' id='word_1_20' title='bbox 976 547 1124 609; x_wconf 87' lang='lat' dir='ltr'>Mercurio</span> <span class='ocrx_word' id='word_1_21' title='bbox 1153 565 1224 607; x_wconf 88' lang='lat' dir='ltr'>vero</span> <span class='ocrx_word' id='word_1_22' title='bbox 1252 546 1413 626; x_wconf 90' lang='lat' dir='ltr'>peculiaris</span> <span class='ocrx_word' id='word_1_23' title='bbox 1445 544 1594 623; x_wconf 89' lang='lat' dir='ltr'>quaedam</span> 
     </span>
     <span class='ocr_line' id='line_1_4' title="bbox 233 633 1597 719; baseline -0.008 -16"><span class='ocrx_word' id='word_1_24' title='bbox 233 641 397 712; x_wconf 87' lang='lat' dir='ltr'>diameter,</span> <span class='ocrx_word' id='word_1_25' title='bbox 431 659 485 719; x_wconf 91' lang='lat' dir='ltr'>per</span> <span class='ocrx_word' id='word_1_26' title='bbox 514 656 601 717; x_wconf 88' lang='lat' dir='ltr'>quam</span> <span class='ocrx_word' id='word_1_27' title='bbox 625 637 743 697; x_wconf 86' lang='lat' dir='ltr'>accedit</span> <span class='ocrx_word' id='word_1_28' title='bbox 766 645 797 697; x_wconf 90' lang='lat' dir='ltr'>et</span> <span class='ocrx_word' id='word_1_29' title='bbox 820 636 935 697; x_wconf 81' lang='lat' dir='ltr'>recedit</span> <span class='ocrx_word' id='word_1_30' title='bbox 958 658 976 697; x_wconf 93' lang='lat' dir='ltr'>a</span> <span class='ocrx_word' id='word_1_31' title='bbox 999 635 1090 710; x_wconf 88' lang='lat' dir='ltr'>Sole,</span> <span class='ocrx_word' id='word_1_32' title='bbox 1113 636 1263 710; x_wconf 46' lang='lat' dir='ltr'>,similiter</span> <span class='ocrx_word' id='word_1_33' title='bbox 1291 636 1378 713; x_wconf 83' lang='lat' dir='ltr'>longe</span> <span class='ocrx_word' id='word_1_34' title='bbox 1407 633 1552 696; x_wconf 88' lang='lat' dir='ltr'>remotius</span> <span class='ocrx_word' id='word_1_35' title='bbox 1576 653 1597 692; x_wconf 89' lang='lat' dir='ltr'>a</span> 
     </span>
     <span class='ocr_line' id='line_1_5' title="bbox 233 716 1596 805; baseline -0.009 -13"><span class='ocrx_word' id='word_1_36' title='bbox 233 720 305 793; x_wconf 86' lang='lat' dir='ltr'>Sole</span> <span class='ocrx_word' id='word_1_37' title='bbox 328 728 479 790; x_wconf 88' lang='lat' dir='ltr'>interdum</span> <span class='ocrx_word' id='word_1_38' title='bbox 502 725 721 805; x_wconf 75' lang='lat' dir='ltr'>exporrigitur,</span> <span class='ocrx_word' id='word_1_39' title='bbox 752 744 840 803; x_wconf 90' lang='lat' dir='ltr'>quam</span> <span class='ocrx_word' id='word_1_40' title='bbox 864 726 956 786; x_wconf 91' lang='lat' dir='ltr'>stella</span> <span class='ocrx_word' id='word_1_41' title='bbox 979 745 1117 804; x_wconf 87' lang='lat' dir='ltr'>unquam.</span> <span class='ocrx_word' id='word_1_42' title='bbox 1164 724 1363 785; x_wconf 74' lang='lat' dir='ltr'>Existimavit</span> <span class='ocrx_word' id='word_1_43' title='bbox 1384 716 1494 802; x_wconf 86' lang='lat' dir='ltr'>igitur,</span> <span class='ocrx_word' id='word_1_44' title='bbox 1526 739 1596 781; x_wconf 89' lang='lat' dir='ltr'>eam</span> 
     </span>
     <span class='ocr_line' id='line_1_6' title="bbox 159 809 1596 896; baseline -0.008 -13"><span class='ocrx_word' id='word_1_45' title='bbox 159 869 163 883; x_wconf 84' lang='lat'><strong><em>.</em></strong></span> <span class='ocrx_word' id='word_1_46' title='bbox 233 817 355 881; x_wconf 86' lang='lat' dir='ltr'>orbibus</span> <span class='ocrx_word' id='word_1_47' title='bbox 378 815 602 896; x_wconf 86' lang='lat' dir='ltr'>relinquendam</span> <span class='ocrx_word' id='word_1_48' title='bbox 627 833 695 873; x_wconf 84' lang='lat' dir='ltr'>esse</span> <span class='ocrx_word' id='word_1_49' title='bbox 719 813 958 894; x_wconf 86' lang='lat' dir='ltr'>spissitudinem,</span> <span class='ocrx_word' id='word_1_50' title='bbox 985 834 1060 894; x_wconf 91' lang='lat' dir='ltr'>qnae</span> <span class='ocrx_word' id='word_1_51' title='bbox 1084 813 1214 874; x_wconf 91' lang='lat' dir='ltr'>motibus</span> <span class='ocrx_word' id='word_1_52' title='bbox 1238 811 1482 874; x_wconf 78' lang='lat' dir='ltr'>demonstrandis</span> <span class='ocrx_word' id='word_1_53' title='bbox 1505 809 1596 871; x_wconf 79' lang='lat' dir='ltr'>suill-</span> 
     </span>
     <span class='ocr_line' id='line_1_7' title="bbox 233 898 1596 983; baseline -0.008 -14"><span class='ocrx_word' id='word_1_54' title='bbox 233 906 305 969; x_wconf 88' lang='lat' dir='ltr'>ciat.</span> <span class='ocrx_word' id='word_1_55' title='bbox 353 903 410 967; x_wconf 85' lang='lat' dir='ltr'>Oui</span> <span class='ocrx_word' id='word_1_56' title='bbox 434 902 594 983; x_wconf 87' lang='lat' dir='ltr'>respondi:</span> <span class='ocrx_word' id='word_1_57' title='bbox 627 901 773 981; x_wconf 89' lang='lat' dir='ltr'>primum,</span> <span class='ocrx_word' id='word_1_58' title='bbox 803 903 1000 964; x_wconf 89' lang='lat' dir='ltr'>deserendum</span> <span class='ocrx_word' id='word_1_59' title='bbox 1032 921 1098 964; x_wconf 90' lang='lat' dir='ltr'>esse</span> <span class='ocrx_word' id='word_1_60' title='bbox 1127 911 1224 962; x_wconf 90' lang='lat' dir='ltr'>totum</span> <span class='ocrx_word' id='word_1_61' title='bbox 1251 901 1423 980; x_wconf 85' lang='lat' dir='ltr'>negotium,</span> <span class='ocrx_word' id='word_1_62' title='bbox 1453 898 1479 960; x_wconf 90' lang='lat' dir='ltr'>si</span> <span class='ocrx_word' id='word_1_63' title='bbox 1502 898 1596 976; x_wconf 91' lang='lat' dir='ltr'>duplo</span> 
     </span>
     <span class='ocr_line' id='line_1_8' title="bbox 234 986 1595 1069; baseline -0.01 -11"><span class='ocrx_word' id='word_1_64' title='bbox 234 994 399 1058; x_wconf 86' lang='lat' dir='ltr'>crassiores</span> <span class='ocrx_word' id='word_1_65' title='bbox 423 994 497 1054; x_wconf 89' lang='lat' dir='ltr'>fiant</span> <span class='ocrx_word' id='word_1_66' title='bbox 520 990 628 1052; x_wconf 89' lang='lat' dir='ltr'>orbes:</span> <span class='ocrx_word' id='word_1_67' title='bbox 661 1009 728 1050; x_wconf 90' lang='lat' dir='ltr'>nam</span> <span class='ocrx_word' id='word_1_68' title='bbox 753 990 873 1052; x_wconf 90' lang='lat' dir='ltr'>nimium</span> <span class='ocrx_word' id='word_1_69' title='bbox 896 996 1197 1069; x_wconf 73' lang='lat' dir='ltr'>nooonaomoeosoo</span> <span class='ocrx_word' id='word_1_70' title='bbox 1219 990 1372 1051; x_wconf 89' lang='lat' dir='ltr'>ademtum</span> <span class='ocrx_word' id='word_1_71' title='bbox 1394 988 1450 1052; x_wconf 86' lang='lat' dir='ltr'>iri:</span> <span class='ocrx_word' id='word_1_72' title='bbox 1485 986 1595 1048; x_wconf 83' lang='lat' dir='ltr'>deinde</span> 
     </span>
     <span class='ocr_line' id='line_1_9' title="bbox 235 1077 1595 1159; baseline -0.007 -13"><span class='ocrx_word' id='word_1_73' title='bbox 235 1083 310 1155; x_wconf 85' lang='lat' dir='ltr'>nibil</span> <span class='ocrx_word' id='word_1_74' title='bbox 333 1082 480 1145; x_wconf 88' lang='lat' dir='ltr'>decedere</span> <span class='ocrx_word' id='word_1_75' title='bbox 497 1079 649 1141; x_wconf 85' lang='lat' dir='ltr'>nobilitati</span> <span class='ocrx_word' id='word_1_76' title='bbox 664 1079 861 1141; x_wconf 83' lang='lat' dir='ltr'>miraculosae</span> <span class='ocrx_word' id='word_1_77' title='bbox 877 1080 966 1159; x_wconf 91' lang='lat' dir='ltr'>hujus</span> <span class='ocrx_word' id='word_1_78' title='bbox 981 1079 1221 1152; x_wconf 86' lang='lat' dir='ltr'>machinationis,</span> <span class='ocrx_word' id='word_1_79' title='bbox 1246 1079 1271 1140; x_wconf 91' lang='lat' dir='ltr'>si</span> <span class='ocrx_word' id='word_1_80' title='bbox 1295 1078 1383 1141; x_wconf 91' lang='lat' dir='ltr'>modo</span> <span class='ocrx_word' id='word_1_81' title='bbox 1407 1077 1475 1138; x_wconf 91' lang='lat' dir='ltr'>viae</span> <span class='ocrx_word' id='word_1_82' title='bbox 1498 1077 1595 1155; x_wconf 88' lang='lat' dir='ltr'>ipsae,</span> 
     </span>
     <span class='ocr_line' id='line_1_10' title="bbox 234 1166 1598 1253; baseline -0.008 -18"><span class='ocrx_word' id='word_1_83' title='bbox 234 1173 424 1253; x_wconf 75' lang='lat' dir='ltr'>planetarum</span> <span class='ocrx_word' id='word_1_84' title='bbox 449 1167 619 1247; x_wconf 87' lang='lat' dir='ltr'>descriptae</span> <span class='ocrx_word' id='word_1_85' title='bbox 643 1167 787 1246; x_wconf 84' lang='lat' dir='ltr'>globulis,</span> <span class='ocrx_word' id='word_1_86' title='bbox 818 1170 970 1230; x_wconf 88' lang='lat' dir='ltr'>retineant</span> <span class='ocrx_word' id='word_1_87' title='bbox 996 1170 1074 1231; x_wconf 88' lang='lat' dir='ltr'>banc</span> <span class='ocrx_word' id='word_1_88' title='bbox 1097 1168 1338 1249; x_wconf 66' lang='lat' dir='ltr'>proportionem</span> <span class='ocrx_word' id='word_1_89' title='bbox 1371 1166 1598 1247; x_wconf 86' lang='lat' dir='ltr'>quibuscunque</span> 
     </span>
     <span class='ocr_line' id='line_1_11' title="bbox 234 1249 1598 1339; baseline -0.006 -14"><span class='ocrx_word' id='word_1_90' title='bbox 234 1260 279 1325; x_wconf 85' lang='lat' dir='ltr'>illl</span> <span class='ocrx_word' id='word_1_91' title='bbox 301 1260 455 1339; x_wconf 81' lang='lat' dir='ltr'>agitentur</span> <span class='ocrx_word' id='word_1_92' title='bbox 477 1257 618 1331; x_wconf 87' lang='lat' dir='ltr'>orbibus,</span> <span class='ocrx_word' id='word_1_93' title='bbox 649 1258 765 1334; x_wconf 87' lang='lat' dir='ltr'>magnis</span> <span class='ocrx_word' id='word_1_94' title='bbox 790 1277 827 1318; x_wconf 91' lang='lat' dir='ltr'>an</span> <span class='ocrx_word' id='word_1_95' title='bbox 851 1259 964 1336; x_wconf 91' lang='lat' dir='ltr'>parvis.</span> <span class='ocrx_word' id='word_1_96' title='bbox 1011 1258 1053 1319; x_wconf 87' lang='lat' dir='ltr'>Et</span> <span class='ocrx_word' id='word_1_97' title='bbox 1076 1257 1192 1330; x_wconf 88' lang='lat' dir='ltr'>addidi,</span> <span class='ocrx_word' id='word_1_98' title='bbox 1218 1276 1293 1335; x_wconf 88' lang='lat' dir='ltr'>quae</span> <span class='ocrx_word' id='word_1_99' title='bbox 1318 1274 1385 1336; x_wconf 87' lang='lat' dir='ltr'>cap.</span> <span class='ocrx_word' id='word_1_100' title='bbox 1414 1249 1464 1318; x_wconf 84' lang='lat' dir='ltr'>lb.</span> <span class='ocrx_word' id='word_1_101' title='bbox 1489 1252 1598 1327; x_wconf 85' lang='lat' dir='ltr'>babes,</span> 
     </span>
     <span class='ocr_line' id='line_1_12' title="bbox 235 1345 1598 1427; baseline -0.006 -15"><span class='ocrx_word' id='word_1_102' title='bbox 235 1350 272 1412; x_wconf 91' lang='lat' dir='ltr'>de</span> <span class='ocrx_word' id='word_1_103' title='bbox 295 1348 423 1411; x_wconf 89' lang='lat' dir='ltr'>materia</span> <span class='ocrx_word' id='word_1_104' title='bbox 446 1348 620 1426; x_wconf 86' lang='lat' dir='ltr'>figurarum,</span> <span class='ocrx_word' id='word_1_105' title='bbox 646 1365 721 1424; x_wconf 89' lang='lat' dir='ltr'>quae</span> <span class='ocrx_word' id='word_1_106' title='bbox 746 1347 829 1407; x_wconf 87' lang='lat' dir='ltr'>nulla</span> <span class='ocrx_word' id='word_1_107' title='bbox 852 1347 913 1419; x_wconf 88' lang='lat' dir='ltr'>sit;</span> <span class='ocrx_word' id='word_1_108' title='bbox 942 1355 1031 1427; x_wconf 88' lang='lat' dir='ltr'>atque</span> <span class='ocrx_word' id='word_1_109' title='bbox 1057 1346 1124 1407; x_wconf 89' lang='lat' dir='ltr'>inde</span> <span class='ocrx_word' id='word_1_110' title='bbox 1148 1364 1207 1407; x_wconf 92' lang='lat' dir='ltr'>non</span> <span class='ocrx_word' id='word_1_111' title='bbox 1230 1345 1393 1406; x_wconf 85' lang='lat' dir='ltr'>absurdum</span> <span class='ocrx_word' id='word_1_112' title='bbox 1417 1363 1499 1414; x_wconf 86' lang='lat' dir='ltr'>esse,</span> <span class='ocrx_word' id='word_1_113' title='bbox 1525 1361 1598 1404; x_wconf 86' lang='lat' dir='ltr'>cor-</span> 
     </span>
     <span class='ocr_line' id='line_1_13' title="bbox 235 1432 1600 1520; baseline -0.004 -21"><span class='ocrx_word' id='word_1_114' title='bbox 235 1457 309 1520; x_wconf 88' lang='lat' dir='ltr'>pora</span> <span class='ocrx_word' id='word_1_115' title='bbox 332 1456 398 1498; x_wconf 93' lang='lat' dir='ltr'>curn</span> <span class='ocrx_word' id='word_1_116' title='bbox 423 1435 544 1497; x_wconf 88' lang='lat' dir='ltr'>orbibus</span> <span class='ocrx_word' id='word_1_117' title='bbox 574 1434 678 1493; x_wconf 89' lang='lat' dir='ltr'>eodem</span> <span class='ocrx_word' id='word_1_118' title='bbox 709 1435 774 1494; x_wconf 86' lang='lat' dir='ltr'>loco</span> <span class='ocrx_word' id='word_1_119' title='bbox 803 1435 972 1508; x_wconf 87' lang='lat' dir='ltr'>includere;</span> <span class='ocrx_word' id='word_1_120' title='bbox 1007 1436 1065 1495; x_wconf 89' lang='lat' dir='ltr'>imo</span> <span class='ocrx_word' id='word_1_121' title='bbox 1099 1453 1170 1495; x_wconf 76' lang='lat' dir='ltr'>vero</span> <span class='ocrx_word' id='word_1_122' title='bbox 1203 1434 1251 1494; x_wconf 89' lang='lat' dir='ltr'>vel</span> <span class='ocrx_word' id='word_1_123' title='bbox 1279 1435 1344 1495; x_wconf 88' lang='lat' dir='ltr'>sine</span> <span class='ocrx_word' id='word_1_124' title='bbox 1373 1432 1496 1494; x_wconf 89' lang='lat' dir='ltr'>orbibus</span> <span class='ocrx_word' id='word_1_125' title='bbox 1519 1432 1600 1493; x_wconf 85' lang='lat' dir='ltr'>banc</span> 
     </span>
     <span class='ocr_line' id='line_1_14' title="bbox 235 1522 1598 1604; baseline -0.006 -16"><span class='ocrx_word' id='word_1_126' title='bbox 235 1527 302 1589; x_wconf 80' lang='lat' dir='ltr'>viae</span> <span class='ocrx_word' id='word_1_127' title='bbox 327 1525 575 1604; x_wconf 87' lang='lat' dir='ltr'>inaequalitatem</span> <span class='ocrx_word' id='word_1_128' title='bbox 600 1522 719 1583; x_wconf 87' lang='lat' dir='ltr'>defendi</span> <span class='ocrx_word' id='word_1_129' title='bbox 742 1542 843 1601; x_wconf 90' lang='lat' dir='ltr'>posse.</span> <span class='ocrx_word' id='word_1_130' title='bbox 890 1524 924 1583; x_wconf 91' lang='lat' dir='ltr'>In</span> <span class='ocrx_word' id='word_1_131' title='bbox 949 1542 1008 1602; x_wconf 91' lang='lat' dir='ltr'>qua</span> <span class='ocrx_word' id='word_1_132' title='bbox 1036 1523 1189 1584; x_wconf 87' lang='lat' dir='ltr'>sententia</span> <span class='ocrx_word' id='word_1_133' title='bbox 1216 1522 1306 1590; x_wconf 83' lang='lat' dir='ltr'>viden</span> <span class='ocrx_word' id='word_1_134' title='bbox 1332 1523 1461 1584; x_wconf 88' lang='lat' dir='ltr'>nobilem</span> <span class='ocrx_word' id='word_1_135' title='bbox 1486 1528 1518 1581; x_wconf 88' lang='lat' dir='ltr'>et</span> <span class='ocrx_word' id='word_1_136' title='bbox 1541 1538 1598 1580; x_wconf 80' lang='lat' dir='ltr'>ex-</span> 
     </span>
     <span class='ocr_line' id='line_1_15' title="bbox 235 1607 1601 1691; baseline -0.006 -14"><span class='ocrx_word' id='word_1_137' title='bbox 235 1614 482 1677; x_wconf 86' lang='lat' dir='ltr'>cellentissimum</span> <span class='ocrx_word' id='word_1_138' title='bbox 511 1611 755 1671; x_wconf 87' lang='lat' dir='ltr'>mathematicum</span> <span class='ocrx_word' id='word_1_139' title='bbox 779 1613 949 1691; x_wconf 86' lang='lat' dir='ltr'>Tyehonem</span> <span class='ocrx_word' id='word_1_140' title='bbox 973 1613 1092 1683; x_wconf 89' lang='lat' dir='ltr'>Brahe,</span> <span class='ocrx_word' id='word_1_141' title='bbox 1120 1613 1257 1680; x_wconf 88' lang='lat' dir='ltr'>Danum,</span> <span class='ocrx_word' id='word_1_142' title='bbox 1288 1611 1416 1674; x_wconf 88' lang='lat' dir='ltr'>versari.</span> <span class='ocrx_word' id='word_1_143' title='bbox 1463 1607 1601 1672; x_wconf 84' lang='lat' dir='ltr'>Causam</span> 
     </span>
     <span class='ocr_line' id='line_1_16' title="bbox 236 1698 1601 1782; baseline -0.004 -19"><span class='ocrx_word' id='word_1_144' title='bbox 236 1712 336 1779; x_wconf 74' lang='lat' dir='ltr'>tamen</span> <span class='ocrx_word' id='word_1_145' title='bbox 361 1711 392 1762; x_wconf 91' lang='lat' dir='ltr'>et</span> <span class='ocrx_word' id='word_1_146' title='bbox 417 1701 535 1763; x_wconf 88' lang='lat' dir='ltr'>modurn</span> <span class='ocrx_word' id='word_1_147' title='bbox 560 1699 634 1759; x_wconf 85' lang='lat' dir='ltr'>haec</span> <span class='ocrx_word' id='word_1_148' title='bbox 658 1709 762 1760; x_wconf 85' lang='lat' dir='ltr'>nostra</span> <span class='ocrx_word' id='word_1_149' title='bbox 786 1699 1094 1770; x_wconf 70' lang='lat' dir='ltr'>disertiusindieant.</span> <span class='ocrx_word' id='word_1_150' title='bbox 1129 1702 1244 1782; x_wconf 82' lang='lat' dir='ltr'>Nempe</span> <span class='ocrx_word' id='word_1_151' title='bbox 1269 1702 1293 1761; x_wconf 93' lang='lat' dir='ltr'>si</span> <span class='ocrx_word' id='word_1_152' title='bbox 1313 1701 1419 1762; x_wconf 87' lang='lat' dir='ltr'>eadem</span> <span class='ocrx_word' id='word_1_153' title='bbox 1440 1698 1481 1760; x_wconf 87' lang='lat' dir='ltr'>sit</span> <span class='ocrx_word' id='word_1_154' title='bbox 1503 1717 1601 1759; x_wconf 82' lang='lat' dir='ltr'>causa</span> 
     </span>
     <span class='ocr_line' id='line_1_17' title="bbox 237 1784 1599 1869; baseline -0.006 -14"><span class='ocrx_word' id='word_1_155' title='bbox 237 1790 393 1855; x_wconf 89' lang='lat' dir='ltr'>tarditatis</span> <span class='ocrx_word' id='word_1_156' title='bbox 418 1798 449 1849; x_wconf 89' lang='lat' dir='ltr'>et</span> <span class='ocrx_word' id='word_1_157' title='bbox 471 1787 643 1849; x_wconf 89' lang='lat' dir='ltr'>velocitatis</span> <span class='ocrx_word' id='word_1_158' title='bbox 666 1787 695 1848; x_wconf 92' lang='lat' dir='ltr'>in</span> <span class='ocrx_word' id='word_1_159' title='bbox 719 1788 904 1869; x_wconf 80' lang='lat' dir='ltr'>singulorum</span> <span class='ocrx_word' id='word_1_160' title='bbox 919 1790 1038 1850; x_wconf 89' lang='lat' dir='ltr'>orbibus</span> <span class='ocrx_word' id='word_1_161' title='bbox 1054 1794 1091 1863; x_wconf 78' lang='lat'>⁵),</span> <span class='ocrx_word' id='word_1_162' title='bbox 1117 1808 1192 1869; x_wconf 88' lang='lat' dir='ltr'>quae</span> <span class='ocrx_word' id='word_1_163' title='bbox 1217 1808 1308 1868; x_wconf 91' lang='lat' dir='ltr'>supra</span> <span class='ocrx_word' id='word_1_164' title='bbox 1327 1809 1393 1868; x_wconf 86' lang='lat' dir='ltr'>cap.</span> <span class='ocrx_word' id='word_1_165' title='bbox 1410 1784 1462 1851; x_wconf 78' lang='lat'>20.</span> <span class='ocrx_word' id='word_1_166' title='bbox 1488 1785 1546 1848; x_wconf 84' lang='lat' dir='ltr'>fuit</span> <span class='ocrx_word' id='word_1_167' title='bbox 1568 1787 1599 1848; x_wconf 90' lang='lat' dir='ltr'>in</span> 
     </span>
     <span class='ocr_line' id='line_1_18' title="bbox 239 1875 1599 1958; baseline -0.004 -16"><span class='ocrx_word' id='word_1_168' title='bbox 239 1880 377 1947; x_wconf 86' lang='lat' dir='ltr'>universo</span> <span class='ocrx_word' id='word_1_169' title='bbox 401 1877 521 1948; x_wconf 90' lang='lat' dir='ltr'>mundo,</span> <span class='ocrx_word' id='word_1_170' title='bbox 547 1877 601 1936; x_wconf 93' lang='lat' dir='ltr'>hoc</span> <span class='ocrx_word' id='word_1_171' title='bbox 626 1878 733 1938; x_wconf 92' lang='lat' dir='ltr'>modo:</span> <span class='ocrx_word' id='word_1_172' title='bbox 758 1877 808 1937; x_wconf 87' lang='lat' dir='ltr'>via</span> <span class='ocrx_word' id='word_1_173' title='bbox 831 1879 972 1958; x_wconf 87' lang='lat' dir='ltr'>planetae</span> <span class='ocrx_word' id='word_1_174' title='bbox 997 1879 1165 1940; x_wconf 84' lang='lat' dir='ltr'>eccentriea</span> <span class='ocrx_word' id='word_1_175' title='bbox 1188 1880 1277 1940; x_wconf 86' lang='lat' dir='ltr'>tarda</span> <span class='ocrx_word' id='word_1_176' title='bbox 1300 1878 1435 1958; x_wconf 87' lang='lat' dir='ltr'>superius</span> <span class='ocrx_word' id='word_1_177' title='bbox 1460 1883 1525 1950; x_wconf 86' lang='lat' dir='ltr'>est,</span> <span class='ocrx_word' id='word_1_178' title='bbox 1548 1875 1599 1938; x_wconf 94' lang='lat' dir='ltr'>in-</span> 
     </span>
     <span class='ocr_line' id='line_1_19' title="bbox 237 1964 1599 2048; baseline -0.005 -17"><span class='ocrx_word' id='word_1_179' title='bbox 237 1969 329 2033; x_wconf 78' lang='lat' dir='ltr'>ferius</span> <span class='ocrx_word' id='word_1_180' title='bbox 357 1968 454 2029; x_wconf 74' lang='lat' dir='ltr'>velox.</span> <span class='ocrx_word' id='word_1_181' title='bbox 503 1965 553 2027; x_wconf 81' lang='lat' dir='ltr'>ad</span> <span class='ocrx_word' id='word_1_182' title='bbox 586 1965 642 2027; x_wconf 86' lang='lat' dir='ltr'>hoe</span> <span class='ocrx_word' id='word_1_183' title='bbox 675 1966 753 2027; x_wconf 91' lang='lat' dir='ltr'>enim</span> <span class='ocrx_word' id='word_1_184' title='bbox 787 1966 1052 2029; x_wconf 87' lang='lat' dir='ltr'>demonstrandum</span> <span class='ocrx_word' id='word_1_185' title='bbox 1080 1977 1218 2032; x_wconf 86' lang='lat' dir='ltr'>assumta</span> <span class='ocrx_word' id='word_1_186' title='bbox 1242 1966 1409 2048; x_wconf 89' lang='lat' dir='ltr'>Copemico</span> <span class='ocrx_word' id='word_1_187' title='bbox 1440 1964 1599 2048; x_wconf 81' lang='lat' dir='ltr'>epicyclia,</span> 
     </span>
     <span class='ocr_line' id='line_1_20' title="bbox 238 2052 1600 2137; baseline -0.004 -17"><span class='ocrx_word' id='word_1_188' title='bbox 238 2058 412 2120; x_wconf 79' lang='lat' dir='ltr'>Ptolemaeo</span> <span class='ocrx_word' id='word_1_189' title='bbox 435 2061 611 2133; x_wconf 86' lang='lat' dir='ltr'>aequantes.</span> <span class='ocrx_word' id='word_1_190' title='bbox 627 2052 654 2126; x_wconf 77' lang='lat' dir='ltr'>b)</span> <span class='ocrx_word' id='word_1_191' title='bbox 701 2056 899 2118; x_wconf 88' lang='lat' dir='ltr'>Describatur</span> <span class='ocrx_word' id='word_1_192' title='bbox 922 2056 1013 2135; x_wconf 84' lang='lat' dir='ltr'>igitur</span> <span class='ocrx_word' id='word_1_193' title='bbox 1036 2057 1242 2118; x_wconf 89' lang='lat' dir='ltr'>concentricus</span> <span class='ocrx_word' id='word_1_194' title='bbox 1272 2057 1408 2137; x_wconf 88' lang='lat' dir='ltr'>aequalis</span> <span class='ocrx_word' id='word_1_195' title='bbox 1436 2055 1505 2117; x_wconf 82' lang='lat' dir='ltr'>viae</span> <span class='ocrx_word' id='word_1_196' title='bbox 1528 2053 1600 2135; x_wconf 91' lang='lat' dir='ltr'>pla-</span> 
     </span>
     <span class='ocr_line' id='line_1_21' title="bbox 238 2142 1603 2227; baseline -0.002 -19"><span class='ocrx_word' id='word_1_197' title='bbox 238 2147 372 2209; x_wconf 83' lang='lat' dir='ltr'>netarios</span> <span class='ocrx_word' id='word_1_198' title='bbox 396 2142 603 2215; x_wconf 82' lang='lat' dir='ltr'>ecccntricue3</span> <span class='ocrx_word' id='word_1_199' title='bbox 633 2143 717 2221; x_wconf 90' lang='lat' dir='ltr'>enjus</span> <span class='ocrx_word' id='word_1_200' title='bbox 741 2154 839 2207; x_wconf 86' lang='lat' dir='ltr'>motus</span> <span class='ocrx_word' id='word_1_201' title='bbox 864 2145 1052 2225; x_wconf 90' lang='lat' dir='ltr'>undiquaque</span> <span class='ocrx_word' id='word_1_202' title='bbox 1077 2146 1212 2225; x_wconf 90' lang='lat' dir='ltr'>aequalis</span> <span class='ocrx_word' id='word_1_203' title='bbox 1236 2146 1308 2219; x_wconf 85' lang='lat' dir='ltr'>erit,</span> <span class='ocrx_word' id='word_1_204' title='bbox 1338 2146 1409 2227; x_wconf 89' lang='lat' dir='ltr'>quia</span> <span class='ocrx_word' id='word_1_205' title='bbox 1432 2143 1603 2224; x_wconf 84' lang='lat' dir='ltr'>aequaliter</span> 
     </span>
     <span class='ocr_line' id='line_1_22' title="bbox 238 2231 1602 2314; baseline -0.004 -17"><span class='ocrx_word' id='word_1_206' title='bbox 238 2236 276 2297; x_wconf 88' lang='lat' dir='ltr'>ab</span> <span class='ocrx_word' id='word_1_207' title='bbox 300 2235 413 2314; x_wconf 81' lang='lat' dir='ltr'>origine</span> <span class='ocrx_word' id='word_1_208' title='bbox 437 2238 537 2293; x_wconf 87' lang='lat' dir='ltr'>motus</span> <span class='ocrx_word' id='word_1_209' title='bbox 560 2231 666 2292; x_wconf 89' lang='lat' dir='ltr'>distat.</span> <span class='ocrx_word' id='word_1_210' title='bbox 705 2232 787 2311; x_wconf 82' lang='lat' dir='ltr'>Ergo</span> <span class='ocrx_word' id='word_1_211' title='bbox 809 2234 840 2294; x_wconf 91' lang='lat' dir='ltr'>in</span> <span class='ocrx_word' id='word_1_212' title='bbox 864 2235 1028 2296; x_wconf 88' lang='lat' dir='ltr'>medietate</span> <span class='ocrx_word' id='word_1_213' title='bbox 1053 2235 1120 2295; x_wconf 90' lang='lat' dir='ltr'>viae</span> <span class='ocrx_word' id='word_1_214' title='bbox 1142 2235 1328 2296; x_wconf 85' lang='lat' dir='ltr'>eccentricae</span> <span class='ocrx_word' id='word_1_215' title='bbox 1352 2253 1445 2314; x_wconf 89' lang='lat' dir='ltr'>supra</span> <span class='ocrx_word' id='word_1_216' title='bbox 1468 2251 1602 2295; x_wconf 87' lang='lat' dir='ltr'>concen-</span> 
     </span>
     <span class='ocr_line' id='line_1_23' title="bbox 239 2320 1602 2402; baseline -0.004 -15"><span class='ocrx_word' id='word_1_217' title='bbox 239 2324 344 2387; x_wconf 89' lang='lat' dir='ltr'>tricum</span> <span class='ocrx_word' id='word_1_218' title='bbox 368 2320 509 2383; x_wconf 87' lang='lat' dir='ltr'>eminenti</span> <span class='ocrx_word' id='word_1_219' title='bbox 534 2321 648 2381; x_wconf 88' lang='lat' dir='ltr'>tardior</span> <span class='ocrx_word' id='word_1_220' title='bbox 672 2321 730 2382; x_wconf 86' lang='lat' dir='ltr'>erit</span> <span class='ocrx_word' id='word_1_221' title='bbox 752 2323 889 2399; x_wconf 89' lang='lat' dir='ltr'>planeta,</span> <span class='ocrx_word' id='word_1_222' title='bbox 920 2323 991 2402; x_wconf 91' lang='lat' dir='ltr'>quia</span> <span class='ocrx_word' id='word_1_223' title='bbox 1019 2324 1137 2401; x_wconf 86' lang='lat' dir='ltr'>longius</span> <span class='ocrx_word' id='word_1_224' title='bbox 1161 2345 1180 2384; x_wconf 91' lang='lat' dir='ltr'>a</span> <span class='ocrx_word' id='word_1_225' title='bbox 1204 2323 1276 2385; x_wconf 86' lang='lat' dir='ltr'>Sole</span> <span class='ocrx_word' id='word_1_226' title='bbox 1299 2324 1415 2385; x_wconf 87' lang='lat' dir='ltr'>recedit</span> <span class='ocrx_word' id='word_1_227' title='bbox 1437 2331 1471 2383; x_wconf 89' lang='lat' dir='ltr'>et</span> <span class='ocrx_word' id='word_1_228' title='bbox 1493 2341 1513 2382; x_wconf 86' lang='lat' dir='ltr'>a</span> <span class='ocrx_word' id='word_1_229' title='bbox 1535 2320 1602 2382; x_wconf 85' lang='lat' dir='ltr'>vir·</span> 
     </span>
     <span class='ocr_line' id='line_1_24' title="bbox 238 2408 1601 2492; baseline -0.004 -17"><span class='ocrx_word' id='word_1_230' title='bbox 238 2422 303 2475; x_wconf 88' lang='lat' dir='ltr'>tute</span> <span class='ocrx_word' id='word_1_231' title='bbox 328 2409 465 2472; x_wconf 87' lang='lat' dir='ltr'>debiliori</span> <span class='ocrx_word' id='word_1_232' title='bbox 488 2416 642 2469; x_wconf 89' lang='lat' dir='ltr'>movetur:</span> <span class='ocrx_word' id='word_1_233' title='bbox 672 2409 701 2470; x_wconf 93' lang='lat' dir='ltr'>in</span> <span class='ocrx_word' id='word_1_234' title='bbox 730 2411 846 2490; x_wconf 87' lang='lat' dir='ltr'>reliqna</span> <span class='ocrx_word' id='word_1_235' title='bbox 874 2412 1012 2486; x_wconf 87' lang='lat' dir='ltr'>celerior,</span> <span class='ocrx_word' id='word_1_236' title='bbox 1043 2413 1113 2492; x_wconf 91' lang='lat' dir='ltr'>quia</span> <span class='ocrx_word' id='word_1_237' title='bbox 1136 2411 1201 2473; x_wconf 89' lang='lat' dir='ltr'>Soli</span> <span class='ocrx_word' id='word_1_238' title='bbox 1225 2412 1350 2473; x_wconf 90' lang='lat' dir='ltr'>vicinior</span> <span class='ocrx_word' id='word_1_239' title='bbox 1373 2419 1405 2473; x_wconf 92' lang='lat' dir='ltr'>et</span> <span class='ocrx_word' id='word_1_240' title='bbox 1428 2412 1457 2472; x_wconf 92' lang='lat' dir='ltr'>in</span> <span class='ocrx_word' id='word_1_241' title='bbox 1482 2408 1601 2472; x_wconf 81' lang='lat' dir='ltr'>fortiori</span> 
     </span>
     <span class='ocr_line' id='line_1_25' title="bbox 237 2497 1601 2581; baseline -0.001 -20"><span class='ocrx_word' id='word_1_242' title='bbox 237 2502 360 2563; x_wconf 88' lang='lat' dir='ltr'>virtute.</span> <span class='ocrx_word' id='word_1_243' title='bbox 393 2499 496 2577; x_wconf 82' lang='lat' dir='ltr'>Atque</span> <span class='ocrx_word' id='word_1_244' title='bbox 512 2497 587 2558; x_wconf 90' lang='lat' dir='ltr'>banc</span> <span class='ocrx_word' id='word_1_245' title='bbox 604 2497 803 2560; x_wconf 87' lang='lat' dir='ltr'>variationem</span> <span class='ocrx_word' id='word_1_246' title='bbox 819 2509 917 2561; x_wconf 87' lang='lat' dir='ltr'>motus</span> <span class='ocrx_word' id='word_1_247' title='bbox 942 2520 999 2561; x_wconf 91' lang='lat' dir='ltr'>non</span> <span class='ocrx_word' id='word_1_248' title='bbox 1024 2521 1111 2562; x_wconf 90' lang='lat' dir='ltr'>secus</span> <span class='ocrx_word' id='word_1_249' title='bbox 1136 2521 1191 2581; x_wconf 91' lang='lat' dir='ltr'>per</span> <span class='ocrx_word' id='word_1_250' title='bbox 1213 2502 1365 2563; x_wconf 85' lang='lat' dir='ltr'>circellum</span> <span class='ocrx_word' id='word_1_251' title='bbox 1389 2498 1601 2570; x_wconf 87' lang='lat' dir='ltr'>demonstrari,</span> 
     </span>
     <span class='ocr_line' id='line_1_26' title="bbox 238 2578 1604 2669; baseline -0.003 -18"><span class='ocrx_word' id='word_1_252' title='bbox 238 2589 323 2655; x_wconf 89' lang='lat' dir='ltr'>acsi</span> <span class='ocrx_word' id='word_1_253' title='bbox 347 2606 417 2650; x_wconf 89' lang='lat' dir='ltr'>vere</span> <span class='ocrx_word' id='word_1_254' title='bbox 441 2586 469 2645; x_wconf 95' lang='lat' dir='ltr'>in</span> <span class='ocrx_word' id='word_1_255' title='bbox 494 2604 529 2646; x_wconf 88' lang='lat' dir='ltr'>eo</span> <span class='ocrx_word' id='word_1_256' title='bbox 555 2586 676 2647; x_wconf 78' lang='lat' dir='ltr'>sincello</span> <span class='ocrx_word' id='word_1_257' title='bbox 699 2587 824 2666; x_wconf 89' lang='lat' dir='ltr'>planeta</span> <span class='ocrx_word' id='word_1_258' title='bbox 846 2599 1015 2650; x_wconf 85' lang='lat' dir='ltr'>moveretur</span> <span class='ocrx_word' id='word_1_259' title='bbox 1039 2590 1156 2669; x_wconf 91' lang='lat' dir='ltr'>aequali</span> <span class='ocrx_word' id='word_1_260' title='bbox 1176 2600 1267 2666; x_wconf 90' lang='lat' dir='ltr'>motu,</span> <span class='ocrx_word' id='word_1_261' title='bbox 1294 2578 1417 2652; x_wconf 87' lang='lat' dir='ltr'>cuilibet</span> <span class='ocrx_word' id='word_1_262' title='bbox 1440 2588 1529 2650; x_wconf 83' lang='lat' dir='ltr'>facile</span> <span class='ocrx_word' id='word_1_263' title='bbox 1553 2596 1604 2648; x_wconf 88' lang='lat' dir='ltr'>est</span> 
     </span>
     <span class='ocr_line' id='line_1_27' title="bbox 239 2674 1601 2759; baseline -0.004 -19"><span class='ocrx_word' id='word_1_264' title='bbox 239 2678 391 2759; x_wconf 68' lang='lat' dir='ltr'>colligere,</span> <span class='ocrx_word' id='word_1_265' title='bbox 437 2674 543 2736; x_wconf 90' lang='lat' dir='ltr'>Habes</span> <span class='ocrx_word' id='word_1_266' title='bbox 573 2695 696 2736; x_wconf 86' lang='lat' dir='ltr'>causam</span> <span class='ocrx_word' id='word_1_267' title='bbox 724 2677 881 2739; x_wconf 88' lang='lat' dir='ltr'>tarditatis</span> <span class='ocrx_word' id='word_1_268' title='bbox 914 2678 1019 2757; x_wconf 89' lang='lat' dir='ltr'>hujus,</span> <span class='ocrx_word' id='word_1_269' title='bbox 1054 2678 1209 2740; x_wconf 87' lang='lat' dir='ltr'>videamus</span> <span class='ocrx_word' id='word_1_270' title='bbox 1235 2694 1319 2740; x_wconf 86' lang='lat' dir='ltr'>nunc</span> <span class='ocrx_word' id='word_1_271' title='bbox 1350 2687 1382 2740; x_wconf 89' lang='lat' dir='ltr'>et</span> <span class='ocrx_word' id='word_1_272' title='bbox 1408 2695 1601 2739; x_wconf 89' lang='lat' dir='ltr'>mensuram:</span> 
     </span>
     <span class='ocr_line' id='line_1_28' title="bbox 464 2764 1681 2844; baseline -0.006 -13"><span class='ocrx_word' id='word_1_273' title='bbox 464 2794 558 2844; x_wconf 49' lang='lat' dir='ltr'>nan.</span> <span class='ocrx_word' id='word_1_274' title='bbox 835 2767 865 2828; x_wconf 83' lang='lat' dir='ltr'>A</span> <span class='ocrx_word' id='word_1_275' title='bbox 892 2766 934 2828; x_wconf 89' lang='lat' dir='ltr'>sit</span> <span class='ocrx_word' id='word_1_276' title='bbox 962 2768 1028 2828; x_wconf 87' lang='lat' dir='ltr'>fons</span> <span class='ocrx_word' id='word_1_277' title='bbox 1057 2767 1174 2829; x_wconf 90' lang='lat' dir='ltr'>animae</span> <span class='ocrx_word' id='word_1_278' title='bbox 1202 2768 1365 2841; x_wconf 88' lang='lat' dir='ltr'>moventis,</span> <span class='ocrx_word' id='word_1_279' title='bbox 1396 2788 1438 2829; x_wconf 91' lang='lat' dir='ltr'>sc.</span> <span class='ocrx_word' id='word_1_280' title='bbox 1469 2764 1541 2840; x_wconf 85' lang='lat' dir='ltr'>Sol,</span> <span class='ocrx_word' id='word_1_281' title='bbox 1575 2764 1602 2825; x_wconf 93' lang='lat' dir='ltr'>B</span> <span class='ocrx_word' id='word_1_282' title='bbox 1675 2766 1681 2773; x_wconf 83' lang='grc'><strong>”</strong></span> 
     </span>
     <span class='ocr_line' id='line_1_29' title="bbox 747 2854 1602 2936; baseline 0.004 -22"><span class='ocrx_word' id='word_1_283' title='bbox 747 2865 882 2916; x_wconf 81' lang='lat' dir='ltr'>centrum</span> <span class='ocrx_word' id='word_1_284' title='bbox 910 2855 977 2916; x_wconf 83' lang='lat' dir='ltr'>riae</span> <span class='ocrx_word' id='word_1_285' title='bbox 1001 2854 1133 2930; x_wconf 71' lang='lat' dir='ltr'>uruit,</span> <span class='ocrx_word' id='word_1_286' title='bbox 1169 2876 1256 2936; x_wconf 89' lang='lat' dir='ltr'>quarn</span> <span class='ocrx_word' id='word_1_287' title='bbox 1288 2858 1431 2935; x_wconf 88' lang='lat' dir='ltr'>planeta,</span> <span class='ocrx_word' id='word_1_288' title='bbox 1464 2855 1517 2916; x_wconf 89' lang='lat' dir='ltr'>sed</span> <span class='ocrx_word' id='word_1_289' title='bbox 1552 2854 1602 2917; x_wconf 88' lang='lat' dir='ltr'>iu·</span> 
     </span>
     <span class='ocr_line' id='line_1_30' title="bbox 346 2891 1602 3032; baseline 0.001 -29"><span class='ocrx_word' id='word_1_290' title='bbox 346 2891 492 3032; x_wconf 47' lang='lat' dir='ltr'>lh</span> <span class='ocrx_word' id='word_1_291' title='bbox 528 2956 531 2959; x_wconf 76' lang='grc'><strong>’</strong></span> <span class='ocrx_word' id='word_1_292' title='bbox 748 2944 866 3022; x_wconf 91' lang='lat' dir='ltr'>aequali</span> <span class='ocrx_word' id='word_1_293' title='bbox 894 2965 1003 3024; x_wconf 87' lang='lat' dir='ltr'>passu,</span> <span class='ocrx_word' id='word_1_294' title='bbox 1033 2945 1161 3018; x_wconf 86' lang='lat' dir='ltr'>incedit,</span> <span class='ocrx_word' id='word_1_295' title='bbox 1191 2946 1247 3006; x_wconf 93' lang='lat' dir='ltr'>BD</span> <span class='ocrx_word' id='word_1_296' title='bbox 1270 2946 1312 3007; x_wconf 86' lang='lat' dir='ltr'>sit</span> <span class='ocrx_word' id='word_1_297' title='bbox 1333 2955 1367 3007; x_wconf 91' lang='lat' dir='ltr'>ut</span> <span class='ocrx_word' id='word_1_298' title='bbox 1389 2944 1461 3018; x_wconf 86' lang='lat' dir='ltr'>BA,</span> <span class='ocrx_word' id='word_1_299' title='bbox 1492 2952 1523 3005; x_wconf 86' lang='lat' dir='ltr'>et</span> <span class='ocrx_word' id='word_1_300' title='bbox 1548 2941 1602 3007; x_wconf 88' lang='lat' dir='ltr'>CB</span> 
     </span>
     <span class='ocr_line' id='line_1_31' title="bbox 173 2959 1602 3181; baseline -0.002 -86"><span class='ocrx_word' id='word_1_301' title='bbox 173 3045 181 3052; x_wconf 89' lang='lat'>&#39;</span> <span class='ocrx_word' id='word_1_302' title='bbox 221 3062 226 3067; x_wconf 95' lang='lat'>·</span> <span class='ocrx_word' id='word_1_303' title='bbox 313 2959 492 3181; x_wconf 51' lang='grc' dir='ltr'>ἕξΰ</span> <span class='ocrx_word' id='word_1_304' title='bbox 514 3015 659 3141; x_wconf 29' lang='lat' dir='ltr'>XXX,</span> <span class='ocrx_word' id='word_1_305' title='bbox 690 3069 707 3117; x_wconf 56' lang='grc' dir='ltr'><em>Η</em></span> <span class='ocrx_word' id='word_1_306' title='bbox 748 3033 814 3110; x_wconf 87' lang='lat' dir='ltr'>ejus</span> <span class='ocrx_word' id='word_1_307' title='bbox 837 3033 1002 3095; x_wconf 91' lang='lat' dir='ltr'>dimidium.</span> <span class='ocrx_word' id='word_1_308' title='bbox 1042 3031 1118 3095; x_wconf 87' lang='lat' dir='ltr'>Cum</span> <span class='ocrx_word' id='word_1_309' title='bbox 1141 3034 1233 3113; x_wconf 87' lang='lat' dir='ltr'>igitur</span> <span class='ocrx_word' id='word_1_310' title='bbox 1253 3034 1307 3096; x_wconf 86' lang='lat' dir='ltr'>EF</span> <span class='ocrx_word' id='word_1_311' title='bbox 1331 3035 1372 3096; x_wconf 92' lang='lat' dir='ltr'>sit</span> <span class='ocrx_word' id='word_1_312' title='bbox 1394 3032 1539 3095; x_wconf 87' lang='lat' dir='ltr'>remotior</span> <span class='ocrx_word' id='word_1_313' title='bbox 1562 3031 1602 3092; x_wconf 90' lang='lat' dir='ltr'>ab</span> 
     </span>
     <span class='ocr_line' id='line_1_32' title="bbox 419 3161 455 3237; baseline 0 0"><span class='ocrx_word' id='word_1_314' title='bbox 419 3161 455 3237; x_wconf 58' lang='lat' dir='ltr'>&#39;d</span> 
     </span>
    </p>
   </div>
   <div class='ocr_carea' id='block_1_3' title="bbox 324 3084 1605 3204">
    <p class='ocr_par' dir='ltr' id='par_1_3' title="bbox 324 3084 1605 3204">
     <span class='ocr_line' id='line_1_33' title="bbox 324 3084 1605 3204; baseline -0.009 -11"><span class='ocrx_word' id='word_1_315' title='bbox 324 3084 354 3135; x_wconf 38' lang='grc' dir='ltr'><em>δ</em></span> <span class='ocrx_word' id='word_1_316' title='bbox 587 3187 603 3204; x_wconf 28' lang='lat' dir='ltr'>x</span> <span class='ocrx_word' id='word_1_317' title='bbox 643 3118 674 3161; x_wconf 32' lang='grc' dir='ltr'>ΨΧ</span> <span class='ocrx_word' id='word_1_318' title='bbox 749 3124 792 3193; x_wconf 88' lang='grc' dir='ltr'>Α,</span> <span class='ocrx_word' id='word_1_319' title='bbox 829 3140 917 3199; x_wconf 91' lang='lat' dir='ltr'>quam</span> <span class='ocrx_word' id='word_1_320' title='bbox 946 3120 1004 3183; x_wconf 76' lang='grc' dir='ltr'>ΝΟ</span> <span class='ocrx_word' id='word_1_321' title='bbox 1038 3123 1209 3202; x_wconf 89' lang='lat' dir='ltr'>quantitate</span> <span class='ocrx_word' id='word_1_322' title='bbox 1239 3123 1312 3196; x_wconf 87' lang='lat' dir='ltr'>AB,</span> <span class='ocrx_word' id='word_1_323' title='bbox 1341 3122 1541 3184; x_wconf 83' lang='lat' dir='ltr'>conveniebat</span> <span class='ocrx_word' id='word_1_324' title='bbox 1570 3127 1605 3182; x_wconf 88' lang='lat' dir='ltr'>nt</span> 
     </span>
    </p>
   </div>
   <div class='ocr_carea' id='block_1_4' title="bbox 284 3129 393 3419">
    <p class='ocr_par' dir='ltr' id='par_1_4' title="bbox 284 3129 393 3419">
     <span class='ocr_line' id='line_1_34' title="bbox 284 3129 393 3419; baseline 0 0"><span class='ocrx_word' id='word_1_325' title='bbox 284 3129 393 3419; x_wconf 67' lang='lat' dir='ltr'>f(</span> 
     </span>
    </p>
   </div>
   <div class='ocr_carea' id='block_1_5' title="bbox 547 3158 1604 3431">
    <p class='ocr_par' dir='ltr' id='par_1_5' title="bbox 547 3158 1604 3431">
     <span class='ocr_line' id='line_1_35' title="bbox 547 3158 1604 3431; baseline -0.002 -159"><span class='ocrx_word' id='word_1_326' title='bbox 547 3179 561 3222; x_wconf 81' lang='lat'><strong>⁰</strong></span> <span class='ocrx_word' id='word_1_327' title='bbox 604 3158 705 3431; x_wconf 38' lang='lat' dir='ltr'>Rbbq</span> <span class='ocrx_word' id='word_1_328' title='bbox 749 3209 873 3288; x_wconf 91' lang='lat' dir='ltr'>planeta</span> <span class='ocrx_word' id='word_1_329' title='bbox 897 3211 925 3271; x_wconf 94' lang='lat' dir='ltr'>in</span> <span class='ocrx_word' id='word_1_330' title='bbox 949 3211 1002 3272; x_wconf 84' lang='lat' dir='ltr'>EF</span> <span class='ocrx_word' id='word_1_331' title='bbox 1032 3220 1093 3273; x_wconf 88' lang='lat' dir='ltr'>tarn</span> <span class='ocrx_word' id='word_1_332' title='bbox 1122 3213 1226 3273; x_wconf 89' lang='lat' dir='ltr'>tardus</span> <span class='ocrx_word' id='word_1_333' title='bbox 1255 3220 1357 3284; x_wconf 88' lang='lat' dir='ltr'>esset,</span> <span class='ocrx_word' id='word_1_334' title='bbox 1391 3231 1426 3272; x_wconf 88' lang='lat' dir='ltr'>ac</span> <span class='ocrx_word' id='word_1_335' title='bbox 1456 3211 1481 3271; x_wconf 91' lang='lat' dir='ltr'>si</span> <span class='ocrx_word' id='word_1_336' title='bbox 1511 3209 1604 3289; x_wconf 91' lang='lat' dir='ltr'>duplo</span> 
     </span>
    </p>
   </div>
   <div class='ocr_carea' id='block_1_6' title="bbox 243 3298 1607 4801">
    <p class='ocr_par' dir='ltr' id='par_1_6' title="bbox 655 3298 1606 3735">
     <span class='ocr_line' id='line_1_36' title="bbox 655 3298 1606 3378; baseline 0 -18"><span class='ocrx_word' id='word_1_337' title='bbox 655 3298 672 3343; x_wconf 56' lang='lat' dir='ltr'>b</span> <span class='ocrx_word' id='word_1_338' title='bbox 750 3299 866 3378; x_wconf 90' lang='lat' dir='ltr'>longius</span> <span class='ocrx_word' id='word_1_339' title='bbox 891 3300 928 3359; x_wconf 89' lang='lat' dir='ltr'>ab</span> <span class='ocrx_word' id='word_1_340' title='bbox 952 3301 980 3360; x_wconf 89' lang='lat' dir='ltr'>A</span> <span class='ocrx_word' id='word_1_341' title='bbox 1004 3301 1194 3374; x_wconf 81' lang='lat' dir='ltr'>recessisset,</span> <span class='ocrx_word' id='word_1_342' title='bbox 1218 3301 1389 3378; x_wconf 89' lang='lat' dir='ltr'>quantitate</span> <span class='ocrx_word' id='word_1_343' title='bbox 1414 3319 1455 3360; x_wconf 88' lang='lat' dir='ltr'>sc.</span> <span class='ocrx_word' id='word_1_344' title='bbox 1477 3300 1546 3370; x_wconf 83' lang='lat' dir='ltr'>AD,</span> <span class='ocrx_word' id='word_1_345' title='bbox 1571 3306 1606 3360; x_wconf 84' lang='lat' dir='ltr'>et</span> 
     </span>
     <span class='ocr_line' id='line_1_37' title="bbox 700 3385 1604 3469; baseline -0.001 -21"><span class='ocrx_word' id='word_1_346' title='bbox 700 3391 729 3469; x_wconf 77' lang='lat' dir='ltr'>n</span> <span class='ocrx_word' id='word_1_347' title='bbox 750 3407 839 3466; x_wconf 88' lang='lat' dir='ltr'>super</span> <span class='ocrx_word' id='word_1_348' title='bbox 863 3399 965 3449; x_wconf 83' lang='lat' dir='ltr'>centro</span> <span class='ocrx_word' id='word_1_349' title='bbox 989 3389 1017 3448; x_wconf 90' lang='lat' dir='ltr'>D</span> <span class='ocrx_word' id='word_1_350' title='bbox 1042 3398 1183 3452; x_wconf 88' lang='lat' dir='ltr'>curreret.</span> <span class='ocrx_word' id='word_1_351' title='bbox 1226 3390 1269 3450; x_wconf 86' lang='lat' dir='ltr'>Et</span> <span class='ocrx_word' id='word_1_352' title='bbox 1292 3400 1424 3464; x_wconf 85' lang='lat' dir='ltr'>econtra,</span> <span class='ocrx_word' id='word_1_353' title='bbox 1450 3408 1515 3449; x_wconf 92' lang='lat' dir='ltr'>cum</span> <span class='ocrx_word' id='word_1_354' title='bbox 1540 3385 1604 3448; x_wconf 90' lang='lat' dir='ltr'>HG</span> 
     </span>
     <span class='ocr_line' id='line_1_38' title="bbox 751 3477 1603 3559; baseline 0 -22"><span class='ocrx_word' id='word_1_355' title='bbox 751 3477 791 3537; x_wconf 90' lang='lat' dir='ltr'>sit</span> <span class='ocrx_word' id='word_1_356' title='bbox 813 3477 933 3557; x_wconf 89' lang='lat' dir='ltr'>propior</span> <span class='ocrx_word' id='word_1_357' title='bbox 957 3478 1013 3557; x_wconf 91' lang='lat' dir='ltr'>ipsi</span> <span class='ocrx_word' id='word_1_358' title='bbox 1037 3478 1067 3539; x_wconf 80' lang='lat' dir='ltr'>A</span> <span class='ocrx_word' id='word_1_359' title='bbox 1092 3498 1180 3559; x_wconf 88' lang='lat' dir='ltr'>quarn</span> <span class='ocrx_word' id='word_1_360' title='bbox 1203 3477 1267 3550; x_wconf 85' lang='lat' dir='ltr'>PQ,</span> <span class='ocrx_word' id='word_1_361' title='bbox 1292 3479 1399 3540; x_wconf 75' lang='lat' dir='ltr'>eadem</span> <span class='ocrx_word' id='word_1_362' title='bbox 1423 3477 1478 3539; x_wconf 88' lang='lat' dir='ltr'>AB</span> <span class='ocrx_word' id='word_1_363' title='bbox 1503 3495 1603 3557; x_wconf 91' lang='lat' dir='ltr'>quan-</span> 
     </span>
     <span class='ocr_line' id='line_1_39' title="bbox 750 3566 1604 3647; baseline 0 -21"><span class='ocrx_word' id='word_1_364' title='bbox 750 3566 851 3641; x_wconf 86' lang='lat' dir='ltr'>titate,</span> <span class='ocrx_word' id='word_1_365' title='bbox 877 3566 1081 3643; x_wconf 86' lang='lat' dir='ltr'>conveniebat,</span> <span class='ocrx_word' id='word_1_366' title='bbox 1108 3576 1140 3628; x_wconf 93' lang='lat' dir='ltr'>ut</span> <span class='ocrx_word' id='word_1_367' title='bbox 1157 3568 1281 3647; x_wconf 87' lang='lat' dir='ltr'>planeta</span> <span class='ocrx_word' id='word_1_368' title='bbox 1299 3567 1327 3627; x_wconf 91' lang='lat' dir='ltr'>in</span> <span class='ocrx_word' id='word_1_369' title='bbox 1345 3566 1405 3628; x_wconf 89' lang='lat' dir='ltr'>GH</span> <span class='ocrx_word' id='word_1_370' title='bbox 1428 3576 1490 3627; x_wconf 90' lang='lat' dir='ltr'>tam</span> <span class='ocrx_word' id='word_1_371' title='bbox 1514 3566 1604 3626; x_wconf 81' lang='lat' dir='ltr'>velox</span> 
     </span>
     <span class='ocr_line' id='line_1_40' title="bbox 753 3655 1604 3735; baseline 0.001 -22"><span class='ocrx_word' id='word_1_372' title='bbox 753 3663 854 3729; x_wconf 88' lang='lat' dir='ltr'>esset,</span> <span class='ocrx_word' id='word_1_373' title='bbox 888 3676 923 3717; x_wconf 88' lang='lat' dir='ltr'>ac</span> <span class='ocrx_word' id='word_1_374' title='bbox 956 3657 982 3717; x_wconf 92' lang='lat' dir='ltr'>si</span> <span class='ocrx_word' id='word_1_375' title='bbox 1011 3657 1100 3735; x_wconf 93' lang='lat' dir='ltr'>duplo</span> <span class='ocrx_word' id='word_1_376' title='bbox 1132 3655 1254 3735; x_wconf 89' lang='lat' dir='ltr'>propius</span> <span class='ocrx_word' id='word_1_377' title='bbox 1283 3657 1320 3716; x_wconf 89' lang='lat' dir='ltr'>ad</span> <span class='ocrx_word' id='word_1_378' title='bbox 1349 3658 1379 3719; x_wconf 83' lang='lat' dir='ltr'>A</span> <span class='ocrx_word' id='word_1_379' title='bbox 1409 3655 1604 3726; x_wconf 87' lang='lat' dir='ltr'>accessisset,</span> 
     </span>
    </p>

    <p class='ocr_par' dir='ltr' id='par_1_7' title="bbox 752 3742 1604 3824">
     <span class='ocr_line' id='line_1_41' title="bbox 752 3742 1604 3824; baseline 0 -22"><span class='ocrx_word' id='word_1_380' title='bbox 752 3742 887 3805; x_wconf 89' lang='lat' dir='ltr'>nimirum</span> <span class='ocrx_word' id='word_1_381' title='bbox 910 3744 1015 3806; x_wconf 91' lang='lat' dir='ltr'>itidem</span> <span class='ocrx_word' id='word_1_382' title='bbox 1040 3747 1210 3824; x_wconf 88' lang='lat' dir='ltr'>quantitate</span> <span class='ocrx_word' id='word_1_383' title='bbox 1236 3745 1304 3806; x_wconf 85' lang='lat' dir='ltr'>AD.</span> <span class='ocrx_word' id='word_1_384' title='bbox 1338 3744 1505 3823; x_wconf 83' lang='lat' dir='ltr'>Utrobique</span> <span class='ocrx_word' id='word_1_385' title='bbox 1530 3759 1604 3821; x_wconf 89' lang='lat' dir='ltr'>ergo</span> 
     </span>
    </p>

    <p class='ocr_par' dir='ltr' id='par_1_8' title="bbox 654 3833 1603 3913">
     <span class='ocr_line' id='line_1_42' title="bbox 654 3833 1603 3913; baseline 0.002 -24"><span class='ocrx_word' id='word_1_386' title='bbox 654 3884 657 3889; x_wconf 87' lang='lat'><em>.</em></span> <span class='ocrx_word' id='word_1_387' title='bbox 752 3834 929 3894; x_wconf 88' lang='lat' dir='ltr'>tantundem</span> <span class='ocrx_word' id='word_1_388' title='bbox 953 3841 1014 3906; x_wconf 88' lang='lat' dir='ltr'>est,</span> <span class='ocrx_word' id='word_1_389' title='bbox 1040 3854 1074 3894; x_wconf 86' lang='lat' dir='ltr'>ae</span> <span class='ocrx_word' id='word_1_390' title='bbox 1098 3835 1124 3895; x_wconf 93' lang='lat' dir='ltr'>si</span> <span class='ocrx_word' id='word_1_391' title='bbox 1148 3854 1237 3913; x_wconf 88' lang='lat' dir='ltr'>super</span> <span class='ocrx_word' id='word_1_392' title='bbox 1260 3834 1288 3895; x_wconf 94' lang='lat' dir='ltr'>D</span> <span class='ocrx_word' id='word_1_393' title='bbox 1312 3842 1416 3895; x_wconf 89' lang='lat' dir='ltr'>centro</span> <span class='ocrx_word' id='word_1_394' title='bbox 1439 3833 1603 3894; x_wconf 87' lang='lat' dir='ltr'>incederet.</span> 
     </span>
    </p>

    <p class='ocr_par' dir='ltr' id='par_1_9' title="bbox 530 3919 1607 4001">
     <span class='ocr_line' id='line_1_43' title="bbox 530 3919 1607 4001; baseline -0.005 -16"><span class='ocrx_word' id='word_1_395' title='bbox 530 3982 534 3985; x_wconf 15' lang='grc' dir='ltr'><strong>Α</strong></span> <span class='ocrx_word' id='word_1_396' title='bbox 598 3930 602 3935; x_wconf 87' lang='grc'>’</span> <span class='ocrx_word' id='word_1_397' title='bbox 752 3919 851 4001; x_wconf 87' lang='lat' dir='ltr'>Supra</span> <span class='ocrx_word' id='word_1_398' title='bbox 875 3921 953 3982; x_wconf 90' lang='lat' dir='ltr'>enirn</span> <span class='ocrx_word' id='word_1_399' title='bbox 977 3942 1044 4001; x_wconf 90' lang='lat' dir='ltr'>cap.</span> <span class='ocrx_word' id='word_1_400' title='bbox 1069 3920 1121 3985; x_wconf 80' lang='lat'>20.</span> <span class='ocrx_word' id='word_1_401' title='bbox 1147 3944 1184 3983; x_wconf 90' lang='lat' dir='ltr'>ea</span> <span class='ocrx_word' id='word_1_402' title='bbox 1207 3931 1339 3985; x_wconf 86' lang='lat' dir='ltr'>motuum</span> <span class='ocrx_word' id='word_1_403' title='bbox 1368 3923 1406 3982; x_wconf 90' lang='lat' dir='ltr'>ad</span> <span class='ocrx_word' id='word_1_404' title='bbox 1435 3921 1523 3982; x_wconf 85' lang='lat' dir='ltr'>orbes</span> <span class='ocrx_word' id='word_1_405' title='bbox 1548 3919 1607 3981; x_wconf 82' lang='lat' dir='ltr'>tuit</span> 
     </span>
    </p>

    <p class='ocr_par' dir='ltr' id='par_1_10' title="bbox 556 3983 1604 4092">
     <span class='ocr_line' id='line_1_44' title="bbox 556 3983 1604 4092; baseline -0.003 -21"><span class='ocrx_word' id='word_1_406' title='bbox 556 3983 570 4028; x_wconf 56' lang='lat' dir='ltr'>f</span> <span class='ocrx_word' id='word_1_407' title='bbox 753 4011 916 4090; x_wconf 90' lang='lat' dir='ltr'>proportio.</span> <span class='ocrx_word' id='word_1_408' title='bbox 934 4013 960 4085; x_wconf 52' lang='grc' dir='ltr'>θ)</span> <span class='ocrx_word' id='word_1_409' title='bbox 1007 4010 1108 4082; x_wconf 85' lang='lat' dir='ltr'>Quare</span> <span class='ocrx_word' id='word_1_410' title='bbox 1132 4012 1246 4086; x_wconf 80' lang='lat' dir='ltr'>cogita,</span> <span class='ocrx_word' id='word_1_411' title='bbox 1277 4031 1353 4092; x_wconf 86' lang='lat' dir='ltr'>qnae</span> <span class='ocrx_word' id='word_1_412' title='bbox 1382 4011 1421 4072; x_wconf 91' lang='lat' dir='ltr'>ibi</span> <span class='ocrx_word' id='word_1_413' title='bbox 1446 4009 1504 4072; x_wconf 89' lang='lat' dir='ltr'>loci</span> <span class='ocrx_word' id='word_1_414' title='bbox 1527 4009 1604 4070; x_wconf 91' lang='lat' dir='ltr'>duae</span> 
     </span>
    </p>

    <p class='ocr_par' dir='ltr' id='par_1_11' title="bbox 243 4099 1607 4801">
     <span class='ocr_line' id='line_1_45' title="bbox 244 4099 1603 4178; baseline -0.001 -20"><span class='ocrx_word' id='word_1_415' title='bbox 244 4116 355 4159; x_wconf 83' lang='lat' dir='ltr'>causae</span> <span class='ocrx_word' id='word_1_416' title='bbox 379 4117 433 4177; x_wconf 91' lang='lat' dir='ltr'>per</span> <span class='ocrx_word' id='word_1_417' title='bbox 452 4106 548 4160; x_wconf 89' lang='lat' dir='ltr'>toturn</span> <span class='ocrx_word' id='word_1_418' title='bbox 563 4099 704 4161; x_wconf 85' lang='lat' dir='ltr'>circulum</span> <span class='ocrx_word' id='word_1_419' title='bbox 720 4110 943 4176; x_wconf 89' lang='lat' dir='ltr'>concurremnt‚</span> <span class='ocrx_word' id='word_1_420' title='bbox 968 4121 1021 4162; x_wconf 87' lang='lat' dir='ltr'>eas</span> <span class='ocrx_word' id='word_1_421' title='bbox 1045 4099 1092 4162; x_wconf 89' lang='lat' dir='ltr'>hic</span> <span class='ocrx_word' id='word_1_422' title='bbox 1116 4103 1252 4163; x_wconf 87' lang='lat' dir='ltr'>inversas</span> <span class='ocrx_word' id='word_1_423' title='bbox 1277 4110 1307 4161; x_wconf 88' lang='lat' dir='ltr'>et</span> <span class='ocrx_word' id='word_1_424' title='bbox 1331 4100 1498 4178; x_wconf 81' lang='lat' dir='ltr'>permixtas</span> <span class='ocrx_word' id='word_1_425' title='bbox 1522 4116 1603 4160; x_wconf 85' lang='lat' dir='ltr'>essa.</span> 
     </span>
     <span class='ocr_line' id='line_1_46' title="bbox 244 4183 1607 4269; baseline -0.001 -20"><span class='ocrx_word' id='word_1_426' title='bbox 244 4183 309 4249; x_wconf 85' lang='lat' dir='ltr'>llllc</span> <span class='ocrx_word' id='word_1_427' title='bbox 334 4187 415 4248; x_wconf 89' lang='lat' dir='ltr'>orbis</span> <span class='ocrx_word' id='word_1_428' title='bbox 439 4187 570 4266; x_wconf 80' lang='lat' dir='ltr'>ejusdem</span> <span class='ocrx_word' id='word_1_429' title='bbox 595 4189 711 4266; x_wconf 84' lang='lat' dir='ltr'>integer</span> <span class='ocrx_word' id='word_1_430' title='bbox 734 4188 865 4251; x_wconf 89' lang='lat' dir='ltr'>ambitus</span> <span class='ocrx_word' id='word_1_431' title='bbox 895 4190 991 4268; x_wconf 87' lang='lat' dir='ltr'>major</span> <span class='ocrx_word' id='word_1_432' title='bbox 1019 4199 1051 4251; x_wconf 90' lang='lat' dir='ltr'>et</span> <span class='ocrx_word' id='word_1_433' title='bbox 1079 4192 1221 4253; x_wconf 89' lang='lat' dir='ltr'>remotior</span> <span class='ocrx_word' id='word_1_434' title='bbox 1248 4190 1404 4269; x_wconf 89' lang='lat' dir='ltr'>periodum</span> <span class='ocrx_word' id='word_1_435' title='bbox 1434 4188 1539 4262; x_wconf 83' lang='lat' dir='ltr'>auxit,</span> <span class='ocrx_word' id='word_1_436' title='bbox 1572 4194 1607 4248; x_wconf 86' lang='lat' dir='ltr'>et</span> 
     </span>
     <span class='ocr_line' id='line_1_47' title="bbox 243 4274 1605 4356; baseline -0.001 -17"><span class='ocrx_word' id='word_1_437' title='bbox 243 4274 339 4340; x_wconf 85' lang='lat' dir='ltr'>minor</span> <span class='ocrx_word' id='word_1_438' title='bbox 363 4284 453 4356; x_wconf 88' lang='lat' dir='ltr'>atque</span> <span class='ocrx_word' id='word_1_439' title='bbox 476 4276 597 4356; x_wconf 92' lang='lat' dir='ltr'>propior</span> <span class='ocrx_word' id='word_1_440' title='bbox 621 4276 776 4339; x_wconf 89' lang='lat' dir='ltr'>diminuit:</span> <span class='ocrx_word' id='word_1_441' title='bbox 803 4279 850 4340; x_wconf 90' lang='lat' dir='ltr'>hic</span> <span class='ocrx_word' id='word_1_442' title='bbox 876 4288 976 4340; x_wconf 90' lang='lat' dir='ltr'>autern</span> <span class='ocrx_word' id='word_1_443' title='bbox 1000 4279 1103 4341; x_wconf 89' lang='lat' dir='ltr'>circuli</span> <span class='ocrx_word' id='word_1_444' title='bbox 1128 4277 1244 4349; x_wconf 76' lang='lat' dir='ltr'>n&#39;OPQ</span> <span class='ocrx_word' id='word_1_445' title='bbox 1267 4288 1298 4340; x_wconf 89' lang='lat' dir='ltr'>et</span> <span class='ocrx_word' id='word_1_446' title='bbox 1321 4276 1435 4340; x_wconf 77' lang='lat' dir='ltr'><strong>EFGH</strong></span> <span class='ocrx_word' id='word_1_447' title='bbox 1460 4276 1605 4356; x_wconf 79' lang='lat' dir='ltr'>aequales</span> 
     </span>
     <span class='ocr_line' id='line_1_48' title="bbox 244 4363 1603 4447; baseline 0.001 -22"><span class='ocrx_word' id='word_1_448' title='bbox 244 4373 323 4440; x_wconf 91' lang='lat' dir='ltr'>sunt,</span> <span class='ocrx_word' id='word_1_449' title='bbox 349 4374 380 4425; x_wconf 92' lang='lat' dir='ltr'>et</span> <span class='ocrx_word' id='word_1_450' title='bbox 403 4366 489 4444; x_wconf 90' lang='lat' dir='ltr'>hujus</span> <span class='ocrx_word' id='word_1_451' title='bbox 512 4384 584 4443; x_wconf 92' lang='lat' dir='ltr'>pars</span> <span class='ocrx_word' id='word_1_452' title='bbox 609 4367 706 4426; x_wconf 90' lang='lat' dir='ltr'>altera</span> <span class='ocrx_word' id='word_1_453' title='bbox 730 4366 882 4439; x_wconf 87' lang='lat' dir='ltr'>remotior,</span> <span class='ocrx_word' id='word_1_454' title='bbox 907 4369 1005 4429; x_wconf 90' lang='lat' dir='ltr'>altera</span> <span class='ocrx_word' id='word_1_455' title='bbox 1023 4368 1144 4447; x_wconf 91' lang='lat' dir='ltr'>propior</span> <span class='ocrx_word' id='word_1_456' title='bbox 1160 4378 1207 4429; x_wconf 87' lang='lat' dir='ltr'>est</span> <span class='ocrx_word' id='word_1_457' title='bbox 1223 4376 1324 4429; x_wconf 86' lang='lat' dir='ltr'>centro</span> <span class='ocrx_word' id='word_1_458' title='bbox 1340 4368 1379 4440; x_wconf 82' lang='lat' dir='ltr'>A,</span> <span class='ocrx_word' id='word_1_459' title='bbox 1405 4366 1480 4431; x_wconf 86' lang='lat' dir='ltr'>Soli.</span> <span class='ocrx_word' id='word_1_460' title='bbox 1515 4363 1603 4436; x_wconf 80' lang='lat' dir='ltr'>Qua·</span> 
     </span>
     <span class='ocr_line' id='line_1_49' title="bbox 244 4452 1604 4535; baseline -0.001 -21"><span class='ocrx_word' id='word_1_461' title='bbox 244 4462 367 4534; x_wconf 90' lang='lat' dir='ltr'>propter</span> <span class='ocrx_word' id='word_1_462' title='bbox 390 4453 498 4514; x_wconf 82' lang='lat' dir='ltr'>mntrirr</span> <span class='ocrx_word' id='word_1_463' title='bbox 522 4454 618 4514; x_wconf 88' lang='lat' dir='ltr'>virtus</span> <span class='ocrx_word' id='word_1_464' title='bbox 643 4455 670 4514; x_wconf 90' lang='lat' dir='ltr'>in</span> <span class='ocrx_word' id='word_1_465' title='bbox 695 4455 725 4516; x_wconf 81' lang='grc' dir='ltr'>Α</span> <span class='ocrx_word' id='word_1_466' title='bbox 750 4456 815 4534; x_wconf 86' lang='lat' dir='ltr'>agit</span> <span class='ocrx_word' id='word_1_467' title='bbox 845 4455 872 4516; x_wconf 90' lang='lat' dir='ltr'>in</span> <span class='ocrx_word' id='word_1_468' title='bbox 897 4456 951 4517; x_wconf 86' lang='lat' dir='ltr'>EF</span> <span class='ocrx_word' id='word_1_469' title='bbox 981 4467 1012 4517; x_wconf 89' lang='lat' dir='ltr'>et</span> <span class='ocrx_word' id='word_1_470' title='bbox 1041 4458 1070 4518; x_wconf 91' lang='lat' dir='ltr'>in</span> <span class='ocrx_word' id='word_1_471' title='bbox 1096 4454 1173 4529; x_wconf 89' lang='lat' dir='ltr'>Gll,</span> <span class='ocrx_word' id='word_1_472' title='bbox 1207 4467 1350 4535; x_wconf 88' lang='lat' dir='ltr'>tanquam</span> <span class='ocrx_word' id='word_1_473' title='bbox 1384 4457 1509 4534; x_wconf 85' lang='lat' dir='ltr'>planeta</span> <span class='ocrx_word' id='word_1_474' title='bbox 1543 4452 1604 4515; x_wconf 86' lang='lat' dir='ltr'>illic</span> 
     </span>
     <span class='ocr_line' id='line_1_50' title="bbox 244 4540 1605 4624; baseline 0 -22"><span class='ocrx_word' id='word_1_475' title='bbox 244 4550 328 4603; x_wconf 84' lang='lat' dir='ltr'>esset</span> <span class='ocrx_word' id='word_1_476' title='bbox 352 4541 381 4602; x_wconf 92' lang='lat' dir='ltr'>in</span> <span class='ocrx_word' id='word_1_477' title='bbox 405 4542 463 4614; x_wconf 89' lang='lat' dir='ltr'>lK,</span> <span class='ocrx_word' id='word_1_478' title='bbox 490 4541 538 4603; x_wconf 89' lang='lat' dir='ltr'>hic</span> <span class='ocrx_word' id='word_1_479' title='bbox 563 4542 591 4602; x_wconf 91' lang='lat' dir='ltr'>in</span> <span class='ocrx_word' id='word_1_480' title='bbox 616 4542 686 4604; x_wconf 63' lang='grc' dir='ltr'>ΒΜ.</span> <span class='ocrx_word' id='word_1_481' title='bbox 734 4544 896 4624; x_wconf 72' lang='lat' dir='ltr'>Utriusque</span> <span class='ocrx_word' id='word_1_482' title='bbox 926 4554 1039 4620; x_wconf 90' lang='lat' dir='ltr'>autern,</span> <span class='ocrx_word' id='word_1_483' title='bbox 1072 4546 1229 4607; x_wconf 88' lang='lat' dir='ltr'>tarditatis</span> <span class='ocrx_word' id='word_1_484' title='bbox 1261 4544 1341 4606; x_wconf 87' lang='lat' dir='ltr'>illius</span> <span class='ocrx_word' id='word_1_485' title='bbox 1372 4553 1405 4605; x_wconf 88' lang='lat' dir='ltr'>et</span> <span class='ocrx_word' id='word_1_486' title='bbox 1431 4540 1605 4606; x_wconf 76' lang='lat' dir='ltr'>velocitatis</span> 
     </span>
     <span class='ocr_line' id='line_1_51' title="bbox 245 4631 1602 4715; baseline -0.001 -23"><span class='ocrx_word' id='word_1_487' title='bbox 245 4631 332 4708; x_wconf 88' lang='lat' dir='ltr'>hujus</span> <span class='ocrx_word' id='word_1_488' title='bbox 367 4631 529 4693; x_wconf 87' lang='lat' dir='ltr'>communis</span> <span class='ocrx_word' id='word_1_489' title='bbox 563 4649 702 4693; x_wconf 84' lang='lat' dir='ltr'>mensura</span> <span class='ocrx_word' id='word_1_490' title='bbox 735 4633 883 4694; x_wconf 87' lang='lat' dir='ltr'>invenitur</span> <span class='ocrx_word' id='word_1_491' title='bbox 916 4635 944 4696; x_wconf 91' lang='lat' dir='ltr'>in</span> <span class='ocrx_word' id='word_1_492' title='bbox 975 4635 1013 4696; x_wconf 89' lang='lat' dir='ltr'>D.</span> <span class='ocrx_word' id='word_1_493' title='bbox 1063 4637 1166 4715; x_wconf 88' lang='lat' dir='ltr'>ltaque</span> <span class='ocrx_word' id='word_1_494' title='bbox 1198 4635 1321 4713; x_wconf 88' lang='lat' dir='ltr'>planeta</span> <span class='ocrx_word' id='word_1_495' title='bbox 1349 4633 1378 4694; x_wconf 93' lang='lat' dir='ltr'>in</span> <span class='ocrx_word' id='word_1_496' title='bbox 1407 4631 1522 4694; x_wconf 85' lang='lat' dir='ltr'><strong>EFGH</strong></span> <span class='ocrx_word' id='word_1_497' title='bbox 1552 4632 1602 4693; x_wconf 83' lang='lat' dir='ltr'>ria</span> 
     </span>
     <span class='ocr_line' id='line_1_52' title="bbox 243 4720 1604 4801; baseline 0.001 -21"><span class='ocrx_word' id='word_1_498' title='bbox 243 4720 439 4799; x_wconf 84' lang='lat' dir='ltr'>progrediens</span> <span class='ocrx_word' id='word_1_499' title='bbox 467 4720 573 4781; x_wconf 89' lang='lat' dir='ltr'>tardus</span> <span class='ocrx_word' id='word_1_500' title='bbox 602 4722 747 4800; x_wconf 85' lang='lat' dir='ltr'>veloxque</span> <span class='ocrx_word' id='word_1_501' title='bbox 779 4741 833 4783; x_wconf 88' lang='lat' dir='ltr'>nec</span> <span class='ocrx_word' id='word_1_502' title='bbox 865 4742 921 4785; x_wconf 91' lang='lat' dir='ltr'>non</span> <span class='ocrx_word' id='word_1_503' title='bbox 951 4723 1109 4785; x_wconf 85' lang='lat' dir='ltr'>mediocris</span> <span class='ocrx_word' id='word_1_504' title='bbox 1133 4725 1214 4786; x_wconf 87' lang='lat' dir='ltr'>eirca</span> <span class='ocrx_word' id='word_1_505' title='bbox 1237 4724 1265 4785; x_wconf 85' lang='lat' dir='ltr'>R</span> <span class='ocrx_word' id='word_1_506' title='bbox 1288 4734 1319 4782; x_wconf 87' lang='lat' dir='ltr'>et</span> <span class='ocrx_word' id='word_1_507' title='bbox 1344 4721 1367 4784; x_wconf 89' lang='lat' dir='ltr'>S</span> <span class='ocrx_word' id='word_1_508' title='bbox 1395 4723 1446 4790; x_wconf 86' lang='lat' dir='ltr'>tir,</span> <span class='ocrx_word' id='word_1_509' title='bbox 1479 4721 1604 4801; x_wconf 86' lang='lat' dir='ltr'>perinde</span> 
     </span>
    </p>
   </div>
   <div class='ocr_carea' id='block_1_7' title="bbox 245 4808 1602 4893">
    <p class='ocr_par' dir='ltr' id='par_1_12' title="bbox 245 4808 1602 4893">
     <span class='ocr_line' id='line_1_53' title="bbox 245 4808 1602 4893; baseline 0.002 -23"><span class='ocrx_word' id='word_1_510' title='bbox 245 4816 388 4889; x_wconf 82' lang='lat' dir='ltr'>tanquam</span> <span class='ocrx_word' id='word_1_511' title='bbox 413 4808 442 4868; x_wconf 89' lang='lat' dir='ltr'>in</span> <span class='ocrx_word' id='word_1_512' title='bbox 470 4809 592 4876; x_wconf 81' lang='lat' dir='ltr'>lKLM.</span> <span class='ocrx_word' id='word_1_513' title='bbox 623 4829 714 4890; x_wconf 89' lang='lat' dir='ltr'>snper</span> <span class='ocrx_word' id='word_1_514' title='bbox 737 4810 765 4873; x_wconf 93' lang='lat' dir='ltr'>D</span> <span class='ocrx_word' id='word_1_515' title='bbox 793 4820 927 4875; x_wconf 88' lang='lat' dir='ltr'>centrum</span> <span class='ocrx_word' id='word_1_516' title='bbox 955 4812 1123 4893; x_wconf 84' lang='lat' dir='ltr'>aequaliter</span> <span class='ocrx_word' id='word_1_517' title='bbox 1151 4813 1219 4876; x_wconf 81' lang='lat' dir='ltr'>iret.</span> <span class='ocrx_word' id='word_1_518' title='bbox 1265 4813 1336 4875; x_wconf 89' lang='lat' dir='ltr'>Jam</span> <span class='ocrx_word' id='word_1_519' title='bbox 1363 4811 1432 4874; x_wconf 87' lang='lat' dir='ltr'>vids</span> <span class='ocrx_word' id='word_1_520' title='bbox 1460 4811 1602 4881; x_wconf 79' lang='lat' dir='ltr'>artifices,</span> 
     </span>
    </p>
   </div>
   <div class='ocr_carea' id='block_1_8' title="bbox 0 0 1731 5542">
    <p class='ocr_par' dir='ltr' id='par_1_13' title="bbox 0 0 1731 5542">
     <span class='ocr_line' id='line_1_54' title="bbox 0 0 1731 5542; baseline 0 0"><span class='ocrx_word' id='word_1_521' title='bbox 0 0 1731 5542; x_wconf 95' lang='lat' dir='ltr'> </span> 
     </span>
    </p>
   </div>
  </div>
 </body>
</html>
