3428 5542
637 342 925 408 mmmm
1399 342 1462 412 me

99 500 330 565 restaurationis
362 499 567 564 astronomiae
593 502 749 582 (coeptam
780 523 800 564 a
827 501 969 584 Tycbooe
991 502 1092 565 Brabe
1122 502 1320 567 enobilitate
1342 504 1465 571 Dacica

99 590 341 654 celebratissimo
365 591 554 663 astronomo)
588 591 685 653 facem
708 610 768 654 ιιοιι
792 610 879 653 unam
907 591 1133 673 praetulerunt:
1166 592 1294 672 denique
1318 593 1464 674 quidquid

100 681 161 742 fere
195 680 338 742 librorum
370 679 639 742 astronomicarum
660 699 709 745 ex
737 681 788 742 illo
821 688 957 761 tempore
986 681 1081 756 edidi,
1104 681 1136 743 id
1164 683 1203 744 ad
1225 700 1318 745 uuum
1339 682 1464 764 aliquod

97 769 327 850 praecipuorum
362 769 495 850 capitum
534 769 591 830 hoc
630 768 740 830 libello·
759 769 980 850 propositorum
1019 770 1124 832 referri
1151 771 1264 850 potuit,
1297 770 1382 849 cujus
1407 781 1463 839 aut

99 858 331 921 illustrationem
355 865 409 920 cut
431 857 664 938 integrationem
686 859 873 933 contineret;
898 878 956 921 non
979 859 1116 939 equidem
1139 878 1241 922 amore
1259 877 1393 923 menum
1410 860 1463 925 iue.

99 947 281 1019 ventionum,
305 947 387 1015 absit
408 947 517 1010 iterum
540 948 614 1008 haec
637 947 769 1021 insania,
795 948 848 1010 sed
872 947 942 1028 qnia
965 949 1054 1011 rebus
1078 948 1153 1028 ipsis
1176 956 1208 1010 et
1236 947 1461 1016 observationis·

97 1038 153 1098 bus
177 1036 328 1118 'l'ychonis
351 1037 464 1098 Brabei
486 1037 543 1099 lide
568 1034 649 1098 omui
672 1036 855 1117 dignissimis
878 1037 1003 1099 edoctus
1020 1036 1074 1107 fui,
1090 1038 1203 1099 unllam
1222 1037 1313 1100 aliam
1332 1037 1461 1101 inveniri

97 1144 187 1207 posse
213 1126 293 1186 viam
316 1125 355 1187 ad
379 1125 592 1205 perfectionem
616 1125 819 1188 astronomiae
843 1126 1110 1206 certitudinemque
1135 1125 1252 1199 calculi,
1276 1126 1393 1191 unllam
1420 1127 1459 1189 ad

98 1214 341 1277 constituendam
364 1213 521 1277 scientiam
544 1215 631 1295 hujus
655 1234 709 1276 seu
721 1214 820 1295 partis
835 1216 1061 1297 metaphysicae
1077 1217 1114 1277 de
1128 1216 1223 1289 coelo,
1243 1232 1296 1277 ssu
1314 1215 1461 1298 physicae

98 1303 250 1377 coelestis,
271 1322 360 1384 qnam
384 1322 460 1384 quae
483 1303 540 1365 hoc
565 1303 666 1367 libello
690 1305 738 1366 vel
761 1323 905 1385 expresse
928 1304 1128 1384 praescripta,
1152 1305 1201 1366 vel
1220 1302 1334 1366 timidis
1350 1305 1461 1371 saltem

98 1393 288 1474 opinionibus
312 1402 344 1453 et
367 1392 432 1455 rudi
455 1392 594 1454 Minerva
618 1393 797 1455 adumbrata
819 1403 912 1455 esset.
960 1394 1069 1455 Testes
1093 1394 1168 1457 sisto
1192 1393 1254 1455 illic
1269 1390 1457 1457 Commen-

98 1481 197 1544 taria
219 1481 355 1544 Martis
378 1502 407 1542 a.
435 1477 520 1545 1609
543 1482 636 1554 edita,
660 1501 794 1563 quaeque
818 1483 915 1544 adhuc
939 1482 1017 1545 demi
1040 1501 1144 1563 premo
1168 1480 1460 1546 Commentario

98 1573 141 1633 de
175 1570 331 1632 motibus
363 1578 569 1633 ceterorum
596 1572 845 1651 planetarum,
879 1571 926 1634 hic
957 1591 1028 1633 vero
1061 1571 1300 1635 Harmouices
1334 1571 1459 1637 Mundi

96 1661 191 1722 libros
214 1661 254 1733 V,
279 1681 308 1721 a.
337 1656 421 1723 1619
446 1659 600 1739 vulgatos,
638 1668 671 1722 et
696 1659 891 1740 Epitomes
913 1661 1176 1723 Astronomiae
1205 1660 1312 1722 libmm
1340 1661 1455 1734 lV,a.

100 1744 185 1812 1620
208 1749 397 1811 absolutum:
422 1757 520 1810 testes
544 1756 592 1811 tot
613 1768 735 1810 numero
759 1749 903 1824 lectores,
927 1751 996 1830 qui,
1021 1769 1058 1810 ex
1083 1769 1140 1829 quo
1164 1748 1247 1810 nacti
1271 1756 1341 1811 sunt
1361 1767 1458 1829 opera

96 1840 189 1911 dicta,
209 1838 275 1917 jam
298 1839 336 1899 ab
361 1838 446 1900 annis
470 1838 546 1899 bene
569 1837 672 1900 multis
696 1839 880 1918 exemplaria
903 1839 1044 1919 flagitant
1064 1840 1174 1900 dudum
1198 1837 1347 1901 distracta
1367 1838 1458 1919 hujus.

95 1927 183 2007 primi
208 1928 265 1989 mei
290 1927 401 2001 libelli,
427 1934 461 1988 ut
485 1947 521 1988 ex
545 1946 602 2007 quo
626 1935 689 1988 tam
712 1927 807 1988 multa
829 1928 933 1989 vident
956 1928 1094 1990 derivata
1116 1928 1315 1989 theoremata.

185 2015 261 2078 Cum
284 2016 376 2095 igitur
398 2017 547 2078 instarent
571 2017 668 2090 amici,
693 2035 751 2077 non
774 2016 887 2079 librarii
910 2025 1037 2091 tantum,
1063 2017 1226 2079 sedetiam
1246 2016 1456 2097 philosophiae

94 2106 203 2186 periti,
228 2114 260 2167 ut
283 2106 444 2168 secundam
467 2104 630 2167 editionem
653 2106 850 2168 adomarem:
883 2107 974 2169 cilicii
1001 2107 1120 2187 quidem
1153 2106 1212 2168 mei
1239 2105 1359 2184 putavi,
1395 2123 1456 2167 neu

95 2194 207 2257 diutius
222 2214 405 2274 repugnare;
431 2195 466 2255 de
492 2195 580 2256 medo
604 2202 703 2256 tanmn
729 2195 869 2256 editionis
893 2197 1110 2276 aliquantulum
1133 2195 1311 2257 contradixi.
1359 2195 1458 2257 Erant

95 2285 173 2344 euim
211 2285 259 2363 qui
301 2284 505 2355 consulerent,
544 2284 676 2345 libellum
701 2285 905 2358 emendarem,
932 2304 1089 2363 augerem,
1118 2285 1310 2364 perlicerem;
1343 2302 1455 2345 morem

95 2373 212 2434 scilicet
235 2381 400 2433 ceterorum
433 2382 586 2446 autorum,
616 2392 703 2453 quem
732 2382 837 2435 tenent
865 2374 894 2434 in
925 2373 1097 2434 excolendis
1126 2373 1211 2435 libris
1243 2372 1390 2452 propriis,
1422 2379 1456 2433 et

94 2464 160 2541 ipse
183 2463 384 2523 observarem.
427 2462 501 2523 Milri
526 2469 632 2523 contra
655 2461 698 2522 sic
725 2464 840 2535 visum,
878 2482 933 2523 nec
965 2461 1066 2540 perfici
1096 2462 1229 2523 libellum
1256 2480 1365 2540 posse,
1395 2460 1453 2522 nisi

95 2551 285 2629 transcriptis
308 2550 338 2611 in
362 2550 443 2611 illum
467 2551 617 2631 plerisque
641 2568 775 2612 meorum
798 2570 929 2631 cpemrn,
955 2569 1031 2630 quae
1055 2551 1178 2629 perbos
1193 2547 1235 2612 25
1251 2569 1346 2611 annos
1361 2548 1452 2622 edidi,

93 2660 170 2720 pene
194 2640 328 2718 integris,
353 2659 407 2700 nec
432 2641 487 2700 hcc
506 2641 571 2719 jam
595 2649 712 2718 tempus
736 2640 863 2720 amplius
888 2659 965 2714 esse,
991 2640 1098 2700 librum
1121 2640 1251 2717 aliquem
1273 2639 1329 2699 hcc
1352 2638 1452 2711 titulo,

92 2739 165 2809 pest
187 2730 285 2789 editos
304 2728 390 2801 alios,
406 2730 498 2790 veluti
522 2730 559 2790 de
583 2746 659 2789 novo
678 2729 864 2806 publicandi3
889 2728 1015 2808 denique
1039 2728 1171 2789 libellum
1194 2729 1305 2807 ipsum,
1329 2736 1457 2806 propter·

93 2837 267 2879 successum
282 2817 504 2886 admirabilem,
524 2837 578 2898 pro
593 2836 659 2879 meo
674 2837 732 2878 non
756 2819 964 2897 reputandum,
985 2837 1073 2897 quem
1087 2817 1235 2878 arbitratu
1256 2835 1321 2878 mec
1340 2823 1452 2879 mutem

93 2925 268 2986 augeamve,
289 2906 358 2987 quin
373 2907 474 2986 potius
489 2907 636 2969 interesse
652 2907 783 2979 lectoris,
799 2916 834 2969 ut
847 2907 1007 2985 intelligat,
1024 2906 1165 2987 aquibus
1184 2906 1286 2976 initiis,
1298 2924 1452 2986 quousque

92 2996 256 3075 perductae
280 3016 299 3055 a
322 3015 368 3055 me
393 2996 502 3058 suerint
521 2996 790 3077 contemplationes
806 2998 985 3060 mundanae.
1011 2994 1216 3056 Vincentibus
1231 3013 1303 3075 erge
1323 2993 1453 3056 rationi·

93 3086 149 3146 bus
173 3084 241 3144 istis
265 3085 390 3146 ferinam
413 3085 554 3146 editionis
577 3087 670 3147 talem
688 3087 776 3164 elegi,
801 3105 876 3166 quae
901 3086 980 3148 solet
1002 3085 1156 3147 observari
1181 3086 1210 3146 iu
1235 3083 1320 3146 libris
1344 3083 1454 3146 alienis

93 3173 279 3246 recudendis,
304 3173 354 3234 ubi
378 3173 449 3234 nihil
473 3182 636 3248 mutamns;
662 3194 738 3255 quae
761 3194 832 3236 vero
857 3177 923 3236 loca
947 3174 1156 3236 emendatione
1180 3181 1288 3253 egent,
1321 3181 1373 3236 aut
1396 3190 1455 3234 ex-

92 3261 254 3341 plicatione
278 3269 332 3322 aut
354 3263 572 3340 integratione,
598 3283 635 3326 ea
659 3264 882 3325 commentariis
906 3264 1083 3343 adjuvamus
1108 3263 1258 3326 differenti
1281 3272 1353 3344 type
1377 3281 1451 3323 exa-

93 3352 179 3412 ratis.
226 3350 360 3412 Servivit
382 3352 457 3413 haec
480 3351 577 3413 torma
604 3361 636 3414 et
658 3353 795 3432 religioni
818 3362 850 3415 et
872 3354 1033 3427 brevitati,
1067 3361 1101 3415 ut
1133 3372 1249 3414 errores
1274 3351 1393 3430 quidem
1416 3351 1455 3413 de

93 3440 202 3501 mentis
226 3458 311 3501 meae
334 3441 466 3502 tenebris
490 3449 572 3503 ortos
605 3442 863 3523 interspersosque
896 3443 1040 3504 materiae
1070 3443 1106 3503 de
1134 3442 1275 3521 operibus
1296 3439 1356 3503 Dei
1380 3457 1455 3518 per-2

93 3529 268 3590 festissimis
292 3529 358 3608 ipse
380 3549 572 3609 coarguerem
595 3531 723 3611 ingenue
739 3550 1017 3612 expungeremque:
1043 3550 1119 3610 quae
1139 3549 1210 3591 vero
1226 3528 1328 3606 capita
1346 3527 1453 3595 libelli,

92 3618 158 3679 acie
181 3620 290 3680 mentis
313 3618 469 3693 irretorta,
504 3619 532 3679 in
567 3621 664 3682 lumen
697 3620 770 3684 illud
802 3639 924 3699 operum
955 3619 1121 3681 diviucmm
1149 3616 1298 3679 ineffabile
1327 3615 1453 3690 directa,

93 3709 175 3769 clare
199 3707 418 3788 percepissem,
449 3718 502 3769 aut
533 3709 583 3770 ubi
616 3711 697 3771 viam
726 3711 845 3789 quidem
873 3716 988 3770 rectam
1011 3708 1179 3787 ingressus,
1206 3705 1327 3767 nimium
1351 3712 1454 3766 tamm

93 3815 220 3876 propere
244 3797 465 3872 substitissem,
489 3818 527 3858 ea
549 3817 755 3868 secernerem,
790 3806 822 3861 et
851 3797 958 3877 quibus
981 3797 1050 3858 aliis
1073 3814 1196 3876 eperum
1219 3813 1355 3856 macrum
1377 3792 1455 3859 lecit

92 3887 129 3945 al
156 3905 278 3988 scopum
302 3886 425 3947 tandem
447 3887 644 3966 pervenerim,
670 3887 775 3950 lectori
800 3887 1008 3967 significarem.
1036 3917 1076 3929 -

181 3975 240 4037 Ut
238 3974 339 4054 igitur
362 3974 524 4037 libellum'
517 3995 545 4035 m
570 3977 627 4037 hac
651 3978 749 4039 altera
772 3977 921 4049 editione,
954 3976 1045 4037 etiam
1074 3972 1210 4054 quoad
1202 3992 1302 4052 ipsam
1325 3926 1450 4036 dedica·

94 4064 215 4138 tionem,
241 4065 437 4144 relinquerem
459 4065 615 4140 intactum,
641 4067 703 4127 ut
695 4085 793 4146 ipsum
817 4066 909 4128 etiam
931 4064 1112 4126 vestibulum
1135 4063 1336 4165 responderet
1357 4080 1452 4142 opus-e

93 4154 160 4214 culo
184 4152 317 4232 reliquo,
341 4152 466 4227 videtis,
491 4153 615 4233 opinor,
641 4157 786 4217 Prooeres
810 4153 1070 4226 reverendissimi,
1095 4151 1338 4231 generosissimi,
1364 4150 1454 4213 alitae

93 4242 163 4302 milri
188 4261 246 4302 uon
272 4241 439 4305 faciendum
465 4243 575 4317 luisse,
600 4245 670 4324 quin
694 4245 786 4306 etiam
809 4245 886 4314 hanc
910 4243 1072 4305 editionem
1100 4242 1138 4304 ad
1160 4241 1275 4327 primes
1295 4247 1454 4321 patronos,

94 4350 168 4411 ques
191 4331 221 4392 in
237 4330 404 4411 praemissa
418 4331 606 4393 dedicatione
621 4352 687 4395 sum
710 4334 867 4407 allocutos,
894 4340 956 4406 aut,
981 4331 1007 4392 si
1026 4332 1075 4411 qui
1090 4350 1128 4392 ex
1143 4331 1198 4392 boc
1214 4338 1348 4408 tempore
1362 4327 1455 4389 rebus

93 4419 231 4481 hamanis
256 4418 366 4480 exemti
389 4431 468 4495 suut,
493 4422 532 4482 ad
546 4440 649 4483 eorum
670 4423 746 4484 tilios
770 4430 824 4483 aut
847 4438 1037 4482 successores
1061 4423 1201 4500 (quorum
1224 4417 1382 4479 nonnullos
1403 4416 1453 4478 in·-

94 4519 180 4569 terea
201 4509 362 4571 Terrarum
384 4510 466 4572 erbis
490 4511 683 4584 Monarchae,
705 4512 849 4579 virtutem
864 4510 1056 4585 remunerati,
1075 4509 1114 4571 ad
1134 4525 1280 4570 summum
1296 4504 1454 4586 diguitatis

93 4599 209 4660 culmen
234 4602 411 4671 evexerunt)
437 4599 561 4679 denique
585 4601 625 4662 ad
643 4601 699 4662 hoc
714 4601 792 4663 idem
807 4618 916 4678 corpus
935 4599 1158 4663 communitatis
1173 4595 1452 4669 honoratissimum,

93 4687 178 4766 cujus
211 4686 369 4765 stipendiis
403 4688 542 4749 suffultus
572 4687 644 4752 clim
677 4690 809 4753 libellum
843 4687 1026 4767 conscripsi,
1065 4707 1144 4755 nova
1177 4684 1368 4748 dedicatione
1400 4703 1453 4747 re-

93 4776 255 4839 mitterem.

181 4864 249 4929 Nec
281 4864 360 4929 levia
392 4864 460 4928 milri
494 4864 552 4929 hoc
584 4865 711 4947 agitami
739 4864 880 4947 praebuit
911 4865 1106 4928 incitamenta
1133 4862 1202 4927 iude
1232 4860 1356 4946 Styriae
1385 4881 1453 4926 me·
