3428 5542
685 318 768 372 Notas
787 320 902 370 4411444.
1410 322 1475 391 485

117 490 215 540 qnoque
233 483 344 527 nostram
361 474 429 526 launo
446 477 582 527 theoricam
606 478 784 541 improbaturus
803 479 921 541 despero,
948 492 1004 528 cum
1022 479 1140 538 viderint,
1168 479 1308 543 hujusmodl
1330 480 1477 544 hypothesin

117 548 168 595 suia
186 562 345 612 nequaquam
363 548 573 597 observationibus
592 563 738 612 repugnare.

189 617 217 666 In
236 618 296 667 libro
315 621 368 682 ipso
387 618 592 681 deprehendimus
611 619 724 668 undecim
743 620 870 683 sphaeras,
891 634 992 683 4444444
1012 620 1104 669 extima
1118 620 1239 684 ,reliquas
1257 635 1304 670 sua
1318 624 1474 672 concavitate

117 688 288 751 complectitur
306 695 332 738 et
349 703 433 739 secum
451 703 498 738 sua
515 689 646 738 velocitate
665 691 754 752 rapit.“
794 689 916 747 ,Decima
923 691 1066 739 immediate
1085 690 1130 739 sub
1142 693 1221 754 priore
1239 693 1364 746 statuitur,
1383 694 1409 741 14
1427 706 1476 756 qua

117 761 193 807 etiam
211 757 377 824 imaginamur
396 760 548 822 eclipticam,
576 763 644 822 cujus
662 761 712 823 poli
735 768 829 809 motum
848 762 954 809 subeunt
977 761 1138 810 librationis.“
1175 761 1223 811 Hie
1241 771 1323 811 motus
1350 763 1476 826 perficitur

116 825 133 874 4
152 829 257 878 41444414
276 832 344 880 41444
360 838 491 893 utrumque
509 831 604 892 polum,
628 846 730 895 quorum
748 839 829 880 motus
847 832 955 894 pluribus
974 833 1117 895 explicatur.
1154 832 1229 882 Nona
1246 833 1353 896 sphaera
1370 834 1476 883 alterum

117 899 255 949 librationis
274 908 367 949 motum
386 903 412 949 in
430 900 514 949 mundi
532 901 614 950 latera
631 901 743 964 sphaeris
760 904 827 951 intra
846 916 901 950 eam
920 904 1041 951 contentis
1061 904 1235 961 communicat,
1255 905 1315 952 item
1328 918 1373 966 ope
1392 901 1408 951 4
1427 907 1473 953 cir·

116 970 240 1019 collorum.
278 969 391 1021 Octarse
409 971 530 1034 sphaerae
548 972 633 1021 stellas
651 972 713 1021 fixas
731 973 758 1021 in
776 974 977 1035 consequentiam
1002 974 1094 1036 proiert
1113 981 1200 1023 contra
1217 981 1310 1023 motum
1328 976 1475 1025 undecimas

116 1044 217 1105 ejusque
245 1043 353 1091 41444444
379 1057 396 1091 4
412 1043 531 1105 prioribus
558 1042 668 1105 sphaeris
685 1051 766 1092 motus
794 1043 876 1092 salvat
902 1044 1058 1108 inaequalem
1085 1043 1189 1093 fixarum
1208 1051 1310 1094 motum.
1348 1044 1475 1109 Sphaerae

115 1114 268 1174 superiorum
286 1113 452 1176 planetarum,
471 1112 633 1162 homocentra
651 1113 762 1176 sphaeris
781 1115 899 1177 prioribus
918 1116 986 1164 circa
1003 1115 1088 1163 mundi
1102 1121 1213 1164 centrum
1232 1116 1319 1164 diurno
1337 1124 1475 1167 motatum

114 1184 191 1246 primo
212 1183 280 1232 coelo
300 1184 534 1241 circumvolvuntur,
555 1185 695 1234 dividuntur
713 1193 797 1234 autem
815 1185 928 1249 singulae
946 1186 972 1234 in
991 1182 1007 1232 4
1025 1186 1188 1248 particulares
1206 1187 1277 1236 orbes
1297 1188 1473 1245 ,eccentricoa

115 1254 356 1318 eccentrepicyclos,
386 1255 551 1303 deferentcs“.
582 1254 694 1318 Sphaera
714 1253 745 1315 Θ
767 1271 797 1305 44
815 1256 831 1303 4
851 1262 951 1304 4444141
969 1257 1066 1304 4441444
1091 1256 1116 1304 14
1135 1256 1263 1319 superficie
1282 1257 1412 1321 eclipticae
1431 1258 1474 1307 de-

113 1325 219 1386 scriptis,
239 1339 340 1388 quonum
360 1326 463 1374 extremi
482 1324 530 1374 duo
549 1333 607 1373 sunt
626 1327 758 1376 eccentriei
779 1326 931 1384 ,secundum
954 1327 1011 1389 quid
1033 1341 1077 1375 seu
1101 1340 1131 1375 ex
1153 1327 1240 1390 parte¹⁶
1260 1324 1323 1385 dtu,
1349 1328 1374 1376 hi
1392 1329 1475 1378 vocarl

112 1401 216 1457 possunt
234 1395 373 1444 deferentes
391 1409 529 1460 apogaeum
548 1411 639 1453 verum,
660 1397 799 1446 deferentes
818 1398 924 1459 corporis
939 1396 1039 1454 Solaria,
1060 1398 1129 1446 orbes
1143 1398 1284 1448 anomaliae
1297 1401 1411 1464 apogaei,
1432 1413 1473 1450 44·

113 1467 275 1514 cantricitatis
295 1465 373 1514 Solis⁸⁴
394 1463 440 1514 dte.

184 1536 341 1585 inferioribus
359 1537 466 1600 planetis
486 1538 570 1585 tribuit
582 1536 700 1600 Maginus
720 1536 735 1584 4
755 1544 781 1586 41
800 1536 825 1594 5,
846 1538 933 1586 Lunae
952 1552 1008 1586 vero
1025 1534 1125 1586 644444
1144 1541 1295 1588 eccentricos
1313 1547 1339 1589 et
1352 1540 1474 1604 epicyclos

112 1609 150 1655 its
167 1607 273 1656 invicem
284 1607 434 1664 infibulatos,
448 1614 490 1666 ut,
510 1608 575 1656 sicut
594 1609 618 1656 in
637 1609 766 1671 prioribus,
786 1608 898 1657 soliditas
917 1608 1076 1672 sphaerarum
1089 1610 1139 1660 iere
1152 1611 1293 1660 necessario
1305 1611 1339 1660 sd
1350 1613 1472 1663 44411444·

112 1676 171 1726 dam
188 1677 254 1727 banc
273 1679 447 1742 complicatam
466 1678 554 1727 molem
574 1679 724 1728 arcessenda
741 1680 781 1727 sit

183 1815 212 1878 8)
231 1834 255 1882 p.
270 1816 329 1866 240.
355 1817 459 1882 8444141
471 1817 508 1866 his
522 1818 647 1881 chlerus
666 1819 750 1869 literas
763 1819 916 1870 Rothmanni
935 1819 959 1869 d.
974 1819 1091 1872 cassellis
1109 1822 1133 1871 4.
1155 1820 1195 1871 11.
1211 1819 1356 1880 0411887,
1376 1823 1402 1872 in
1420 1823 1473 1889 qul-

110 1889 156 1937 bus
174 1889 215 1939 iile
234 1890 264 1939 de
283 1890 369 1939 studiis
388 1890 438 1938 suis
457 1888 520 1939 haec
539 1889 625 1938 refert:

184 1993 324 2057 conscripsi
341 1993 493 2058 Vitebergae
513 1992 630 2058 Orgsnon
649 1993 856 2045 Mathematicum
885 1995 951 2059 quod
969 1997 1081 2046 continet
1102 1995 1255 2061 Logisticam
1274 1999 1473 2063 sexagenariam,

112 2065 258 2115 Doctrinam
279 2065 381 2114 Sinuum
400 2063 446 2113 ao.
484 2063 622 2128 conscripsi
640 2065 731 2115 ibidem
750 2067 826 2115 etiam
846 2067 1042 2123 astronomiam,
1070 2069 1094 2116 in
1113 2081 1163 2130 444
1179 2067 1327 2130 hypotheses
1346 2069 1474 2132 Ceperuici

111 2136 210 2185 traduxi
229 2136 262 2185 ad
280 2136 443 2184 mobilitatem
462 2135 525 2185 Solis
545 2133 623 2199 (quod
641 2136 695 2184 fieri
713 2151 784 2200 posse
804 2152 853 2186 non
871 2134 983 2202 ignoras)
1002 2138 1147 2202 singulaque
1160 2137 1326 2188 theoricarum
1343 2140 1474 2191 schemata

112 2207 207 2255 calculo
217 2207 349 2256 Pruteuico
368 2207 500 2255 declaravi.
539 2206 631 2255 Verum
649 2221 706 2256 cum
718 2222 762 2271 per
774 2207 957 2256 observationes
976 2208 1119 2264 lnvenerim,
1131 2208 1230 2258 tabulas
1243 2209 1389 2260 Prutenicas
1401 2210 1484 2261 valde⁴

111 2279 243 2344 insigniter
261 2291 277 2326 4
295 2279 402 2326 44411414
422 2277 483 2325 44411
503 2277 603 2334 abesse,
623 2278 816 2339 publicationem
835 2282 889 2341 ejus
907 2278 1033 2341 hucusque
1052 2279 1149 2339 distuli,
1169 2294 1201 2328 44
1219 2281 1333 2330 vitiosum
1351 2281 1473 2330 calculum
1513 2294 1516 2300 '

111 2363 154 2412 pro
173 2363 229 2398 sero
248 2348 399 2397 discentibus
418 2349 512 2397 viderer
530 2349 710 2397 commendare.
747 2347 812 2397 Mira
830 2349 951 2398 brevitate
974 2363 1018 2411 per
1037 2350 1106 2413 leges
1123 2349 1218 2414 logicas
1243 2351 1357 2400 dissectis
1374 2350 1472 2402 hetero-

111 2421 198 2484 geueis
216 2420 294 2468 multo
312 2419 384 2483 plura
399 2420 425 2468 in
444 2432 500 2468 eam
514 2420 616 2480 conjeci,
637 2433 711 2481 quam
730 2421 859 2468 continent
877 2419 991 2484 vulgares
1004 2420 1126 2482 sphaerici
1145 2427 1170 2469 et
1188 2420 1291 2471 theorici
1308 2422 1391 2471 libelli.
1422 2422 1472 2472 lm-

110 2491 195 2553 pulsus
218 2504 272 2540 sum
296 2490 328 2539 ad
348 2504 404 2539 eam
422 2491 578 2539 acerbissimo
598 2489 696 2546 dolore,
720 2490 786 2552 quod
808 2491 915 2540 riderem
938 2491 965 2539 14
984 2491 1119 2540 academiis
1143 2490 1203 2540 nihil
1228 2493 1279 2541 lere
1302 2493 1400 2542 dehac
1419 2500 1473 2543 arta
1578 2546 1582 2554 ,

110 2562 230 2626 intelligi3
256 2561 378 2610 calculum
398 2561 496 2624 quidem
515 2560 674 2609 Protenicum
692 2561 717 2609 in
736 2562 844 2609 omnium
863 2576 917 2610 esse
936 2561 1065 2618 manibus,
1091 2568 1119 2610 at
1136 2568 1234 2611 tautum
1252 2577 1322 2612 meru
1339 2563 1473 2615 Pruteuica

112 2640 248 2695 praecepta
266 2633 369 2681 tractari
387 2645 434 2681 nec
453 2632 564 2686 inveniri,
583 2633 624 2694 qui
642 2630 790 2695 hypotheses
805 2632 1016 2696 eiusintolligant,
1036 2634 1178 2696 nequidem
1192 2635 1318 2690 intereos,
1338 2635 1379 2698 qui
1392 2642 1471 2685 astro·

112 2705 221 2752 nomiam
238 2704 401 2767 profiteantur
419 2717 449 2751 ac
471 2717 498 2750 se
517 2716 624 2750 summos
642 2702 832 2752 mathematicos
850 2710 945 2766 putent.
984 2702 1079 2752 Motum
1102 2705 1279 2766 praecessionis
1303 2706 1471 2768 aequinoctio-

112 2789 165 2822 mm
185 2782 211 2823 et
228 2773 510 2837 mutataeobliquitatis
529 2773 639 2830 zodiaci,
659 2776 729 2835 cujus
746 2773 896 2836 hypotheses
914 2775 1038 2823 nemiuem
1062 2774 1143 2824 adhuc
1162 2775 1209 2823 vidi
1229 2776 1314 2825 dextre
1333 2776 1472 2841 intelligere

111 2860 158 2894 nec
177 2851 203 2894 te
220 2846 311 2894 multos
329 2845 418 2892 vidisse
438 2845 554 2902 arbitror,
580 2858 677 2893 summa
700 2845 821 2894 facilitate
841 2851 866 2894 41
884 2845 1061 2908 perspicuitate
1084 2847 1204 2899 tractavi,
1230 2848 1271 2909 qui
1296 2852 1381 2896 144444
1399 2847 1472 2896 411144

111 2917 258 2965 tractandus
281 2918 335 2977 jam
354 2923 404 2970 est,
432 2929 488 2963 cum
512 2915 599 2964 stellae
625 2929 684 2963 suaa
710 2922 819 2965 mutasse
845 2915 989 2965 latitudines
1007 2917 1171 2965 inveniantur.
1209 2915 1248 2965 De
1272 2917 1357 2967 diebus
1375 2931 1472 2982 quoque

111 2995 164 3036 tam
183 2987 352 3036 artificialibus
370 3000 445 3050 quam
463 2986 617 3035 naturalibus
641 2986 720 3050 deque
737 2988 853 3050 temporis
873 2988 1022 3050 aequatione
1046 3002 1076 3036 ex
1094 2989 1146 3050 ipso
1165 2987 1327 3037 fundamento
1350 3003 1400 3037 non
1417 2987 1470 3038 sul·

110 3059 182 3123 garia
200 3059 322 3122 proposui.
361 3056 438 3106 Orbes
457 3057 515 3118 illos
533 3057 614 3107 reales
636 3064 718 3106 41141
743 3072 801 3107 4444
820 3059 979 3107 obscurantes
1004 3059 1085 3121 potius
1108 3060 1282 3109 astronomiam
1300 3074 1375 3124 quam
1394 3060 1471 3124 expll-

111 3136 198 3179 cantes
223 3144 321 3192 prorsus
349 3129 444 3177 sustuli.
482 3128 510 3175 ln
535 3126 646 3177 theorica
671 3125 703 3188 Θ
730 3122 801 3191 et)
830 3144 906 3178 unam
933 3136 959 3178 et
977 3129 1083 3179 eandem
1109 3130 1254 3179 circulorum
1279 3132 1472 3195 suppositionem

10 3261 13 3264 ⁴
111 3202 223 3260 assumsi,
244 3201 357 3249 nimirum
376 3200 551 3256 eceentricum,
571 3203 640 3261 cujus
659 3205 771 3249 centrum
789 3202 815 3249 in
834 3199 931 3249 circello
955 3214 1030 3264 supra
1048 3206 1159 3250 centrum
1177 3202 1263 3250 mundi
1280 3203 1306 3250 in
1324 3203 1391 3251 linea
1409 3216 1471 3266 apo·

110 3273 169 3335 gaei
186 3271 261 3320 medii
287 3270 429 3334 etquidem
451 3271 477 3318 in
496 3278 581 3319 centro
606 3270 704 3319 mediae
723 3271 915 3321 eccentricitatis
940 3273 1091 3321 consistente
1115 3275 1148 3321 sit
1165 3272 1269 3322 mobile:
1297 3279 1471 3338 praeterquam

110 3343 174 3406 quod
192 3344 218 3391 in
231 3341 288 3391 Sole
307 3341 432 3391 anomalis
449 3342 552 3403 simplex
570 3343 596 3389 in
614 3355 711 3391 summa
728 3342 820 3391 circelli
838 3348 910 3406 parte
928 3342 1041 3404 incipiat,
1061 3344 1086 3392 in
1102 3344 1175 3393 Luna
1187 3358 1243 3392 vero
1262 3344 1367 3408 duplata
1384 3343 1470 3394 48414

110 3413 231 3463 44144114
255 3413 358 3476 incipiat
381 3413 503 3462 contrario
526 3412 598 3462 modo
618 3414 649 3462 44
673 3414 724 3461 ima
748 3413 837 3462 41444111
856 3419 935 3476 parte.
974 3412 1080 3463 Omnino
1106 3428 1177 3477 spero
1203 3414 1327 3464 discentes
1349 3428 1470 3464 summum

109 3485 167 3533 iude
186 3485 292 3534 lructum
311 3498 399 3547 capere
418 3498 498 3546 posse.

181 3555 252 3604 Haec
271 3555 446 3604 Rothmannus
464 3556 489 3603 in
507 3554 583 3604 literis
602 3554 625 3602 d.
647 3549 688 3602 1³.
710 3552 767 3603 Oct.
788 3551 857 3602 1588
875 3553 908 3603 44
921 3554 1064 3617 Tychonem
1084 3555 1149 3604 datis
1167 3555 1202 3603 sic
1222 3555 1354 3617 explanare
1372 3555 1469 3605 studet:

110 3626 172 3674 Cum
192 3627 322 3675 Elementa
340 3640 397 3675 mea
414 3626 587 3674 Astronomica
605 3625 792 3681 conscriberem,
812 3625 909 3673 Lunam
928 3633 954 3674 et
972 3625 1054 3674 Solem
1074 3627 1141 3674 circa
1158 3625 1260 3674 Terram
1278 3627 1468 3687 constituebam,

110 3699 198 3747 sedin
217 3696 581 3760 homocentrepicyclopicyclis,
601 3697 627 3744 in
646 3702 730 3744 centro
749 3710 806 3745 vero
823 3697 923 3757 majoris
942 3703 968 3745 et
985 3697 1055 3759 primi
1074 3696 1178 3759 epicycli
1190 3694 1254 3744 Solis
1271 3711 1366 3745 rursum
1384 3697 1469 3747 homo·

110 3768 399 3832 contrepicyclepicyclos
417 3768 563 3832 reliquorum
582 3767 746 3829 planetarum,
765 3768 802 3816 114
820 3772 848 3814 41
866 3775 978 3815 centrum
995 3766 1233 3816 homocentricorum
1250 3767 1276 3816 14
1294 3767 1393 3831 44114414
1415 3767 1468 3831 pla·
1564 3778 1566 3783 '

109 3841 175 3888 netis
193 3841 258 3889 idern
276 3854 373 3902 semper
391 3846 458 3889 esset
476 3852 531 3886 cum
551 3845 635 3887 444144
654 3839 753 3899 majoris
772 3837 875 3901 epicycli
895 3837 958 3886 Solis
983 3851 1081 3901 unaque
1106 3851 1151 3902 per
1167 3836 1275 3887 medium
1295 3836 1358 3887 Solis
1376 3845 1469 3888 motum

110 3911 136 3959 in
155 3910 337 3960 homocentrieo
357 3910 420 3959 Solis
440 3908 671 3958 circumduceretur.
711 3908 872 3958 84414444
890 3923 954 3958 nova
972 3910 1068 3958 ratione
1087 3909 1223 3965 faciebam,
1251 3909 1296 3959 sed
1313 3923 1411 3971 prorsus
1429 3923 1468 3959 se·

110 3982 218 4030 cundum
238 3982 409 4044 Coperuicum,
427 3996 475 4029 nec
493 3988 521 4028 41
540 3981 675 4028 conversim
694 3995 737 4041 per
755 3981 839 4029 omnia
856 3980 1005 4043 hypotheses
1025 3979 1153 4043 (lopernici
1179 3979 1212 4028 ad
1229 3980 1393 4029 mobilitatem
1405 3981 1469 4030 Solis

108 4054 266 4102 transferrem
286 4053 358 4102 aliter
380 4053 463 4101 iacere
481 4058 606 4114 poteram:
633 4051 793 4114 videbamque
820 4065 876 4100 eam
894 4053 1016 4100 rationem
1046 4058 1072 4099 et
1096 4051 1229 4100 Rheticum
1253 4058 1279 4100 et
1303 4051 1469 4101 Reinholdum

109 4124 258 4174 intellexisse
260 4158 369 4172 ......
396 4124 468 4171 Aliud
487 4124 596 4170 invenire
615 4137 664 4170 uon
682 4137 789 4185 possum,
810 4136 883 4186 quam
897 4123 988 4171 nubam
1007 4129 1105 4185 praeter
1122 4124 1221 4172 unicam
1241 4122 1372 4186 Copemici
1390 4123 1467 4187 hypo·

109 4196 190 4245 thesin
214 4209 298 4245 veram
324 4209 386 4244 esse.
424 4194 478 4242 Nec
500 4199 591 4256 peccat
614 4193 678 4242 haec
697 4199 784 4241 contra
802 4193 905 4256 physica
928 4194 1089 4256 principia..
1105 4229 1127 4249 .,
1155 4208 1202 4242 nec
1226 4194 1309 4242 obstat
1332 4195 1468 4243 auctoritas

108 4280 236 4316 sacrarum
253 4267 387 4315 literarum.
423 4265 480 4313 Nou
499 4275 583 4312 tamen
602 4264 749 4326 hypotheses
763 4263 944 4327 Copemicaeas
964 4264 1113 4314 discentibus
1122 4265 1294 4328 proponendas
1307 4278 1361 4312 esse
1371 4264 1466 4327 judico,

110 4353 167 4387 cum
186 4352 231 4387 eae
249 4339 289 4386 rix
308 4337 340 4386 ab
361 4336 494 4385 artificibus
512 4334 692 4398 percipiantur,
719 4342 747 4383 ut
764 4349 796 4383 ne
816 4335 963 4384 Maestliuus
982 4335 1080 4398 quidem
1099 4343 1192 4384 motum
1210 4335 1347 4384 librationis
1365 4337 1391 4383 in
1409 4334 1466 4383 lsti-

109 4409 237 4459 tndinibus
255 4415 281 4457 et
299 4408 443 4471 obliquitate
470 4407 566 4454 zodiaci
591 4412 659 4455 recte
677 4407 807 4470 intelligit3
836 4407 957 4463 sedeas,
983 4420 1048 4470 quae
1067 4407 1116 4454 sint
1139 4407 1246 4458 omnium
1265 4405 1411 4462 lachrimas,
1438 4410 1468 4454 ut

108 4479 261 4544 pedetentim
288 4492 403 4529 accessus
427 4477 460 4527 sd
479 4476 641 4540 Copornicum
666 4479 798 4540 aperiatur.
837 4476 991 4540 Quapropter
1015 4479 1067 4540 ipse
1086 4492 1181 4542 quoque
1203 4478 1229 4526 in
1248 4476 1384 4526 Elementis
1406 4476 1467 4525 meis

109 4553 287 4600 astronomicis
305 4551 455 4613 superiorem
474 4549 541 4597 illam
559 4549 721 4597 inversionem
740 4550 845 4611 expunxi
871 4556 897 4596 et
915 4549 1065 4598 eccentricos
1088 4550 1114 4597 14
1138 4554 1222 4597 444144
1241 4547 1323 4596 mobili
1343 4547 1466 4604 substitui,

108 4630 138 4672 ut
157 4624 280 4672 discentes
300 4635 466 4685 apogaeorum
485 4627 566 4667 motus
590 4627 615 4667 41
632 4620 689 4668 1444
708 4634 736 4667 eo
762 4620 859 4668 lucilius
877 4619 1015 4684 intelligere
1034 4626 1134 4682 possent
1159 4627 1185 4668 et
1210 4619 1294 4668 addito
1317 4620 1342 4668 14
1360 4617 1468 4681 41444114

110 4695 220 4758 epicyclo
240 4694 396 4749 directiones,
416 4693 536 4741 stationes
555 4698 581 4739 et
599 4691 763 4754 regressiones
783 4703 812 4739 44
830 4691 921 4741 1144441
938 4691 1131 4749 manifestiores,
1149 4704 1197 4740 nec
1216 4690 1291 4739 etiam
1309 4687 1468 4737 latitudinum

108 4767 173 4815 ratio
193 4765 256 4815 adeo
275 4771 342 4814 esset
360 4763 465 4812 ohscma
484 4769 511 4811 et
528 4762 656 4811 intricata.
693 4761 731 4810 No
750 4767 835 4813 14444
854 4762 966 4811 deessem
983 4764 1117 4828 ingeniosis
1136 4768 1163 4812 et
1179 4763 1217 4817 iis,
1236 4760 1277 4824 qui
1293 4761 1346 4821 jam
1359 4771 1467 4807 commu·

109 4850 155 4892 aes
173 4841 283 4888 motuum
301 4834 453 4903 singulorum
471 4834 563 4884 iormss
581 4832 763 4899 intelligerent,
786 4833 820 4885 ad
838 4833 913 4885 44441
931 4847 988 4884 earn
1006 4834 1037 4884 de
1055 4847 1106 4900 qna
1123 4845 1199 4899 supra
1216 4830 1265 4881 diri
1283 4828 1411 4897 Copemioi
1428 4829 1466 4882 iu·
