3428 5542
246 311 313 382 ace
794 317 1058 384 memnonos

246 471 465 537 demonstratio
487 473 579 553 plane
601 473 675 535 nihil
701 473 763 536 tale
786 474 915 537 redolet.
961 475 1042 538 Nam
1064 484 1097 538 et
1118 475 1243 538 liberum
1262 475 1443 538 muouomia
1465 472 1614 554 reffiquit

245 562 311 625 sive
335 561 528 623 comentrico
552 580 621 623 curu
643 562 779 644 epicyclo
802 563 898 624 velint
921 563 964 624 uti
987 563 1018 625 in
1041 564 1177 626 omuibus
1201 564 1344 645 quinqua,
1377 563 1428 644 qni
1457 562 1612 625 stationes

247 650 372 725 iaciunt,
396 650 462 710 sive
477 650 646 711 eceeutrico
661 651 692 712 in
716 652 811 713 tribus
834 651 1054 732 superioribus;
1087 661 1120 714 et
1140 653 1216 715 nihil
1239 652 1283 714 illi
1307 672 1397 715 curae
1420 660 1469 714 est
1492 650 1611 712 orbium

245 739 432 802 divemorum
455 756 550 800 eausa
573 738 650 800 situs
673 739 721 801 vel
744 739 960 820 magnitudinis
988 750 1093 803 mutua
1121 743 1318 821 comparatio.
1364 741 1506 819 Respicit
1528 737 1610 800 enim

245 827 313 908 ejus
335 826 557 889 demonstratio
585 846 676 888 unuru
699 829 796 889 solum
823 829 994 908 planetam,
1028 849 1153 910 eumque
1183 849 1241 891 non
1265 830 1369 901 aliter,
1401 830 1460 891 nisi
1483 834 1611 909 proptor

246 916 365 979 unicum
389 915 554 978 stationum
577 923 610 976 et
631 934 823 996 regressuum
847 939 1033 995 φαινομηω.
1080 920 1148 981 Non
1172 927 1222 980 est
1243 920 1335 999 igitur
1348 917 1504 998 Apollonii
1531 933 1609 995 pro-

245 1005 346 1068 blema
377 1022 432 1085 pro
463 1003 681 1085 hypothesibus
710 1006 922 1068 astronomicis
955 1007 1135 1069 habendum.
1182 1008 1289 1081 Adde,
1322 1008 1402 1087 quod
1425 1025 1463 1069 ue
1486 1005 1610 1085 quidem

246 1093 286 1157 ad
312 1093 401 1155 unius
431 1092 575 1171 planetae
603 1101 703 1155 motus
733 1094 986 1157 demonstrandos
1018 1096 1203 1158 sufficientes
1235 1097 1381 1157 assumsit
1411 1093 1609 1176 hypotheses,

244 1200 314 1245 eum
336 1200 404 1244 eam
426 1189 527 1243 motus
550 1181 812 1261 inaequalitatem,
848 1202 924 1263 qnae
948 1184 987 1245 ad
1011 1185 1138 1245 eundem
1161 1183 1278 1246 zodiaci
1301 1185 1399 1246 locum
1426 1182 1610 1250 restituitur.

245 1269 284 1332 de
307 1269 458 1332 industria
480 1269 671 1349 praeteriret.
719 1269 786 1343 Quo
802 1272 994 1334 manifestum
1018 1273 1100 1344 iecit,
1124 1273 1196 1334 nihil
1211 1272 1291 1333 aliud
1311 1292 1344 1334 se
1360 1290 1505 1352 quaerere
1518 1289 1610 1350 quam

244 1358 463 1439 geometricam
487 1358 688 1420 conclusionis
711 1379 750 1421 ex
773 1362 918 1423 assumtis
941 1362 1088 1423 deductae
1103 1361 1324 1435 certitudinem,
1349 1380 1426 1440 quae
1441 1359 1609 1421 vehemen-

245 1455 294 1510 ter
316 1447 489 1525 ingeniosos
512 1449 769 1528 contemplatores
793 1450 946 1512 delectare
971 1451 1060 1511 solet.

334 1535 406 1598 Jam
428 1543 463 1599 ut
475 1536 686 1610 concedamus,
710 1557 764 1617 pro
788 1539 1005 1620 hypothesibus
1020 1538 1114 1618 justis
1128 1537 1268 1599 habenda
1282 1536 1493 1598 demonstrata
1506 1534 1609 1615 Apol·

245 1622 328 1698 lonii,
354 1623 433 1704 quod
452 1624 519 1704 jam
542 1625 706 1687 refutatum
730 1634 787 1702 est,
813 1628 968 1689 desumtas
993 1635 1093 1689 tamen
1117 1634 1170 1688 aut
1184 1625 1388 1704 transpositas
1411 1644 1450 1685 ex
1464 1624 1610 1686 Aristar·

245 1712 371 1786 chianis,
388 1712 455 1791 quis
466 1713 545 1774 Urso
560 1714 685 1775 credet?
708 1714 831 1777 Etenim
846 1735 956 1796 magna
970 1716 1187 1795 probabilitate
1202 1714 1368 1787 contendit,
1384 1713 1433 1774 vel
1448 1713 1609 1792 ignoratas

244 1800 294 1862 vel
309 1819 367 1862 nou
382 1801 556 1862 intellectas
573 1821 641 1864 esse
654 1803 828 1865 Aristarchi
845 1805 1057 1885 conceptiones
1071 1804 1244 1883 Apollonio.
1289 1802 1411 1864 Etenim
1418 1796 1502 1863 icum
1517 1800 1611 1863 sciret

245 1888 437 1968 Apollonius,
463 1890 641 1970 quibusdam
664 1909 704 1952 ex
727 1894 911 1955 astronomis
933 1895 1055 1972 placere
1078 1893 1278 1966 ecceutricos,
1309 1891 1378 1953 aliis
1401 1889 1611 1951 couceutricos

245 1996 313 2041 enm
336 1978 482 2059 epieyclo,
508 1980 665 2058 problema
687 2000 773 2042 sunm
796 1981 930 2061 utrisque
954 1981 1201 2043 accommodavit.
1249 1979 1338 2050 Quod
1362 1979 1389 2040 si
1412 1980 1450 2040 de
1464 1979 1608 2040 Aristar-

246 2067 357 2129 obiana
380 2065 492 2128 Terrae
516 2067 669 2130 volutione
693 2069 844 2143 scivisset,
868 2072 957 2132 credo
973 2071 1121 2151 equidem,
1146 2088 1240 2149 aeque
1256 2070 1345 2131 facile
1370 2070 1408 2129 ad
1423 2068 1507 2129 illam
1521 2086 1610 2129 snum

245 2155 403 2237 problema
429 2157 651 2220 conformasset
680 2178 716 2220 ae
739 2168 811 2238 post
838 2179 906 2220 eum
935 2159 1130 2238 Cupernicus.
1176 2159 1311 2232 Deinde,
1345 2157 1371 2218 si
1394 2155 1609 2219 Aristarchum

247 2243 415 2324 exprimere
438 2245 602 2308 voluisset:
638 2246 708 2326 quid
737 2266 850 2327 quaeso
874 2267 948 2328 opns
979 2248 1022 2310 illi
1052 2248 1161 2310 fuisset
1189 2266 1341 2319 asserere,
1372 2245 1450 2326 quod
1473 2253 1610 2307 centrum

245 2332 406 2396 ecceutrici
441 2333 609 2415 aequaliter
640 2355 707 2401 eum
731 2334 803 2398 Sole
835 2337 1009 2420 moveatur?
1054 2336 1176 2407 Quanto
1209 2336 1307 2415 majus
1339 2335 1464 2397 fecisset
1496 2352 1610 2412 operae

246 2421 466 2502 compendium,
482 2423 519 2498 si,
535 2424 614 2505 quod
630 2424 719 2487 hodie
735 2426 847 2507 Tycho,
863 2427 1047 2488 asseruisset
1064 2425 1195 2487 omnium
1213 2426 1401 2505 planetarum
1419 2431 1526 2483 centra
1540 2441 1610 2484 esse

245 2509 278 2574 iu
301 2509 384 2573 Sole.
431 2512 528 2586 Nunc,
553 2531 620 2575 cnm
643 2523 766 2594 separet
787 2525 893 2576 centra
915 2516 1105 2594 planetarum
1128 2535 1146 2576 a
1169 2513 1241 2576 Sole
1264 2523 1296 2574 et
1319 2509 1515 2584 abinvicem,
1539 2529 1610 2572 cer-

246 2607 297 2662 tas
320 2607 353 2661 et
376 2599 562 2681 aTychonis
585 2601 673 2682 longe
698 2603 835 2665 diversas
859 2614 958 2665 metas
973 2605 1173 2666 exstruendae
1198 2604 1312 2665 formae
1331 2601 1501 2663 mundanae
1515 2617 1609 2679 prae-
1672 2616 1677 2631 ’

245 2687 312 2753 tait
337 2687 376 2750 iis
400 2690 451 2771 qui
478 2689 535 2750 hoc
559 2691 708 2754 voluerint
734 2701 900 2772 praestare.
948 2693 1027 2755 Naro
1056 2699 1127 2771 post
1148 2693 1238 2753 orbes
1261 2693 1365 2753 Lunae
1396 2697 1534 2771 systema
1556 2706 1611 2749 se·

246 2781 400 2858 quetursd
423 2798 489 2840 curu
513 2779 659 2860 epieyclo,
685 2800 777 2861 supra
800 2782 878 2844 hunc
903 2781 928 2852 Q
953 2800 1019 2843 curn
1042 2781 1176 2863 epieyclo
1195 2780 1283 2860 longe
1307 2777 1512 2857 amplissimo:
1545 2785 1611 2838 turn

245 2863 309 2928 Sol.
355 2865 398 2927 Et
426 2867 492 2945 jam
524 2887 616 2947 supra
649 2867 753 2931 Solem
776 2871 803 2932 L
827 2871 868 2941 (si
900 2870 939 2931 ad
973 2870 1095 2931 schema
1118 2868 1148 2931 5.
1181 2868 1367 2949 respexeris)
1390 2866 1434 2938 E,
1470 2873 1608 2928 centrum

246 2953 408 3016 ecceutrici
431 2963 457 3024 (ς
480 2964 543 3018 tam
567 2956 630 3018 alte
654 2959 806 3020 sublatum
830 2959 1009 3032 circumibit,
1026 2968 1061 3019 ut
1082 2956 1136 3019 EC
1161 2959 1253 3038 (quae
1277 2965 1391 3018 certam
1416 2955 1510 3017 habet
1533 2973 1607 3034 pro-

245 3041 417 3122 portionem
441 3045 479 3105 ad
502 3044 571 3117 EF)
601 3046 718 3125 longior
747 3049 801 3121 sit,
831 3066 920 3127 quam
943 3047 1010 3120 EF,
1044 3066 1081 3107 ue
1109 3047 1188 3108 orbis
1218 3045 1299 3108 Solis
1328 3045 1490 3125 aliquando
1514 3043 1609 3104 Marti

246 3140 375 3211 cogatur
403 3132 565 3212 hospitium
588 3136 749 3214 praebere,
784 3137 861 3217 quod
891 3136 1027 3197 omnibus
1055 3135 1115 3197 illis
1145 3135 1330 3215 impossibile
1358 3133 1453 3195 videri
1482 3151 1609 3194 neeesse

245 3228 304 3293 est,
329 3221 379 3301 qui
401 3221 573 3301 palpabiles
597 3232 629 3284 et
652 3224 865 3287 adamantinos
889 3225 977 3287 orbes
1000 3244 1066 3285 cum
1081 3224 1249 3287 Aristotele
1268 3224 1402 3284 creduut
1448 3223 1515 3283 Hoc
1529 3221 1609 3282 enim

245 3316 303 3384 est,
329 3311 409 3389 quod
433 3330 628 3391 permagnam
651 3314 726 3375 iacit
749 3309 949 3376 differentiam
982 3313 1061 3375 iuter
1085 3332 1171 3374 veras
1191 3311 1345 3392 Apollonii
1368 3310 1554 3390 hypotheses
1578 3318 1611 3370 et

244 3416 309 3472 eas,
335 3417 410 3478 quas
433 3400 531 3463 Ursus
555 3400 602 3462 illi
625 3402 743 3481 affingit
765 3406 848 3474 (cum
867 3403 1017 3483 'lychonis
1041 3403 1127 3475 sint),
1153 3402 1229 3482 quod
1254 3401 1392 3481 utrinque
1417 3399 1550 3478 quidem,
1575 3407 1611 3459 nt

243 3505 338 3568 snpra
366 3487 621 3564 demonstratum,
655 3492 796 3561 stella&
824 3492 853 3552 iu
879 3490 1047 3552 eccentrico
1078 3487 1098 3552 2
1127 3491 1202 3552 locis
1232 3490 1357 3551 incurrit
1385 3497 1483 3549 metas
1511 3487 1611 3549 centri

243 3576 418 3640 eecentrici:
444 3577 578 3660 Tychoni
605 3597 677 3640 vero
700 3580 825 3642 easdem
848 3587 964 3654 metae,
999 3578 1078 3641 idem
1111 3578 1239 3640 circulus
1263 3587 1311 3639 est
1342 3586 1376 3639 et
1397 3575 1480 3639 Solis
1502 3576 1609 3656 ipsius,

242 3666 345 3747 itaque
368 3674 394 3735 (ς
418 3665 461 3728 illi
485 3667 573 3746 louge
595 3669 677 3730 intra
701 3667 783 3731 Solis
807 3668 1065 3749 propinquitatem
1094 3667 1132 3729 ad
1157 3669 1267 3728 Terras
1296 3666 1472 3728 descendit:
1507 3664 1610 3743 Apol·

245 3755 325 3818 louio
348 3755 470 3817 minime
494 3756 542 3817 vel
566 3765 650 3819 certe
674 3776 732 3819 nou
748 3757 937 3830 neeessario;
961 3758 1095 3839 Tychoni
1110 3756 1166 3817 hoc
1187 3775 1224 3817 ex
1238 3754 1499 3817 observationibus
1522 3772 1610 3814 com·

243 3851 373 3924 portum,
397 3844 576 3907 diversitate
600 3853 745 3925 aspectus
767 3866 831 3908 reru
855 3846 996 3907 subtilem
1019 3845 1242 3926 patefaciente:
1269 3843 1431 3925 Apollonio
1445 3843 1529 3904 nulla
1551 3841 1611 3903 ob·

243 3939 387 4006 servam,
425 3933 533 4013 quibus
565 3934 749 3997 conuarium
779 3936 912 3996 evincat.
959 3933 1011 3996 Sic
1045 3952 1115 4013 ergo
1149 3941 1175 4002 ό
1207 3934 1235 3993 in
1264 3933 1426 4013 Apollonio
1460 3950 1610 4011 uunquam

243 4019 383 4083 humilior
406 4019 478 4083 Sole
502 4023 669 4101 fingendus.

332 4110 376 4173 Ut
409 4118 509 4172 autem
542 4130 580 4173 ex
602 4111 757 4191 Apollonii
786 4110 1002 4173 demonstratis
1026 4119 1161 4172 centrum
1189 4109 1350 4171 eceentrici
1373 4107 1484 4170 hlautis
1517 4126 1614 4188 supra

244 4196 350 4263 Solem
368 4199 646 4262 circumducendum
671 4209 763 4274 esset,
790 4201 834 4262 ita
848 4199 971 4262 Saturni
994 4205 1127 4261 centrum
1153 4198 1232 4259 inira
1250 4197 1363 4272 Solem,
1387 4196 1517 4260 omnium
1537 4215 1613 4259 veru

243 4287 333 4352 trium
361 4289 408 4350 vel
438 4287 622 4367 longissimis
652 4289 822 4352 intervallis
849 4307 942 4368 supra
967 4285 1006 4365 Θ
1031 4286 1187 4349 circumire
1220 4286 1292 4348 nihil
1324 4287 1492 4367 prohibeat.
1540 4283 1612 4356 Quo

243 4377 331 4440 modo
362 4379 445 4439 nulla
471 4386 556 4438 certa
583 4377 661 4439 ratio
694 4379 754 4440 erit
783 4377 993 4458 proportiones
1017 4376 1133 4438 orbium
1166 4384 1199 4436 ut
1226 4377 1307 4456 apud
1331 4375 1546 4438 Aristarchum
1578 4384 1614 4436 et

244 4465 415 4548 'lychonem
439 4465 643 4545 investigandi
665 4466 723 4527 nisi
747 4468 821 4529 haee
845 4468 942 4540 unica,
967 4485 1043 4545 quae
1067 4485 1086 4525 a
1109 4472 1249 4526 contactu
1272 4465 1386 4526 orbium
1410 4473 1442 4525 et
1464 4482 1612 4526 eccum»

244 4553 326 4616 tione
351 4563 455 4617 mutua
477 4553 601 4616 duorum
625 4555 816 4634 planetarum
839 4555 975 4617 carenda
997 4553 1181 4615 desumitur:
1207 4572 1266 4631 qua
1290 4553 1406 4615 ratione
1430 4552 1503 4614 nibil
1527 4552 1613 4615 aliud

243 4642 370 4704 docetur
394 4660 483 4723 quam
506 4650 608 4704 certae
631 4651 746 4718 metae,
782 4645 861 4707 iutra
886 4663 961 4725 quas
985 4643 1128 4723 planetae
1152 4661 1209 4703 nou
1234 4642 1435 4704 descendunt:
1463 4651 1613 4723 atquem

244 4730 307 4792 alte
331 4750 423 4812 supra
446 4731 502 4792 has
525 4740 624 4792 metas
647 4733 835 4807 attollantur,
859 4731 1059 4812 pervestigari
1084 4730 1152 4792 hinc
1176 4730 1288 4811 nequit.

335 4820 440 4902 Usque
462 4820 539 4882 adeo
562 4838 672 4900 magna
695 4828 743 4884 est
757 4821 837 4884 inter
850 4828 1006 4903 utramque
1022 4819 1201 4904 hypothesin
1219 4819 1400 4893 differentia,
1423 4819 1494 4880 dum
1510 4818 1615 4882 altera
