3428 5542
255 309 319 373 tto
768 311 880 375 Miseno
899 310 1100 378 comopapffl

250 475 481 547 θαφαιρεσεως,
516 477 656 530 correcta
688 467 777 529 modo
810 469 971 540 distantia,
1004 470 1178 532 existiment
1209 472 1375 534 astronomi
1407 472 1464 534 sibi
1495 472 1616 535 ebrardo

253 556 456 621 satisfactum.

341 647 375 708 In
391 644 469 706 Jove
492 643 565 706 nihil
585 644 654 722 jure
678 644 843 706 desiderari
867 653 979 725 potest.
1027 647 1106 709 Nam
1130 647 1269 726 exiguam
1285 647 1379 710 habet
1400 649 1614 724 differentiam,

254 743 346 816 atque
369 732 512 796 minorem
536 740 676 794 sextante
701 734 823 811 gradus.

340 820 430 895 Quod
461 828 561 883 autem
593 821 686 882 etiam
714 821 743 883 in
768 821 868 883 Marte
902 821 1036 882 semissis
1065 823 1177 902 gradem
1208 822 1359 897 abundat,
1391 823 1464 887 nihil
1496 823 1613 902 mirum,

251 932 305 974 nee
329 930 375 973 me
400 919 520 972 movet:
546 917 648 970 movet
671 909 701 970 id
725 908 836 988 potius,
861 911 1005 989 majorem
1028 929 1085 972 non
1110 931 1178 972 esse
1200 911 1419 975 diversitatem.
1466 913 1616 978 Testatur

252 999 382 1063 enimin
406 998 593 1078 praefatione
617 996 825 1076 Ephemeridis
849 999 888 1059 ad
912 1017 1022 1061 annum
1048 997 1131 1062 ¹577
1155 1000 1354 1062 Maestlinus:
1390 1001 1500 1064 sideris
1523 1002 1614 1082 hujus

250 1108 369 1151 errores
392 1109 411 1149 a
433 1087 549 1149 calculo
572 1086 653 1148 intra
676 1086 799 1148 duomm
824 1087 969 1166 graduum
993 1087 1152 1167 angustias
1176 1087 1242 1168 cogi
1267 1108 1325 1170 pon
1348 1108 1452 1169 posse.

337 1174 407 1236 Jsro
435 1176 473 1236 ad
501 1173 659 1236 inferiores
684 1174 709 1245 Ω
739 1178 814 1251 etb
847 1175 925 1254 quod
956 1176 1082 1249 attinet,
1116 1176 1173 1238 etsi
1207 1195 1279 1255 prae
1303 1177 1507 1257 superioribus
1530 1198 1613 1242 nou·

248 1265 323 1326 nihil
347 1263 571 1325 commoditatis
596 1262 706 1324 habere
729 1263 885 1337 videntur,
914 1273 1076 1342 propterea
1099 1266 1178 1345 quod
1201 1285 1240 1325 ex
1263 1266 1455 1345 elongatione
1478 1268 1614 1329 maxima

251 1352 369 1415 facilius
394 1360 457 1425 est,
488 1371 576 1430 quam
601 1370 639 1411 ex
661 1350 819 1432 ἀκρωνχιᾳ
842 1352 1067 1426 observatione,
1097 1353 1228 1432 ipsomm
1251 1355 1340 1414 orbes
1364 1353 1509 1431 dimetiri,
1544 1355 1614 1435 ipsa

249 1449 352 1504 tamen
377 1439 558 1502 observandi
581 1439 632 1500 via
659 1439 730 1500 mihi
763 1449 905 1518 suspecta
928 1448 986 1501 est.
1034 1439 1180 1512 Quamvis
1208 1442 1320 1504 rectius
1349 1443 1531 1505 astronomis
1553 1444 1612 1506 hoe

250 1529 471 1592 aestimandum
494 1527 644 1606 relinquo:
676 1547 781 1607 nempe
804 1535 903 1589 utrum
927 1547 984 1589 non
1009 1529 1038 1590 in
1062 1530 1109 1590 his
1131 1530 1264 1610 planetis
1289 1549 1432 1609 vaporum
1456 1532 1611 1594 densitate

250 1627 282 1680 et
303 1618 430 1699 physica
452 1616 615 1696 parallaxi,
640 1635 727 1696 quam
752 1634 806 1676 nec
830 1615 883 1677 Sol
908 1636 961 1677 uec
986 1617 1074 1679 Luna
1097 1618 1216 1695 effugit,
1242 1618 1391 1680 interdum
1415 1619 1609 1693 fallantur⁸).

250 1704 343 1769 (lerte
375 1704 557 1767 Maestliuus
585 1703 613 1764 in
645 1704 858 1783 Disputatione
891 1704 927 1764 de
960 1703 1149 1784 Eclipsibus,
1166 1699 1209 1778 ”l
1232 1706 1311 1768 thesi
1340 1705 1393 1770 58.
1425 1708 1462 1770 de
1487 1707 1609 1771 Venere

250 1794 394 1868 affirmat,
420 1793 499 1874 qnod
522 1811 578 1854 uon
603 1811 671 1854 raro
694 1792 763 1853 visa
786 1793 877 1854 fuerit
899 1792 965 1871 ejus
989 1814 1008 1854 a
1031 1794 1102 1855 Sole
1133 1813 1225 1874 prope
1249 1795 1436 1858 horizontem
1459 1795 1611 1859 demntia

250 1883 426 1945 notabiliter
449 1880 545 1942 minor
567 1900 650 1943 vera.
697 1879 820 1952 Quanto
835 1882 932 1958 magis
956 1882 986 1943 id
1011 1883 1048 1943 de
1066 1883 1217 1945 Mercurio
1240 1883 1299 1944 dici
1322 1884 1445 1963 poterit,
1470 1885 1520 1966 qui
1544 1885 1609 1948 sere

250 1989 370 2050 semper
393 1969 448 2032 sub
464 1969 545 2032 Solis
569 1970 663 2031 radiis
686 1979 748 2043 est,
774 1979 804 2030 et
829 1970 965 2050 quamvis
989 1970 1138 2033 interdum
1159 1979 1305 2050 emergat,
1330 1991 1480 2052 uunquam
1506 1982 1610 2035 tamem

249 2060 306 2122 nisi
330 2078 423 2139 props
446 2058 631 2121 horizontem
660 2079 713 2138 per
737 2059 928 2137 interjectam
951 2060 1176 2121 exhalationem
1199 2061 1316 2139 copiam
1346 2070 1450 2123 nostro
1473 2081 1507 2123 se
1530 2064 1609 2124 visui

247 2155 434 2229 praesentat
479 2147 522 2209 Et
544 2149 681 2226 quamvis
707 2147 821 2207 Veneri
846 2146 1028 2225 opitulentur
1051 2149 1129 2208 fixae
1157 2148 1242 2209 simul
1273 2157 1305 2209 et
1335 2152 1428 2228 prope
1453 2168 1608 2229 apparen-

247 2245 318 2311 tes,
342 2236 509 2298 Mercurius
536 2245 639 2296 tamen
667 2234 853 2315 frequentius
883 2235 913 2295 in
938 2235 1026 2313 culpa
1049 2245 1165 2309 manet,
1201 2237 1249 2317 qui
1277 2238 1341 2316 ipse
1374 2255 1442 2298 raro
1466 2239 1609 2314 cernitur,

250 2333 282 2387 et
312 2325 408 2386 rarius
439 2325 516 2386 lixae
544 2341 637 2403 prope
666 2324 772 2402 ipsum.
820 2321 954 2403 Cumque
988 2324 1063 2385 haee
1086 2324 1175 2385 hodie
1200 2326 1358 2399 accidant,
1392 2326 1536 2388 credibile
1561 2336 1611 2388 est

167 2468 173 2478 .
251 2418 284 2476 et
305 2413 459 2474 veteribus
484 2412 718 2492 quantiscunque
747 2411 912 2472 artificibus
937 2412 1073 2474 accidere
1106 2413 1251 2492 potuisse.
1298 2414 1377 2476 Nam
1400 2415 1477 2493 quod
1509 2415 1609 2477 lecto-

251 2520 316 2564 rem
339 2501 376 2562 de
401 2520 436 2562 eo
460 2520 517 2562 non
542 2508 672 2574 monent,
697 2499 727 2560 id
750 2500 845 2578 ipsum
869 2500 1070 2578 suspicionem
1094 2501 1130 2562 de
1155 2501 1258 2563 homm
1276 2502 1466 2581 planetamm
1488 2501 1610 2564 dimen-

251 2589 383 2652 sionibus
407 2589 526 2650 vitiosis
550 2596 650 2667 auget
696 2587 762 2650 Hoc
786 2588 864 2648 enim
889 2587 996 2649 indicio
1021 2597 1082 2663 est,
1114 2608 1168 2649 nec
1193 2591 1432 2652 animadversum
1456 2591 1530 2671 ipsis
1556 2613 1611 2653 nec

250 2686 419 2741 correctum
448 2697 531 2751 esse,
565 2677 592 2737 si
621 2676 690 2756 quid
724 2696 820 2738 exeo
845 2676 909 2737 vitii
942 2678 1069 2739 exstitit.
1122 2675 1225 2747 Quare
1257 2681 1286 2741 in
1316 2680 1444 2740 lectione
1472 2687 1610 2741 veterum

251 2766 397 2847 imprimis
420 2766 617 2845 spectandum
642 2785 709 2827 esse
733 2773 816 2844 puto,
840 2771 939 2826 utrum
962 2764 1146 2844 singulamm
1161 2767 1413 2840 observationum,
1438 2786 1515 2846 qnae
1531 2769 1610 2830 alle-

249 2865 369 2934 gantur,
393 2855 594 2916 instrumenta
617 2861 649 2913 et
672 2855 752 2913 modi
777 2852 843 2913 huic
868 2854 962 2914 errori
985 2853 1104 2914 obnoxii
1130 2874 1197 2916 esse
1221 2856 1384 2935 potuerint.

338 2943 454 3003 Deinde
478 2959 536 3002 non
561 2941 669 3019 injuria
692 2950 808 3012 metuo,
840 2952 874 3002 ut
896 2943 991 3003 multa
1015 2943 1112 3003 adhuc
1137 2942 1165 3004 in
1189 2944 1305 3005 ratione
1329 2944 1538 3025 hypothesium
1562 2944 1609 3007 his

249 3029 366 3091 dnobus
398 3030 530 3108 planetis
562 3029 670 3090 relicta
701 3029 818 3089 incerta
847 3029 918 3090 sint.
966 3029 1152 3109 Copernicus
1184 3033 1234 3104 (ut
1265 3032 1419 3110 colligitur
1449 3051 1488 3092 ex
1517 3035 1609 3095 modo

249 3117 352 3199 posita
374 3116 507 3188 Rhetiei‚
530 3125 561 3178 et
584 3116 662 3179 inlra
685 3136 722 3177 ex
741 3117 895 3178 Maestlini
920 3118 1065 3196 epistola)
1087 3119 1155 3197 plns
1178 3120 1345 3181 Ptolemaei
1369 3120 1493 3199 placita,
1520 3138 1609 3200 quam

250 3206 492 3267 observationum
521 3206 735 3267 necessitatem
764 3214 884 3266 secutus
914 3217 962 3268 est
993 3208 1021 3267 in
1046 3208 1239 3268 emendandis
1270 3209 1442 3269 interiorum
1471 3209 1608 3270 theoriis.

251 3293 320 3366 Qua
343 3294 372 3354 in
396 3313 428 3355 re
452 3313 510 3374 quo
534 3293 630 3354 minus
653 3293 831 3371 reprehendi
853 3304 968 3372 posset,
993 3295 1140 3357 Rheticus
1163 3296 1192 3356 in
1217 3316 1273 3357 sua
1297 3297 1467 3358 narratione
1492 3299 1608 3359 effecit:

250 3383 299 3444 ubi
333 3390 447 3455 monet,
483 3382 710 3460 religiosissime
742 3392 875 3443 veterum
908 3384 1048 3462 vestigiis
1080 3384 1294 3446 inhaerendum
1327 3405 1381 3446 nee
1415 3385 1503 3446 tacite
1538 3386 1608 3465 quid

248 3471 437 3544 mutandum,
473 3471 566 3532 donee
596 3470 840 3531 observationum
872 3481 1008 3533 extrema
1034 3473 1203 3534 necessitas
1232 3483 1348 3552 urgeat.
1397 3472 1485 3543 Quod
1515 3475 1609 3553 igitur

249 3560 326 3622 adeo
350 3560 517 3641 exquisitae
542 3558 770 3620 observationes
794 3558 896 3620 haberi
920 3577 976 3620 non
1000 3570 1140 3639 possent,
1172 3581 1208 3622 ea
1232 3562 1363 3622 sortasse
1395 3561 1471 3623 satis
1496 3581 1609 3641 magna

249 3668 343 3711 causa
371 3649 427 3711 fuit
450 3648 557 3710 artifici
580 3646 829 3726 prudentissimo,
861 3657 983 3727 praeter
1011 3650 1318 3711 accommodationem
1348 3651 1385 3711 ad
1410 3671 1465 3711 sna
1493 3652 1610 3729 placita

250 3738 323 3798 nihil
347 3737 471 3798 ulterius
494 3737 525 3797 in
547 3737 687 3816 planetas
711 3736 801 3796 hosce
826 3737 971 3798 tentandi.

338 3824 426 3894 Quod
455 3825 546 3904 igitur
577 3825 606 3887 in
636 3824 755 3886 Venere
788 3843 927 3904 magnam
950 3825 1036 3885 vides
1060 3845 1180 3886 arcuum
1210 3827 1428 3899 diversitatem,
1464 3826 1529 3904 ejus
1564 3828 1608 3888 rei

248 3912 367 3991 eulpam
395 3913 474 3975 inter
501 3922 618 3987 cetera,
651 3931 727 3993 quae
751 3913 779 3974 in
803 3932 912 3991 genere
935 3913 1096 3991 praemisi,
1126 3915 1218 3992 (quae
1251 3924 1282 3976 te
1309 3916 1402 3994 probe
1437 3915 1608 3977 meminisse

249 4000 371 4075 velim),
402 4003 492 4063 etiam
517 4002 546 4063 in
575 4002 649 4062 haec
676 4001 764 4062 modo
793 4002 927 4081 allegata
954 4001 1134 4063 offendicula
1162 4004 1278 4077 confer3
1313 4012 1344 4065 et
1372 4004 1609 4083 magnitudinem

249 4088 418 4152 discordiae
443 4091 677 4171 aequianmitate
701 4099 771 4162 toa,
801 4091 827 4150 si
852 4091 926 4151 bene
952 4090 1071 4168 singula
1094 4092 1294 4170 perpendisti,
1325 4092 1414 4154 facile
1438 4092 1607 4170 superabis.

249 4175 319 4248 Qua
342 4179 370 4239 in
395 4198 427 4239 re
450 4198 559 4257 magno
583 4179 639 4240 tibi
663 4178 773 4239 solatio
798 4179 869 4251 erit,
903 4179 982 4258 quod
1007 4198 1146 4240 numerus
1173 4177 1398 4259 Copernicanus
1422 4180 1538 4242 medius
1561 4190 1610 4242 est

248 4265 327 4329 inter
350 4286 438 4328 arcus
463 4286 500 4328 ex
523 4267 704 4344 interposita
732 4275 763 4328 et
791 4286 828 4328 ex
852 4267 964 4328 omissa
987 4268 1075 4329 Luna
1102 4268 1296 4347 prodeuntes.
1342 4269 1422 4331 Nam
1453 4269 1479 4330 si
1507 4270 1609 4332 orbem

248 4373 389 4433 magnum
413 4362 578 4435 systemate
603 4355 707 4416 Lunae
732 4355 861 4417 sarcias:
888 4355 1065 4416 icosatdron
1082 4357 1233 4418 Venerem
1257 4356 1374 4435 longius
1398 4379 1417 4417 a
1440 4359 1536 4419 Terra
1559 4359 1608 4421 di·

247 4450 349 4504 movet
371 4450 462 4523 atque
486 4440 671 4521 Cupernieus
694 4444 843 4522 prodidit:
870 4444 915 4506 sin
940 4454 1063 4505 exemto
1077 4446 1163 4506 Luna
1187 4446 1351 4507 tenuiorem
1372 4446 1488 4507 siliciae
1507 4446 1608 4509 orbern

248 4549 404 4610 magnum,
429 4531 526 4609 figura
548 4531 699 4592 Venerem
723 4532 841 4594 nimium
864 4551 957 4611 prope
982 4534 1129 4606 admittit,
1154 4536 1365 4614 majoremque,
1396 4555 1483 4614 quam
1508 4544 1557 4598 est
1580 4534 1608 4596 in

248 4615 425 4698 Gupemiem
451 4639 518 4681 esse
542 4619 665 4699 patitur.
713 4619 815 4690 Quare
844 4622 956 4702 aliquid
981 4622 1078 4683 minus
1102 4623 1189 4683 Luna
1212 4641 1273 4685 rern
1293 4624 1402 4702 juvare
1425 4624 1552 4702 poterit,
1584 4624 1608 4685 si

249 4708 395 4770 tenendus
420 4705 606 4785 Coperoicus
630 4717 688 4770 est.

336 4796 382 4857 De
405 4796 554 4859 Mercurio
576 4813 649 4859 veru
673 4804 789 4859 tantum
808 4797 876 4878 jam
899 4797 1012 4859 dictum
1036 4808 1098 4871 est,
1129 4797 1247 4879 dieique
1271 4798 1401 4879 amplius
1423 4808 1542 4879 potest,
1576 4813 1609 4863 nt
