<?xml version="1.0" encoding="UTF-8"?>
<!DOCTYPE html PUBLIC "-//W3C//DTD XHTML 1.0 Transitional//EN"
    "http://www.w3.org/TR/xhtml1/DTD/xhtml1-transitional.dtd">
<html xmlns="http://www.w3.org/1999/xhtml" xml:lang="en" lang="en">
 <head>
  <title>
</title>
<meta http-equiv="Content-Type" content="text/html;charset=utf-8" />
  <meta name='ocr-system' content='tesseract 3.04.00' />
  <meta name='ocr-capabilities' content='ocr_page ocr_carea ocr_par ocr_line ocrx_word'/>
</head>
<body>
  <div class='ocr_page' id='page_1' title='image "./joanniskepleria10frisgoog/joanniskepleria10frisgoog_0244.png"; bbox 0 0 3414 5550; ppageno 0'>
   <div class='ocr_carea' id='block_1_1' title="bbox 748 317 1512 386">
    <p class='ocr_par' dir='ltr' id='par_1_1' title="bbox 748 317 1512 386">
     <span class='ocr_line' id='line_1_1' title="bbox 748 317 1512 386; baseline 0.005 -4"><span class='ocrx_word' id='word_1_1' title='bbox 748 317 912 368; x_wconf 68' lang='lat' dir='ltr'>memsam.</span> <span class='ocrx_word' id='word_1_2' title='bbox 1447 318 1512 386; x_wconf 70' lang='lat'>223</span> 
     </span>
    </p>
   </div>
   <div class='ocr_carea' id='block_1_2' title="bbox 40 469 1513 1001">
    <p class='ocr_par' dir='ltr' id='par_1_2' title="bbox 40 469 1513 1001">
     <span class='ocr_line' id='line_1_2' title="bbox 148 469 1513 563; baseline 0.006 -27"><span class='ocrx_word' id='word_1_3' title='bbox 148 475 267 555; x_wconf 83' lang='lat' dir='ltr'>pient,</span> <span class='ocrx_word' id='word_1_4' title='bbox 291 469 405 534; x_wconf 76' lang='lat' dir='ltr'>(ietera</span> <span class='ocrx_word' id='word_1_5' title='bbox 428 490 505 556; x_wconf 91' lang='lat' dir='ltr'>quae</span> <span class='ocrx_word' id='word_1_6' title='bbox 534 470 666 553; x_wconf 78' lang='lat' dir='ltr'>allegas,</span> <span class='ocrx_word' id='word_1_7' title='bbox 696 475 776 536; x_wconf 88' lang='lat' dir='ltr'>levia</span> <span class='ocrx_word' id='word_1_8' title='bbox 804 484 891 538; x_wconf 89' lang='lat' dir='ltr'>sunt:</span> <span class='ocrx_word' id='word_1_9' title='bbox 926 485 1154 557; x_wconf 79' lang='lat' dir='ltr'>praeceptorem</span> <span class='ocrx_word' id='word_1_10' title='bbox 1178 480 1264 556; x_wconf 70' lang='lat' dir='ltr'>dixi,</span> <span class='ocrx_word' id='word_1_11' title='bbox 1284 479 1354 560; x_wconf 92' lang='lat' dir='ltr'>quia</span> <span class='ocrx_word' id='word_1_12' title='bbox 1381 499 1418 542; x_wconf 83' lang='lat' dir='ltr'>ex</span> <span class='ocrx_word' id='word_1_13' title='bbox 1447 482 1513 563; x_wconf 89' lang='lat' dir='ltr'>ejus</span> 
     </span>
     <span class='ocr_line' id='line_1_3' title="bbox 150 562 1513 649; baseline 0.007 -24"><span class='ocrx_word' id='word_1_14' title='bbox 150 564 225 628; x_wconf 91' lang='lat' dir='ltr'>libro</span> <span class='ocrx_word' id='word_1_15' title='bbox 255 562 359 642; x_wconf 80' lang='lat' dir='ltr'>aliqua</span> <span class='ocrx_word' id='word_1_16' title='bbox 390 562 550 625; x_wconf 75' lang='lat' dir='ltr'>hauseram</span> <span class='ocrx_word' id='word_1_17' title='bbox 581 562 686 626; x_wconf 90' lang='lat' dir='ltr'>utilia:</span> <span class='ocrx_word' id='word_1_18' title='bbox 721 564 938 627; x_wconf 89' lang='lat' dir='ltr'>nobilissimum</span> <span class='ocrx_word' id='word_1_19' title='bbox 969 585 1057 641; x_wconf 88' lang='lat' dir='ltr'>vero,</span> <span class='ocrx_word' id='word_1_20' title='bbox 1101 568 1171 648; x_wconf 90' lang='lat' dir='ltr'>quia</span> <span class='ocrx_word' id='word_1_21' title='bbox 1200 570 1248 632; x_wconf 93' lang='lat' dir='ltr'>his</span> <span class='ocrx_word' id='word_1_22' title='bbox 1285 569 1313 631; x_wconf 93' lang='lat' dir='ltr'>in</span> <span class='ocrx_word' id='word_1_23' title='bbox 1351 570 1513 649; x_wconf 86' lang='lat' dir='ltr'>provinciis</span> 
     </span>
     <span class='ocr_line' id='line_1_4' title="bbox 148 651 1513 741; baseline 0.005 -25"><span class='ocrx_word' id='word_1_24' title='bbox 148 653 380 716; x_wconf 85' lang='lat' dir='ltr'>Austriacorum</span> <span class='ocrx_word' id='word_1_25' title='bbox 404 651 559 715; x_wconf 90' lang='lat' dir='ltr'>nobilitati</span> <span class='ocrx_word' id='word_1_26' title='bbox 584 652 673 713; x_wconf 89' lang='lat' dir='ltr'>datur</span> <span class='ocrx_word' id='word_1_27' title='bbox 696 653 823 717; x_wconf 85' lang='lat' dir='ltr'>eruditio</span> <span class='ocrx_word' id='word_1_28' title='bbox 852 663 884 716; x_wconf 91' lang='lat' dir='ltr'>et</span> <span class='ocrx_word' id='word_1_29' title='bbox 906 674 1012 718; x_wconf 84' lang='lat' dir='ltr'>munus</span> <span class='ocrx_word' id='word_1_30' title='bbox 1036 655 1174 721; x_wconf 86' lang='lat' dir='ltr'>aulicum.</span> <span class='ocrx_word' id='word_1_31' title='bbox 1221 658 1414 741; x_wconf 87' lang='lat' dir='ltr'>Hypotheses</span> <span class='ocrx_word' id='word_1_32' title='bbox 1441 679 1513 723; x_wconf 88' lang='lat' dir='ltr'>vero</span> 
     </span>
     <span class='ocr_line' id='line_1_5' title="bbox 148 738 1512 830; baseline 0.007 -29"><span class='ocrx_word' id='word_1_33' title='bbox 148 744 212 821; x_wconf 83' lang='lat' dir='ltr'>ejus</span> <span class='ocrx_word' id='word_1_34' title='bbox 236 741 303 815; x_wconf 86' lang='lat' dir='ltr'>ieci,</span> <span class='ocrx_word' id='word_1_35' title='bbox 329 741 359 802; x_wconf 94' lang='lat' dir='ltr'>in</span> <span class='ocrx_word' id='word_1_36' title='bbox 383 741 490 821; x_wconf 90' lang='lat' dir='ltr'>quibus</span> <span class='ocrx_word' id='word_1_37' title='bbox 514 740 628 820; x_wconf 91' lang='lat' dir='ltr'>aliquid</span> <span class='ocrx_word' id='word_1_38' title='bbox 650 738 790 804; x_wconf 85' lang='lat' dir='ltr'>mutavit.</span> <span class='ocrx_word' id='word_1_39' title='bbox 837 745 918 806; x_wconf 90' lang='lat' dir='ltr'>Nam</span> <span class='ocrx_word' id='word_1_40' title='bbox 943 745 968 806; x_wconf 91' lang='lat' dir='ltr'>si</span> <span class='ocrx_word' id='word_1_41' title='bbox 993 745 1070 806; x_wconf 91' lang='lat' dir='ltr'>bene</span> <span class='ocrx_word' id='word_1_42' title='bbox 1091 747 1222 821; x_wconf 90' lang='lat' dir='ltr'>memini,</span> <span class='ocrx_word' id='word_1_43' title='bbox 1246 748 1369 809; x_wconf 86' lang='lat' dir='ltr'>Terram</span> <span class='ocrx_word' id='word_1_44' title='bbox 1393 748 1512 830; x_wconf 89' lang='lat' dir='ltr'>etipse</span> 
     </span>
     <span class='ocr_line' id='line_1_6' title="bbox 147 825 1512 911; baseline 0.008 -22"><span class='ocrx_word' id='word_1_45' title='bbox 147 831 255 905; x_wconf 83' lang='lat' dir='ltr'>volvit,</span> <span class='ocrx_word' id='word_1_46' title='bbox 287 837 319 891; x_wconf 92' lang='lat' dir='ltr'>et</span> <span class='ocrx_word' id='word_1_47' title='bbox 340 829 371 891; x_wconf 91' lang='lat' dir='ltr'>in</span> <span class='ocrx_word' id='word_1_48' title='bbox 394 825 513 892; x_wconf 80' lang='lat' dir='ltr'>Martis</span> <span class='ocrx_word' id='word_1_49' title='bbox 530 830 641 892; x_wconf 90' lang='lat' dir='ltr'>circulo</span> <span class='ocrx_word' id='word_1_50' title='bbox 666 831 832 911; x_wconf 82' lang='lat' dir='ltr'>discrepat,</span> <span class='ocrx_word' id='word_1_51' title='bbox 868 835 947 908; x_wconf 91' lang='lat' dir='ltr'>sive,</span> <span class='ocrx_word' id='word_1_52' title='bbox 973 843 1006 894; x_wconf 90' lang='lat' dir='ltr'>ut</span> <span class='ocrx_word' id='word_1_53' title='bbox 1030 834 1119 906; x_wconf 90' lang='lat' dir='ltr'>dicis,</span> <span class='ocrx_word' id='word_1_54' title='bbox 1150 843 1242 899; x_wconf 91' lang='lat' dir='ltr'>errat.</span> <span class='ocrx_word' id='word_1_55' title='bbox 1288 837 1368 899; x_wconf 80' lang='lat' dir='ltr'>h&#39;am</span> <span class='ocrx_word' id='word_1_56' title='bbox 1392 839 1451 900; x_wconf 90' lang='lat' dir='ltr'>etsi</span> <span class='ocrx_word' id='word_1_57' title='bbox 1474 856 1512 900; x_wconf 83' lang='lat' dir='ltr'>ex</span> 
     </span>
     <span class='ocr_line' id='line_1_7' title="bbox 40 917 1511 1001; baseline 0.005 -19"><span class='ocrx_word' id='word_1_58' title='bbox 40 956 42 961; x_wconf 68' lang='lat'>,</span> <span class='ocrx_word' id='word_1_59' title='bbox 146 919 311 983; x_wconf 87' lang='lat' dir='ltr'>Maestlino</span> <span class='ocrx_word' id='word_1_60' title='bbox 336 917 373 980; x_wconf 90' lang='lat' dir='ltr'>de</span> <span class='ocrx_word' id='word_1_61' title='bbox 397 919 455 981; x_wconf 93' lang='lat' dir='ltr'>hac</span> <span class='ocrx_word' id='word_1_62' title='bbox 476 918 509 980; x_wconf 83' lang='lat' dir='ltr'>te</span> <span class='ocrx_word' id='word_1_63' title='bbox 532 920 611 981; x_wconf 92' lang='lat' dir='ltr'>inter</span> <span class='ocrx_word' id='word_1_64' title='bbox 634 927 667 981; x_wconf 98' lang='lat' dir='ltr'>et</span> <span class='ocrx_word' id='word_1_65' title='bbox 688 921 799 982; x_wconf 89' lang='lat' dir='ltr'>Ursum</span> <span class='ocrx_word' id='word_1_66' title='bbox 826 923 1032 984; x_wconf 87' lang='lat' dir='ltr'>controversia</span> <span class='ocrx_word' id='word_1_67' title='bbox 1060 923 1130 986; x_wconf 92' lang='lat' dir='ltr'>olim</span> <span class='ocrx_word' id='word_1_68' title='bbox 1155 924 1376 1001; x_wconf 87' lang='lat' dir='ltr'>inaudiveram,</span> <span class='ocrx_word' id='word_1_69' title='bbox 1409 935 1511 990; x_wconf 86' lang='lat' dir='ltr'>tamen</span> 
     </span>
    </p>
   </div>
   <div class='ocr_carea' id='block_1_3' title="bbox 141 1007 1513 2233">
    <p class='ocr_par' dir='ltr' id='par_1_3' title="bbox 143 1007 1513 1875">
     <span class='ocr_line' id='line_1_8' title="bbox 147 1007 1511 1094; baseline 0.004 -22"><span class='ocrx_word' id='word_1_70' title='bbox 147 1030 213 1072; x_wconf 90' lang='lat' dir='ltr'>cum</span> <span class='ocrx_word' id='word_1_71' title='bbox 246 1017 279 1071; x_wconf 92' lang='lat' dir='ltr'>et</span> <span class='ocrx_word' id='word_1_72' title='bbox 306 1007 449 1087; x_wconf 89' lang='lat' dir='ltr'>Maginus</span> <span class='ocrx_word' id='word_1_73' title='bbox 477 1008 506 1069; x_wconf 95' lang='lat' dir='ltr'>iu</span> <span class='ocrx_word' id='word_1_74' title='bbox 530 1008 623 1071; x_wconf 87' lang='lat' dir='ltr'>ltalia</span> <span class='ocrx_word' id='word_1_75' title='bbox 646 1017 677 1071; x_wconf 93' lang='lat' dir='ltr'>et</span> <span class='ocrx_word' id='word_1_76' title='bbox 707 1009 869 1072; x_wconf 90' lang='lat' dir='ltr'>Reeslinus</span> <span class='ocrx_word' id='word_1_77' title='bbox 902 1012 933 1073; x_wconf 94' lang='lat' dir='ltr'>in</span> <span class='ocrx_word' id='word_1_78' title='bbox 965 1012 1091 1075; x_wconf 88' lang='lat' dir='ltr'>Alsatia</span> <span class='ocrx_word' id='word_1_79' title='bbox 1124 1014 1235 1093; x_wconf 84' lang='lat' dir='ltr'>singuli</span> <span class='ocrx_word' id='word_1_80' title='bbox 1267 1033 1321 1094; x_wconf 91' lang='lat' dir='ltr'>pro</span> <span class='ocrx_word' id='word_1_81' title='bbox 1352 1034 1384 1076; x_wconf 91' lang='lat' dir='ltr'>se</span> <span class='ocrx_word' id='word_1_82' title='bbox 1414 1015 1511 1079; x_wconf 89' lang='lat' dir='ltr'>simile</span> 
     </span>
     <span class='ocr_line' id='line_1_9' title="bbox 146 1095 1511 1180; baseline 0.004 -20"><span class='ocrx_word' id='word_1_83' title='bbox 146 1099 297 1180; x_wconf 85' lang='lat' dir='ltr'>quippiam</span> <span class='ocrx_word' id='word_1_84' title='bbox 322 1115 360 1157; x_wconf 86' lang='lat' dir='ltr'>er</span> <span class='ocrx_word' id='word_1_85' title='bbox 384 1097 602 1178; x_wconf 85' lang='lat' dir='ltr'>hypothesibus</span> <span class='ocrx_word' id='word_1_86' title='bbox 627 1095 785 1177; x_wconf 85' lang='lat' dir='ltr'>Cepernici</span> <span class='ocrx_word' id='word_1_87' title='bbox 810 1099 1009 1176; x_wconf 89' lang='lat' dir='ltr'>derivassent,</span> <span class='ocrx_word' id='word_1_88' title='bbox 1035 1102 1249 1164; x_wconf 81' lang='lat' dir='ltr'>existimabam</span> <span class='ocrx_word' id='word_1_89' title='bbox 1274 1104 1354 1165; x_wconf 93' lang='lat' dir='ltr'>idem</span> <span class='ocrx_word' id='word_1_90' title='bbox 1378 1113 1408 1166; x_wconf 91' lang='lat' dir='ltr'>et</span> <span class='ocrx_word' id='word_1_91' title='bbox 1431 1105 1511 1168; x_wconf 89' lang='lat' dir='ltr'>Urso</span> 
     </span>
     <span class='ocr_line' id='line_1_10' title="bbox 145 1181 1511 1273; baseline 0.006 -25"><span class='ocrx_word' id='word_1_92' title='bbox 145 1188 319 1268; x_wconf 87' lang='lat' dir='ltr'>excogitato</span> <span class='ocrx_word' id='word_1_93' title='bbox 333 1186 467 1265; x_wconf 84' lang='lat' dir='ltr'>proclive</span> <span class='ocrx_word' id='word_1_94' title='bbox 482 1185 587 1248; x_wconf 82' lang='lat' dir='ltr'>fuisse.</span> <span class='ocrx_word' id='word_1_95' title='bbox 603 1181 629 1260; x_wconf 85' lang='lat'>²)</span> <span class='ocrx_word' id='word_1_96' title='bbox 675 1188 810 1268; x_wconf 89' lang='lat' dir='ltr'>Denique</span> <span class='ocrx_word' id='word_1_97' title='bbox 826 1190 905 1269; x_wconf 89' lang='lat' dir='ltr'>qnod</span> <span class='ocrx_word' id='word_1_98' title='bbox 920 1190 986 1252; x_wconf 89' lang='lat' dir='ltr'>finis</span> <span class='ocrx_word' id='word_1_99' title='bbox 1001 1190 1149 1270; x_wconf 91' lang='lat' dir='ltr'>principio</span> <span class='ocrx_word' id='word_1_100' title='bbox 1175 1192 1341 1273; x_wconf 89' lang='lat' dir='ltr'>respondet</span> <span class='ocrx_word' id='word_1_101' title='bbox 1363 1193 1436 1255; x_wconf 89' lang='lat' dir='ltr'>nihil</span> <span class='ocrx_word' id='word_1_102' title='bbox 1451 1194 1511 1256; x_wconf 92' lang='lat' dir='ltr'>mi-</span> 
     </span>
     <span class='ocr_line' id='line_1_11' title="bbox 146 1274 1511 1363; baseline 0.003 -23"><span class='ocrx_word' id='word_1_103' title='bbox 146 1297 220 1352; x_wconf 90' lang='lat' dir='ltr'>rum,</span> <span class='ocrx_word' id='word_1_104' title='bbox 245 1296 299 1338; x_wconf 91' lang='lat' dir='ltr'>nec</span> <span class='ocrx_word' id='word_1_105' title='bbox 315 1274 377 1336; x_wconf 92' lang='lat' dir='ltr'>ulla</span> <span class='ocrx_word' id='word_1_106' title='bbox 392 1275 422 1336; x_wconf 93' lang='lat' dir='ltr'>in</span> <span class='ocrx_word' id='word_1_107' title='bbox 437 1282 508 1337; x_wconf 89' lang='lat' dir='ltr'>veto</span> <span class='ocrx_word' id='word_1_108' title='bbox 522 1275 712 1355; x_wconf 84' lang='lat' dir='ltr'>improbitas,</span> <span class='ocrx_word' id='word_1_109' title='bbox 735 1284 770 1338; x_wconf 87' lang='lat' dir='ltr'>ut</span> <span class='ocrx_word' id='word_1_110' title='bbox 784 1276 908 1351; x_wconf 86' lang='lat' dir='ltr'>„valeat</span> <span class='ocrx_word' id='word_1_111' title='bbox 932 1279 1081 1342; x_wconf 90' lang='lat' dir='ltr'>sideribus</span> <span class='ocrx_word' id='word_1_112' title='bbox 1097 1288 1129 1342; x_wconf 90' lang='lat' dir='ltr'>et</span> <span class='ocrx_word' id='word_1_113' title='bbox 1147 1281 1326 1344; x_wconf 91' lang='lat' dir='ltr'>scientiae“.</span> <span class='ocrx_word' id='word_1_114' title='bbox 1373 1283 1409 1344; x_wconf 90' lang='lat' dir='ltr'>ld</span> <span class='ocrx_word' id='word_1_115' title='bbox 1424 1281 1511 1363; x_wconf 88' lang='lat' dir='ltr'>equi-</span> 
     </span>
     <span class='ocr_line' id='line_1_12' title="bbox 145 1363 1510 1444; baseline 0.004 -16"><span class='ocrx_word' id='word_1_116' title='bbox 145 1368 213 1428; x_wconf 87' lang='lat' dir='ltr'>dem</span> <span class='ocrx_word' id='word_1_117' title='bbox 237 1365 375 1439; x_wconf 91' lang='lat' dir='ltr'>studeat,</span> <span class='ocrx_word' id='word_1_118' title='bbox 398 1363 571 1427; x_wconf 89' lang='lat' dir='ltr'>maledictis</span> <span class='ocrx_word' id='word_1_119' title='bbox 593 1365 714 1427; x_wconf 90' lang='lat' dir='ltr'>omissis</span> <span class='ocrx_word' id='word_1_120' title='bbox 738 1374 770 1426; x_wconf 89' lang='lat' dir='ltr'>et</span> <span class='ocrx_word' id='word_1_121' title='bbox 796 1386 877 1429; x_wconf 87' lang='lat' dir='ltr'>vana</span> <span class='ocrx_word' id='word_1_122' title='bbox 900 1368 1116 1431; x_wconf 88' lang='lat' dir='ltr'>ostentatione.</span> <span class='ocrx_word' id='word_1_123' title='bbox 1163 1371 1287 1444; x_wconf 91' lang='lat' dir='ltr'>„Decus</span> <span class='ocrx_word' id='word_1_124' title='bbox 1310 1378 1412 1433; x_wconf 89' lang='lat' dir='ltr'>autem</span> <span class='ocrx_word' id='word_1_125' title='bbox 1428 1368 1510 1434; x_wconf 88' lang='lat' dir='ltr'>Ger·</span> 
     </span>
     <span class='ocr_line' id='line_1_13' title="bbox 146 1451 1513 1542; baseline 0.004 -24"><span class='ocrx_word' id='word_1_126' title='bbox 146 1454 288 1518; x_wconf 88' lang='lat' dir='ltr'>manise“</span> <span class='ocrx_word' id='word_1_127' title='bbox 311 1451 385 1514; x_wconf 90' lang='lat' dir='ltr'>mihi</span> <span class='ocrx_word' id='word_1_128' title='bbox 412 1452 539 1534; x_wconf 87' lang='lat' dir='ltr'>quilibet</span> <span class='ocrx_word' id='word_1_129' title='bbox 563 1461 625 1528; x_wconf 90' lang='lat' dir='ltr'>est,</span> <span class='ocrx_word' id='word_1_130' title='bbox 657 1455 704 1515; x_wconf 89' lang='lat' dir='ltr'>cui</span> <span class='ocrx_word' id='word_1_131' title='bbox 727 1463 846 1517; x_wconf 90' lang='lat' dir='ltr'>tentum</span> <span class='ocrx_word' id='word_1_132' title='bbox 869 1456 981 1531; x_wconf 91' lang='lat' dir='ltr'>tribuo,</span> <span class='ocrx_word' id='word_1_133' title='bbox 1007 1466 1149 1537; x_wconf 89' lang='lat' dir='ltr'>quantum</span> <span class='ocrx_word' id='word_1_134' title='bbox 1164 1459 1209 1522; x_wconf 92' lang='lat' dir='ltr'>illi</span> <span class='ocrx_word' id='word_1_135' title='bbox 1231 1459 1412 1534; x_wconf 88' lang='lat' dir='ltr'>tribuebam,</span> <span class='ocrx_word' id='word_1_136' title='bbox 1442 1461 1513 1542; x_wconf 89' lang='lat' dir='ltr'>quia</span> 
     </span>
     <span class='ocr_line' id='line_1_14' title="bbox 145 1542 1510 1627; baseline 0.003 -20"><span class='ocrx_word' id='word_1_137' title='bbox 145 1565 251 1627; x_wconf 89' lang='lat' dir='ltr'>nempe</span> <span class='ocrx_word' id='word_1_138' title='bbox 284 1542 512 1604; x_wconf 86' lang='lat' dir='ltr'>mathemata</span> <span class='ocrx_word' id='word_1_139' title='bbox 544 1562 666 1613; x_wconf 87' lang='lat' dir='ltr'>verum</span> <span class='ocrx_word' id='word_1_140' title='bbox 698 1545 808 1605; x_wconf 91' lang='lat' dir='ltr'>decus</span> <span class='ocrx_word' id='word_1_141' title='bbox 841 1555 927 1607; x_wconf 89' lang='lat' dir='ltr'>sunt</span> <span class='ocrx_word' id='word_1_142' title='bbox 957 1546 1063 1609; x_wconf 90' lang='lat' dir='ltr'>unius</span> <span class='ocrx_word' id='word_1_143' title='bbox 1093 1545 1323 1610; x_wconf 87' lang='lat' dir='ltr'>Germaniae.</span> <span class='ocrx_word' id='word_1_144' title='bbox 1354 1579 1394 1590; x_wconf 91' lang='lat'><em>-</em></span> <span class='ocrx_word' id='word_1_145' title='bbox 1425 1550 1510 1611; x_wconf 88' lang='lat' dir='ltr'>Haec</span> 
     </span>
     <span class='ocr_line' id='line_1_15' title="bbox 144 1631 1507 1720; baseline 0.003 -23"><span class='ocrx_word' id='word_1_146' title='bbox 144 1636 219 1698; x_wconf 88' lang='lat' dir='ltr'>adeo</span> <span class='ocrx_word' id='word_1_147' title='bbox 235 1631 360 1715; x_wconf 85' lang='lat' dir='ltr'>prolixe,</span> <span class='ocrx_word' id='word_1_148' title='bbox 385 1650 451 1692; x_wconf 89' lang='lat' dir='ltr'>cum</span> <span class='ocrx_word' id='word_1_149' title='bbox 466 1638 500 1693; x_wconf 91' lang='lat' dir='ltr'>ut</span> <span class='ocrx_word' id='word_1_150' title='bbox 514 1632 648 1694; x_wconf 89' lang='lat' dir='ltr'>dolorem</span> <span class='ocrx_word' id='word_1_151' title='bbox 662 1651 761 1694; x_wconf 91' lang='lat' dir='ltr'>meum</span> <span class='ocrx_word' id='word_1_152' title='bbox 784 1641 916 1696; x_wconf 89' lang='lat' dir='ltr'>testarer</span> <span class='ocrx_word' id='word_1_153' title='bbox 935 1635 1020 1716; x_wconf 90' lang='lat' dir='ltr'>justa</span> <span class='ocrx_word' id='word_1_154' title='bbox 1040 1637 1170 1718; x_wconf 90' lang='lat' dir='ltr'>querela,</span> <span class='ocrx_word' id='word_1_155' title='bbox 1195 1645 1257 1699; x_wconf 93' lang='lat' dir='ltr'>tum</span> <span class='ocrx_word' id='word_1_156' title='bbox 1281 1647 1315 1699; x_wconf 91' lang='lat' dir='ltr'>ut</span> <span class='ocrx_word' id='word_1_157' title='bbox 1338 1646 1507 1720; x_wconf 90' lang='lat' dir='ltr'>appareret,</span> 
     </span>
     <span class='ocr_line' id='line_1_16' title="bbox 143 1720 1509 1810; baseline 0.003 -24"><span class='ocrx_word' id='word_1_158' title='bbox 143 1723 286 1786; x_wconf 90' lang='lat' dir='ltr'>arbitrari</span> <span class='ocrx_word' id='word_1_159' title='bbox 308 1739 356 1783; x_wconf 93' lang='lat' dir='ltr'>me</span> <span class='ocrx_word' id='word_1_160' title='bbox 380 1739 438 1782; x_wconf 91' lang='lat' dir='ltr'>non</span> <span class='ocrx_word' id='word_1_161' title='bbox 462 1724 581 1782; x_wconf 92' lang='lat' dir='ltr'>omniuo</span> <span class='ocrx_word' id='word_1_162' title='bbox 605 1720 679 1782; x_wconf 92' lang='lat' dir='ltr'>nihil</span> <span class='ocrx_word' id='word_1_163' title='bbox 703 1723 743 1784; x_wconf 93' lang='lat' dir='ltr'>ad</span> <span class='ocrx_word' id='word_1_164' title='bbox 765 1742 864 1785; x_wconf 89' lang='lat' dir='ltr'>meam</span> <span class='ocrx_word' id='word_1_165' title='bbox 888 1724 1145 1788; x_wconf 82' lang='lat' dir='ltr'>existimationem</span> <span class='ocrx_word' id='word_1_166' title='bbox 1175 1726 1342 1806; x_wconf 90' lang='lat' dir='ltr'>pertinere,</span> <span class='ocrx_word' id='word_1_167' title='bbox 1374 1728 1453 1808; x_wconf 87' lang='lat' dir='ltr'>qnod</span> <span class='ocrx_word' id='word_1_168' title='bbox 1476 1736 1509 1810; x_wconf 85' lang='lat' dir='ltr'>tu</span> 
     </span>
     <span class='ocr_line' id='line_1_17' title="bbox 143 1810 401 1875; baseline -0.023 0"><span class='ocrx_word' id='word_1_169' title='bbox 143 1815 180 1875; x_wconf 85' lang='lat' dir='ltr'>de</span> <span class='ocrx_word' id='word_1_170' title='bbox 203 1834 252 1875; x_wconf 89' lang='lat' dir='ltr'>me</span> <span class='ocrx_word' id='word_1_171' title='bbox 276 1810 401 1873; x_wconf 86' lang='lat' dir='ltr'>sentias.</span> 
     </span>
    </p>

    <p class='ocr_par' dir='ltr' id='par_1_4' title="bbox 141 1900 1507 2233">
     <span class='ocr_line' id='line_1_18' title="bbox 232 1900 1506 1978; baseline 0.003 -14"><span class='ocrx_word' id='word_1_172' title='bbox 232 1901 281 1964; x_wconf 81' lang='lat' dir='ltr'>Ad</span> <span class='ocrx_word' id='word_1_173' title='bbox 306 1907 481 1972; x_wconf 83' lang='lat' dir='ltr'>extremum,</span> <span class='ocrx_word' id='word_1_174' title='bbox 506 1905 633 1956; x_wconf 87' lang='lat' dir='ltr'>concludit</span> <span class='ocrx_word' id='word_1_175' title='bbox 650 1906 786 1970; x_wconf 81' lang='lat' dir='ltr'>Koplarus,</span> <span class='ocrx_word' id='word_1_176' title='bbox 807 1908 839 1957; x_wconf 91' lang='lat' dir='ltr'>ad</span> <span class='ocrx_word' id='word_1_177' title='bbox 858 1907 1020 1959; x_wconf 80' lang='lat' dir='ltr'>Maestiinnm</span> <span class='ocrx_word' id='word_1_178' title='bbox 1039 1910 1158 1974; x_wconf 87' lang='lat' dir='ltr'>loquens,</span> <span class='ocrx_word' id='word_1_179' title='bbox 1188 1903 1305 1978; x_wconf 83' lang='lat' dir='ltr'>addidi,</span> <span class='ocrx_word' id='word_1_180' title='bbox 1330 1923 1387 1965; x_wconf 85' lang='lat' dir='ltr'>non</span> <span class='ocrx_word' id='word_1_181' title='bbox 1411 1900 1506 1968; x_wconf 62' lang='lat' dir='ltr'>videri</span> 
     </span>
     <span class='ocr_line' id='line_1_19' title="bbox 141 1986 1507 2074; baseline 0.004 -22"><span class='ocrx_word' id='word_1_182' title='bbox 141 1994 264 2074; x_wconf 89' lang='lat' dir='ltr'>dignum</span> <span class='ocrx_word' id='word_1_183' title='bbox 289 1987 439 2071; x_wconf 83' lang='lat' dir='ltr'>Tychonis</span> <span class='ocrx_word' id='word_1_184' title='bbox 463 1986 686 2065; x_wconf 83' lang='lat' dir='ltr'>magnitudine,</span> <span class='ocrx_word' id='word_1_185' title='bbox 720 1997 754 2048; x_wconf 90' lang='lat' dir='ltr'>nt</span> <span class='ocrx_word' id='word_1_186' title='bbox 778 1997 840 2049; x_wconf 91' lang='lat' dir='ltr'>tam</span> <span class='ocrx_word' id='word_1_187' title='bbox 865 1990 1063 2052; x_wconf 89' lang='lat' dir='ltr'>vehementer</span> <span class='ocrx_word' id='word_1_188' title='bbox 1086 1992 1124 2053; x_wconf 95' lang='lat' dir='ltr'>ob</span> <span class='ocrx_word' id='word_1_189' title='bbox 1152 1991 1230 2054; x_wconf 90' lang='lat' dir='ltr'>hauc</span> <span class='ocrx_word' id='word_1_190' title='bbox 1258 1993 1507 2057; x_wconf 86' lang='lat' dir='ltr'>obtrectationem</span> 
     </span>
     <span class='ocr_line' id='line_1_20' title="bbox 141 2077 1507 2164; baseline 0.001 -20"><span class='ocrx_word' id='word_1_191' title='bbox 141 2087 375 2144; x_wconf 89' lang='lat' dir='ltr'>commoveatur.</span> <span class='ocrx_word' id='word_1_192' title='bbox 423 2077 561 2137; x_wconf 85' lang='lat' dir='ltr'>Patietur</span> <span class='ocrx_word' id='word_1_193' title='bbox 584 2077 685 2156; x_wconf 86' lang='lat' dir='ltr'>potius</span> <span class='ocrx_word' id='word_1_194' title='bbox 710 2096 801 2157; x_wconf 92' lang='lat' dir='ltr'>opera</span> <span class='ocrx_word' id='word_1_195' title='bbox 825 2097 878 2157; x_wconf 91' lang='lat' dir='ltr'>pro</span> <span class='ocrx_word' id='word_1_196' title='bbox 905 2089 1033 2158; x_wconf 90' lang='lat' dir='ltr'>utroque</span> <span class='ocrx_word' id='word_1_197' title='bbox 1059 2079 1148 2160; x_wconf 88' lang='lat' dir='ltr'>loqui,</span> <span class='ocrx_word' id='word_1_198' title='bbox 1173 2101 1309 2156; x_wconf 88' lang='lat' dir='ltr'>securus,</span> <span class='ocrx_word' id='word_1_199' title='bbox 1334 2082 1405 2164; x_wconf 89' lang='lat' dir='ltr'>quid</span> <span class='ocrx_word' id='word_1_200' title='bbox 1427 2083 1507 2145; x_wconf 91' lang='lat' dir='ltr'>docti</span> 
     </span>
     <span class='ocr_line' id='line_1_21' title="bbox 141 2169 353 2233; baseline -0.028 0"><span class='ocrx_word' id='word_1_201' title='bbox 141 2171 259 2233; x_wconf 91' lang='lat' dir='ltr'>sensuri</span> <span class='ocrx_word' id='word_1_202' title='bbox 283 2169 353 2231; x_wconf 92' lang='lat' dir='ltr'>sint.</span> 
     </span>
    </p>
   </div>
   <div class='ocr_carea' id='block_1_4' title="bbox 129 2337 1506 4913">
    <p class='ocr_par' dir='ltr' id='par_1_5' title="bbox 138 2337 1506 2479">
     <span class='ocr_line' id='line_1_22' title="bbox 212 2337 1505 2411; baseline -0.005 -16"><span class='ocrx_word' id='word_1_203' title='bbox 212 2345 315 2409; x_wconf 81' lang='lat' dir='ltr'>Tycha</span> <span class='ocrx_word' id='word_1_204' title='bbox 333 2345 370 2393; x_wconf 90' lang='lat' dir='ltr'>his</span> <span class='ocrx_word' id='word_1_205' title='bbox 389 2341 491 2406; x_wconf 85' lang='lat' dir='ltr'>Kepleri</span> <span class='ocrx_word' id='word_1_206' title='bbox 509 2341 585 2390; x_wconf 87' lang='lat' dir='ltr'>literis</span> <span class='ocrx_word' id='word_1_207' title='bbox 603 2341 729 2403; x_wconf 88' lang='lat' dir='ltr'>respoudit</span> <span class='ocrx_word' id='word_1_208' title='bbox 748 2337 782 2401; x_wconf 90' lang='lat' dir='ltr'>(d.</span> <span class='ocrx_word' id='word_1_209' title='bbox 804 2337 828 2389; x_wconf 77' lang='grc'>9.</span> <span class='ocrx_word' id='word_1_210' title='bbox 848 2342 911 2392; x_wconf 89' lang='lat' dir='ltr'>Dec.</span> <span class='ocrx_word' id='word_1_211' title='bbox 932 2340 1013 2404; x_wconf 76' lang='lat'>1599)</span> <span class='ocrx_word' id='word_1_212' title='bbox 1038 2343 1162 2407; x_wconf 90' lang='lat' dir='ltr'>pluribus,</span> <span class='ocrx_word' id='word_1_213' title='bbox 1185 2358 1287 2409; x_wconf 84' lang='lat' dir='ltr'>quorum</span> <span class='ocrx_word' id='word_1_214' title='bbox 1313 2360 1356 2404; x_wconf 85' lang='lat' dir='ltr'>aa,</span> <span class='ocrx_word' id='word_1_215' title='bbox 1384 2360 1449 2411; x_wconf 75' lang='lat' dir='ltr'>quas</span> <span class='ocrx_word' id='word_1_216' title='bbox 1472 2347 1505 2399; x_wconf 61' lang='lat' dir='ltr'>sd</span> 
     </span>
     <span class='ocr_line' id='line_1_23' title="bbox 138 2409 1506 2479; baseline -0.002 -10"><span class='ocrx_word' id='word_1_217' title='bbox 138 2418 300 2469; x_wconf 83' lang='lat' dir='ltr'>Prodromum</span> <span class='ocrx_word' id='word_1_218' title='bbox 318 2416 456 2479; x_wconf 91' lang='lat' dir='ltr'>pertinent,</span> <span class='ocrx_word' id='word_1_219' title='bbox 476 2426 551 2476; x_wconf 86' lang='lat' dir='ltr'>supra</span> <span class='ocrx_word' id='word_1_220' title='bbox 575 2411 727 2461; x_wconf 81' lang='lat' dir='ltr'>exhibuimus</span> <span class='ocrx_word' id='word_1_221' title='bbox 751 2409 820 2478; x_wconf 86' lang='lat' dir='ltr'>(pag.</span> <span class='ocrx_word' id='word_1_222' title='bbox 840 2409 874 2460; x_wconf 77' lang='grc'>46</span> <span class='ocrx_word' id='word_1_223' title='bbox 892 2410 949 2478; x_wconf 84' lang='lat' dir='ltr'>sq).</span> <span class='ocrx_word' id='word_1_224' title='bbox 989 2414 1059 2474; x_wconf 86' lang='lat' dir='ltr'>Quae</span> <span class='ocrx_word' id='word_1_225' title='bbox 1078 2414 1126 2465; x_wconf 88' lang='lat' dir='ltr'>huc</span> <span class='ocrx_word' id='word_1_226' title='bbox 1144 2419 1285 2479; x_wconf 91' lang='lat' dir='ltr'>pertinent,</span> <span class='ocrx_word' id='word_1_227' title='bbox 1314 2417 1408 2468; x_wconf 81' lang='lat' dir='ltr'>haecce</span> <span class='ocrx_word' id='word_1_228' title='bbox 1431 2425 1506 2470; x_wconf 90' lang='lat' dir='ltr'>suut:</span> 
     </span>
    </p>

    <p class='ocr_par' dir='ltr' id='par_1_6' title="bbox 136 2483 1506 2980">
     <span class='ocr_line' id='line_1_24' title="bbox 214 2483 1506 2554; baseline 0 -16"><span class='ocrx_word' id='word_1_229' title='bbox 214 2488 417 2552; x_wconf 78' lang='lat' dir='ltr'>Exoptatissimas</span> <span class='ocrx_word' id='word_1_230' title='bbox 431 2491 457 2533; x_wconf 88' lang='lat' dir='ltr'>et</span> <span class='ocrx_word' id='word_1_231' title='bbox 469 2484 646 2534; x_wconf 88' lang='lat' dir='ltr'>emditissimas</span> <span class='ocrx_word' id='word_1_232' title='bbox 663 2492 720 2532; x_wconf 86' lang='lat' dir='ltr'>tuas</span> <span class='ocrx_word' id='word_1_233' title='bbox 736 2483 831 2540; x_wconf 88' lang='lat' dir='ltr'>literas,</span> <span class='ocrx_word' id='word_1_234' title='bbox 845 2484 889 2532; x_wconf 91' lang='lat' dir='ltr'>Vir</span> <span class='ocrx_word' id='word_1_235' title='bbox 901 2483 1059 2541; x_wconf 83' lang='lat' dir='ltr'>Doctissime,</span> <span class='ocrx_word' id='word_1_236' title='bbox 1078 2492 1105 2535; x_wconf 88' lang='lat' dir='ltr'>st</span> <span class='ocrx_word' id='word_1_237' title='bbox 1117 2487 1147 2536; x_wconf 92' lang='lat' dir='ltr'>ob</span> <span class='ocrx_word' id='word_1_238' title='bbox 1160 2489 1262 2536; x_wconf 81' lang='lat' dir='ltr'>eximias</span> <span class='ocrx_word' id='word_1_239' title='bbox 1274 2489 1369 2554; x_wconf 90' lang='lat' dir='ltr'>ingenii</span> <span class='ocrx_word' id='word_1_240' title='bbox 1381 2491 1417 2539; x_wconf 91' lang='lat' dir='ltr'>tui</span> <span class='ocrx_word' id='word_1_241' title='bbox 1436 2490 1506 2542; x_wconf 87' lang='lat' dir='ltr'>dotes</span> 
     </span>
     <span class='ocr_line' id='line_1_25' title="bbox 139 2551 1504 2624; baseline -0.001 -11"><span class='ocrx_word' id='word_1_242' title='bbox 139 2560 212 2624; x_wconf 86' lang='lat' dir='ltr'>(lieet</span> <span class='ocrx_word' id='word_1_243' title='bbox 225 2561 256 2610; x_wconf 87' lang='lat' dir='ltr'>de</span> <span class='ocrx_word' id='word_1_244' title='bbox 269 2559 334 2609; x_wconf 84' lang='lat' dir='ltr'>iacis</span> <span class='ocrx_word' id='word_1_245' title='bbox 346 2557 408 2606; x_wconf 88' lang='lat' dir='ltr'>mihi</span> <span class='ocrx_word' id='word_1_246' title='bbox 416 2555 523 2605; x_wconf 88' lang='lat' dir='ltr'>necdum</span> <span class='ocrx_word' id='word_1_247' title='bbox 538 2551 649 2620; x_wconf 88' lang='lat' dir='ltr'>cognite)</span> <span class='ocrx_word' id='word_1_248' title='bbox 662 2555 791 2617; x_wconf 90' lang='lat' dir='ltr'>plurimum</span> <span class='ocrx_word' id='word_1_249' title='bbox 804 2562 888 2604; x_wconf 88' lang='lat' dir='ltr'>tamau</span> <span class='ocrx_word' id='word_1_250' title='bbox 901 2557 1003 2616; x_wconf 89' lang='lat' dir='ltr'>dilecte,</span> <span class='ocrx_word' id='word_1_251' title='bbox 1023 2559 1109 2620; x_wconf 89' lang='lat' dir='ltr'>accepi</span> <span class='ocrx_word' id='word_1_252' title='bbox 1127 2559 1292 2621; x_wconf 88' lang='lat' dir='ltr'>praecedente</span> <span class='ocrx_word' id='word_1_253' title='bbox 1306 2566 1403 2610; x_wconf 82' lang='lat' dir='ltr'>aestate</span> <span class='ocrx_word' id='word_1_254' title='bbox 1414 2560 1504 2612; x_wconf 87' lang='lat' dir='ltr'>Witts·</span> 
     </span>
     <span class='ocr_line' id='line_1_26' title="bbox 138 2626 1505 2701; baseline -0.001 -16"><span class='ocrx_word' id='word_1_255' title='bbox 138 2636 241 2699; x_wconf 77' lang='lat' dir='ltr'>borgee,</span> <span class='ocrx_word' id='word_1_256' title='bbox 259 2630 333 2695; x_wconf 87' lang='lat' dir='ltr'>paulo</span> <span class='ocrx_word' id='word_1_257' title='bbox 353 2635 487 2691; x_wconf 87' lang='lat' dir='ltr'>antequam</span> <span class='ocrx_word' id='word_1_258' title='bbox 505 2627 563 2676; x_wconf 91' lang='lat' dir='ltr'>inde</span> <span class='ocrx_word' id='word_1_259' title='bbox 583 2626 743 2683; x_wconf 87' lang='lat' dir='ltr'>discederem,</span> <span class='ocrx_word' id='word_1_260' title='bbox 764 2641 818 2674; x_wconf 90' lang='lat' dir='ltr'>curn</span> <span class='ocrx_word' id='word_1_261' title='bbox 837 2629 861 2675; x_wconf 93' lang='lat' dir='ltr'>in</span> <span class='ocrx_word' id='word_1_262' title='bbox 881 2630 1010 2690; x_wconf 86' lang='lat' dir='ltr'>procinctu</span> <span class='ocrx_word' id='word_1_263' title='bbox 1030 2643 1109 2677; x_wconf 86' lang='lat' dir='ltr'>essem</span> <span class='ocrx_word' id='word_1_264' title='bbox 1129 2630 1223 2678; x_wconf 89' lang='lat' dir='ltr'>itineris</span> <span class='ocrx_word' id='word_1_265' title='bbox 1234 2630 1370 2680; x_wconf 89' lang='lat' dir='ltr'>Bohemiei.</span> <span class='ocrx_word' id='word_1_266' title='bbox 1399 2632 1505 2701; x_wconf 87' lang='lat' dir='ltr'>ideoque</span> 
     </span>
     <span class='ocr_line' id='line_1_27' title="bbox 138 2697 1506 2766; baseline -0.001 -11"><span class='ocrx_word' id='word_1_267' title='bbox 138 2713 192 2754; x_wconf 89' lang='lat' dir='ltr'>tum</span> <span class='ocrx_word' id='word_1_268' title='bbox 212 2704 243 2752; x_wconf 89' lang='lat' dir='ltr'>iis</span> <span class='ocrx_word' id='word_1_269' title='bbox 261 2699 426 2765; x_wconf 87' lang='lat' dir='ltr'>respondendi</span> <span class='ocrx_word' id='word_1_270' title='bbox 444 2697 510 2747; x_wconf 82' lang='lat' dir='ltr'>nulla</span> <span class='ocrx_word' id='word_1_271' title='bbox 531 2698 638 2747; x_wconf 84' lang='lat' dir='ltr'>dabatur</span> <span class='ocrx_word' id='word_1_272' title='bbox 661 2701 845 2760; x_wconf 87' lang='lat' dir='ltr'>opportunitas,</span> <span class='ocrx_word' id='word_1_273' title='bbox 875 2701 910 2747; x_wconf 87' lang='lat' dir='ltr'>oti</span> <span class='ocrx_word' id='word_1_274' title='bbox 934 2714 1013 2762; x_wconf 89' lang='lat' dir='ltr'>neque</span> <span class='ocrx_word' id='word_1_275' title='bbox 1036 2706 1124 2762; x_wconf 90' lang='lat' dir='ltr'>postea</span> <span class='ocrx_word' id='word_1_276' title='bbox 1145 2715 1222 2764; x_wconf 90' lang='lat' dir='ltr'>usque</span> <span class='ocrx_word' id='word_1_277' title='bbox 1248 2703 1273 2750; x_wconf 90' lang='lat' dir='ltr'>in</span> <span class='ocrx_word' id='word_1_278' title='bbox 1295 2702 1341 2751; x_wconf 90' lang='lat' dir='ltr'>hoc</span> <span class='ocrx_word' id='word_1_279' title='bbox 1360 2709 1456 2766; x_wconf 88' lang='lat' dir='ltr'>tempus</span> <span class='ocrx_word' id='word_1_280' title='bbox 1474 2703 1506 2754; x_wconf 89' lang='lat' dir='ltr'>cb</span> 
     </span>
     <span class='ocr_line' id='line_1_28' title="bbox 136 2769 1504 2836; baseline -0.004 -9"><span class='ocrx_word' id='word_1_281' title='bbox 136 2792 220 2827; x_wconf 87' lang='lat' dir='ltr'>rerum</span> <span class='ocrx_word' id='word_1_282' title='bbox 239 2786 350 2823; x_wconf 87' lang='lat' dir='ltr'>mearum</span> <span class='ocrx_word' id='word_1_283' title='bbox 368 2769 574 2826; x_wconf 81' lang='lat' dir='ltr'>vicissitudinem,</span> <span class='ocrx_word' id='word_1_284' title='bbox 601 2776 627 2819; x_wconf 91' lang='lat' dir='ltr'>at</span> <span class='ocrx_word' id='word_1_285' title='bbox 650 2782 739 2817; x_wconf 84' lang='lat' dir='ltr'>nerum</span> <span class='ocrx_word' id='word_1_286' title='bbox 763 2769 896 2818; x_wconf 88' lang='lat' dir='ltr'>earundem</span> <span class='ocrx_word' id='word_1_287' title='bbox 922 2771 947 2819; x_wconf 94' lang='lat' dir='ltr'>iu</span> <span class='ocrx_word' id='word_1_288' title='bbox 969 2770 1030 2819; x_wconf 88' lang='lat' dir='ltr'>loeis</span> <span class='ocrx_word' id='word_1_289' title='bbox 1053 2772 1186 2835; x_wconf 84' lang='lat' dir='ltr'>peregrinis</span> <span class='ocrx_word' id='word_1_290' title='bbox 1213 2781 1369 2836; x_wconf 85' lang='lat' dir='ltr'>apparatum.</span> <span class='ocrx_word' id='word_1_291' title='bbox 1408 2773 1504 2825; x_wconf 79' lang='lat' dir='ltr'>Nactus</span> 
     </span>
     <span class='ocr_line' id='line_1_29' title="bbox 141 2840 1505 2912; baseline -0.002 -14"><span class='ocrx_word' id='word_1_292' title='bbox 141 2855 228 2898; x_wconf 86' lang='lat' dir='ltr'>autem</span> <span class='ocrx_word' id='word_1_293' title='bbox 245 2848 299 2910; x_wconf 87' lang='lat' dir='ltr'>jam</span> <span class='ocrx_word' id='word_1_294' title='bbox 319 2840 499 2908; x_wconf 87' lang='lat' dir='ltr'>aliquantulum</span> <span class='ocrx_word' id='word_1_295' title='bbox 517 2841 569 2897; x_wconf 87' lang='lat' dir='ltr'>otii,</span> <span class='ocrx_word' id='word_1_296' title='bbox 589 2843 639 2889; x_wconf 82' lang='lat' dir='ltr'>uua</span> <span class='ocrx_word' id='word_1_297' title='bbox 659 2854 713 2888; x_wconf 91' lang='lat' dir='ltr'>cum</span> <span class='ocrx_word' id='word_1_298' title='bbox 732 2841 845 2890; x_wconf 87' lang='lat' dir='ltr'>mittendi</span> <span class='ocrx_word' id='word_1_299' title='bbox 859 2842 892 2890; x_wconf 91' lang='lat' dir='ltr'>ad</span> <span class='ocrx_word' id='word_1_300' title='bbox 904 2848 929 2891; x_wconf 90' lang='lat' dir='ltr'>te</span> <span class='ocrx_word' id='word_1_301' title='bbox 941 2856 1011 2892; x_wconf 86' lang='lat' dir='ltr'>meas</span> <span class='ocrx_word' id='word_1_302' title='bbox 1024 2842 1207 2901; x_wconf 86' lang='lat' dir='ltr'>commoditate,</span> <span class='ocrx_word' id='word_1_303' title='bbox 1226 2859 1276 2893; x_wconf 93' lang='lat' dir='ltr'>nou</span> <span class='ocrx_word' id='word_1_304' title='bbox 1294 2844 1384 2894; x_wconf 73' lang='lat' dir='ltr'>diodus</span> <span class='ocrx_word' id='word_1_305' title='bbox 1402 2847 1505 2912; x_wconf 85' lang='lat' dir='ltr'>rescrip-</span> 
     </span>
     <span class='ocr_line' id='line_1_30' title="bbox 137 2911 858 2980; baseline -0.021 -11"><span class='ocrx_word' id='word_1_306' title='bbox 137 2920 206 2971; x_wconf 85' lang='lat' dir='ltr'>tione</span> <span class='ocrx_word' id='word_1_307' title='bbox 225 2916 434 2980; x_wconf 78' lang='lat' dir='ltr'>supersedendum</span> <span class='ocrx_word' id='word_1_308' title='bbox 454 2911 587 2961; x_wconf 87' lang='lat' dir='ltr'>arbitratns</span> <span class='ocrx_word' id='word_1_309' title='bbox 605 2926 667 2960; x_wconf 90' lang='lat' dir='ltr'>sum.</span> <span class='ocrx_word' id='word_1_310' title='bbox 855 2969 858 2973; x_wconf 88' lang='lat'>.</span> 
     </span>
    </p>

    <p class='ocr_par' dir='ltr' id='par_1_7' title="bbox 129 2981 1504 4913">
     <span class='ocr_line' id='line_1_31' title="bbox 211 2981 1504 3051; baseline -0.002 -12"><span class='ocrx_word' id='word_1_311' title='bbox 211 2989 283 3051; x_wconf 78' lang='lat' dir='ltr'>Quae</span> <span class='ocrx_word' id='word_1_312' title='bbox 302 2988 334 3037; x_wconf 93' lang='lat' dir='ltr'>ab</span> <span class='ocrx_word' id='word_1_313' title='bbox 350 2986 419 3036; x_wconf 89' lang='lat' dir='ltr'>initio</span> <span class='ocrx_word' id='word_1_314' title='bbox 439 2983 470 3032; x_wconf 91' lang='lat' dir='ltr'>de</span> <span class='ocrx_word' id='word_1_315' title='bbox 488 2983 643 3031; x_wconf 80' lang='lat' dir='ltr'>mateteriato</span> <span class='ocrx_word' id='word_1_316' title='bbox 666 2983 714 3030; x_wconf 87' lang='lat' dir='ltr'>isto</span> <span class='ocrx_word' id='word_1_317' title='bbox 733 2981 796 3032; x_wconf 90' lang='lat' dir='ltr'>Urso</span> <span class='ocrx_word' id='word_1_318' title='bbox 820 2985 856 3032; x_wconf 92' lang='lat' dir='ltr'>tui</span> <span class='ocrx_word' id='word_1_319' title='bbox 875 2983 997 3049; x_wconf 90' lang='lat' dir='ltr'>purgandi</span> <span class='ocrx_word' id='word_1_320' title='bbox 1021 2996 1099 3032; x_wconf 90' lang='lat' dir='ltr'>eausa</span> <span class='ocrx_word' id='word_1_321' title='bbox 1121 2985 1215 3049; x_wconf 89' lang='lat' dir='ltr'>prolixa</span> <span class='ocrx_word' id='word_1_322' title='bbox 1239 3000 1429 3044; x_wconf 85' lang='lat' dir='ltr'>commemoras,</span> <span class='ocrx_word' id='word_1_323' title='bbox 1453 3001 1504 3039; x_wconf 88' lang='lat' dir='ltr'>non</span> 
     </span>
     <span class='ocr_line' id='line_1_32' title="bbox 136 3051 1503 3128; baseline -0.003 -15"><span class='ocrx_word' id='word_1_324' title='bbox 136 3062 253 3128; x_wconf 83' lang='lat' dir='ltr'>equidem</span> <span class='ocrx_word' id='word_1_325' title='bbox 270 3065 309 3108; x_wconf 92' lang='lat' dir='ltr'>tot</span> <span class='ocrx_word' id='word_1_326' title='bbox 327 3058 405 3108; x_wconf 84' lang='lat' dir='ltr'>verbis</span> <span class='ocrx_word' id='word_1_327' title='bbox 426 3061 451 3105; x_wconf 89' lang='lat' dir='ltr'>et</span> <span class='ocrx_word' id='word_1_328' title='bbox 469 3060 521 3104; x_wconf 88' lang='lat' dir='ltr'>tam</span> <span class='ocrx_word' id='word_1_329' title='bbox 541 3054 663 3117; x_wconf 88' lang='lat' dir='ltr'>exquisita</span> <span class='ocrx_word' id='word_1_330' title='bbox 681 3051 851 3104; x_wconf 87' lang='lat' dir='ltr'>declaratione</span> <span class='ocrx_word' id='word_1_331' title='bbox 869 3056 1041 3120; x_wconf 84' lang='lat' dir='ltr'>indiguissent,</span> <span class='ocrx_word' id='word_1_332' title='bbox 1062 3070 1117 3104; x_wconf 91' lang='lat' dir='ltr'>oum</span> <span class='ocrx_word' id='word_1_333' title='bbox 1134 3057 1241 3120; x_wconf 90' lang='lat' dir='ltr'>ipsemet</span> <span class='ocrx_word' id='word_1_334' title='bbox 1259 3058 1322 3107; x_wconf 83' lang='lat' dir='ltr'>alias</span> <span class='ocrx_word' id='word_1_335' title='bbox 1334 3064 1360 3107; x_wconf 92' lang='lat' dir='ltr'>te</span> <span class='ocrx_word' id='word_1_336' title='bbox 1378 3060 1439 3109; x_wconf 90' lang='lat' dir='ltr'>satis</span> <span class='ocrx_word' id='word_1_337' title='bbox 1458 3073 1503 3110; x_wconf 85' lang='lat' dir='ltr'>ax·</span> 
     </span>
     <span class='ocr_line' id='line_1_33' title="bbox 136 3125 1503 3193; baseline -0.009 -9"><span class='ocrx_word' id='word_1_338' title='bbox 136 3139 253 3184; x_wconf 83' lang='lat' dir='ltr'>ansatum</span> <span class='ocrx_word' id='word_1_339' title='bbox 271 3130 378 3180; x_wconf 88' lang='lat' dir='ltr'>habeam</span> <span class='ocrx_word' id='word_1_340' title='bbox 397 3125 505 3190; x_wconf 89' lang='lat' dir='ltr'>nihilque</span> <span class='ocrx_word' id='word_1_341' title='bbox 524 3125 568 3174; x_wconf 88' lang='lat' dir='ltr'>tibi</span> <span class='ocrx_word' id='word_1_342' title='bbox 586 3127 718 3189; x_wconf 87' lang='lat' dir='ltr'>imputem,</span> <span class='ocrx_word' id='word_1_343' title='bbox 736 3125 801 3187; x_wconf 91' lang='lat' dir='ltr'>quod</span> <span class='ocrx_word' id='word_1_344' title='bbox 819 3127 840 3174; x_wconf 95' lang='lat' dir='ltr'>is</span> <span class='ocrx_word' id='word_1_345' title='bbox 858 3125 942 3176; x_wconf 86' lang='lat' dir='ltr'>literas</span> <span class='ocrx_word' id='word_1_346' title='bbox 961 3132 1031 3183; x_wconf 85' lang='lat' dir='ltr'>tuas,</span> <span class='ocrx_word' id='word_1_347' title='bbox 1052 3133 1078 3175; x_wconf 90' lang='lat' dir='ltr'>et</span> <span class='ocrx_word' id='word_1_348' title='bbox 1095 3140 1138 3176; x_wconf 86' lang='lat' dir='ltr'>aas</span> <span class='ocrx_word' id='word_1_349' title='bbox 1157 3128 1270 3193; x_wconf 88' lang='lat' dir='ltr'>quidem,</span> <span class='ocrx_word' id='word_1_350' title='bbox 1288 3131 1325 3178; x_wconf 86' lang='lat' dir='ltr'>uti</span> <span class='ocrx_word' id='word_1_351' title='bbox 1344 3144 1411 3179; x_wconf 78' lang='lat' dir='ltr'>nune</span> <span class='ocrx_word' id='word_1_352' title='bbox 1429 3145 1460 3181; x_wconf 68' lang='grc' dir='ltr'>οι</span> <span class='ocrx_word' id='word_1_353' title='bbox 1476 3136 1503 3181; x_wconf 72' lang='lat' dir='ltr'>ss</span> 
     </span>
     <span class='ocr_line' id='line_1_34' title="bbox 135 3196 1503 3270; baseline -0.005 -15"><span class='ocrx_word' id='word_1_354' title='bbox 135 3205 255 3270; x_wconf 87' lang='lat' dir='ltr'>percipio,</span> <span class='ocrx_word' id='word_1_355' title='bbox 275 3202 402 3251; x_wconf 89' lang='lat' dir='ltr'>mutilatas</span> <span class='ocrx_word' id='word_1_356' title='bbox 421 3205 447 3248; x_wconf 89' lang='lat' dir='ltr'>et</span> <span class='ocrx_word' id='word_1_357' title='bbox 466 3198 627 3259; x_wconf 79' lang='lat' dir='ltr'>depravatas,</span> <span class='ocrx_word' id='word_1_358' title='bbox 647 3197 684 3244; x_wconf 87' lang='lat' dir='ltr'>sui</span> <span class='ocrx_word' id='word_1_359' title='bbox 704 3196 808 3245; x_wconf 85' lang='lat' dir='ltr'>amandi</span> <span class='ocrx_word' id='word_1_360' title='bbox 833 3212 922 3257; x_wconf 87' lang='lat' dir='ltr'>causa,</span> <span class='ocrx_word' id='word_1_361' title='bbox 949 3212 1007 3247; x_wconf 88' lang='lat' dir='ltr'>nam</span> <span class='ocrx_word' id='word_1_362' title='bbox 1030 3199 1065 3248; x_wconf 91' lang='lat' dir='ltr'>sic</span> <span class='ocrx_word' id='word_1_363' title='bbox 1084 3199 1146 3249; x_wconf 83' lang='lat' dir='ltr'>forte</span> <span class='ocrx_word' id='word_1_364' title='bbox 1165 3215 1225 3264; x_wconf 91' lang='lat' dir='ltr'>opus</span> <span class='ocrx_word' id='word_1_365' title='bbox 1243 3200 1343 3258; x_wconf 88' lang='lat' dir='ltr'>habuit,</span> <span class='ocrx_word' id='word_1_366' title='bbox 1368 3202 1414 3250; x_wconf 89' lang='lat' dir='ltr'>isto</span> <span class='ocrx_word' id='word_1_367' title='bbox 1437 3200 1503 3269; x_wconf 90' lang='lat' dir='ltr'>quod</span> 
     </span>
     <span class='ocr_line' id='line_1_35' title="bbox 135 3268 1503 3342; baseline -0.01 -15"><span class='ocrx_word' id='word_1_368' title='bbox 135 3275 262 3342; x_wconf 78' lang='lat' dir='ltr'>evulgavit</span> <span class='ocrx_word' id='word_1_369' title='bbox 281 3272 375 3323; x_wconf 83' lang='lat' dir='ltr'>scurrili</span> <span class='ocrx_word' id='word_1_370' title='bbox 394 3276 420 3320; x_wconf 91' lang='lat' dir='ltr'>et</span> <span class='ocrx_word' id='word_1_371' title='bbox 436 3268 570 3318; x_wconf 87' lang='lat' dir='ltr'>maledicto</span> <span class='ocrx_word' id='word_1_372' title='bbox 589 3269 692 3331; x_wconf 87' lang='lat' dir='ltr'>scripto,</span> <span class='ocrx_word' id='word_1_373' title='bbox 718 3273 744 3316; x_wconf 94' lang='lat' dir='ltr'>te</span> <span class='ocrx_word' id='word_1_374' title='bbox 768 3268 845 3317; x_wconf 88' lang='lat' dir='ltr'>inscio</span> <span class='ocrx_word' id='word_1_375' title='bbox 870 3275 895 3318; x_wconf 91' lang='lat' dir='ltr'>et</span> <span class='ocrx_word' id='word_1_376' title='bbox 919 3271 995 3317; x_wconf 86' lang='lat' dir='ltr'>inrito</span> <span class='ocrx_word' id='word_1_377' title='bbox 1013 3270 1151 3319; x_wconf 89' lang='lat' dir='ltr'>iusemarit.</span> <span class='ocrx_word' id='word_1_378' title='bbox 1188 3271 1228 3320; x_wconf 90' lang='lat' dir='ltr'>De</span> <span class='ocrx_word' id='word_1_379' title='bbox 1246 3271 1422 3336; x_wconf 70' lang='lat' dir='ltr'>hypothesibus</span> <span class='ocrx_word' id='word_1_380' title='bbox 1440 3273 1503 3324; x_wconf 60' lang='lat' dir='ltr'>mat„</span> 
     </span>
     <span class='ocr_line' id='line_1_36' title="bbox 134 3339 1504 3409; baseline -0.002 -12"><span class='ocrx_word' id='word_1_381' title='bbox 134 3350 168 3397; x_wconf 90' lang='lat' dir='ltr'>ab</span> <span class='ocrx_word' id='word_1_382' title='bbox 187 3347 229 3397; x_wconf 88' lang='lat' dir='ltr'>ilio</span> <span class='ocrx_word' id='word_1_383' title='bbox 247 3345 383 3409; x_wconf 82' lang='lat' dir='ltr'>praereptis</span> <span class='ocrx_word' id='word_1_384' title='bbox 402 3349 428 3392; x_wconf 90' lang='lat' dir='ltr'>et</span> <span class='ocrx_word' id='word_1_385' title='bbox 445 3354 489 3404; x_wconf 91' lang='lat' dir='ltr'>pro</span> <span class='ocrx_word' id='word_1_386' title='bbox 508 3339 558 3388; x_wconf 88' lang='lat' dir='ltr'>suis</span> <span class='ocrx_word' id='word_1_387' title='bbox 577 3339 711 3388; x_wconf 84' lang='lat' dir='ltr'>venditatis</span> <span class='ocrx_word' id='word_1_388' title='bbox 730 3353 780 3387; x_wconf 91' lang='lat' dir='ltr'>uon</span> <span class='ocrx_word' id='word_1_389' title='bbox 799 3345 873 3388; x_wconf 90' lang='lat' dir='ltr'>tauta</span> <span class='ocrx_word' id='word_1_390' title='bbox 894 3346 960 3389; x_wconf 88' lang='lat' dir='ltr'>esset</span> <span class='ocrx_word' id='word_1_391' title='bbox 978 3341 1097 3404; x_wconf 84' lang='lat' dir='ltr'>quaestio,</span> <span class='ocrx_word' id='word_1_392' title='bbox 1117 3342 1164 3390; x_wconf 88' lang='lat' dir='ltr'>uisi</span> <span class='ocrx_word' id='word_1_393' title='bbox 1183 3343 1209 3391; x_wconf 92' lang='lat' dir='ltr'>iu</span> <span class='ocrx_word' id='word_1_394' title='bbox 1227 3343 1274 3392; x_wconf 90' lang='lat' dir='ltr'>isto</span> <span class='ocrx_word' id='word_1_395' title='bbox 1293 3343 1458 3394; x_wconf 85' lang='lat' dir='ltr'>inverecundo</span> <span class='ocrx_word' id='word_1_396' title='bbox 1477 3350 1504 3397; x_wconf 90' lang='lat' dir='ltr'>et</span> 
     </span>
     <span class='ocr_line' id='line_1_37' title="bbox 133 3409 1501 3485; baseline -0.01 -17"><span class='ocrx_word' id='word_1_397' title='bbox 133 3418 260 3485; x_wconf 81' lang='lat' dir='ltr'>tigmentis</span> <span class='ocrx_word' id='word_1_398' title='bbox 280 3421 355 3481; x_wconf 86' lang='lat' dir='ltr'>atque</span> <span class='ocrx_word' id='word_1_399' title='bbox 375 3413 504 3463; x_wconf 76' lang='lat' dir='ltr'>calumuiIs</span> <span class='ocrx_word' id='word_1_400' title='bbox 523 3417 636 3460; x_wconf 88' lang='lat' dir='ltr'>scatente</span> <span class='ocrx_word' id='word_1_401' title='bbox 655 3411 715 3459; x_wconf 88' lang='lat' dir='ltr'>libro</span> <span class='ocrx_word' id='word_1_402' title='bbox 734 3409 851 3459; x_wconf 90' lang='lat' dir='ltr'>honorem</span> <span class='ocrx_word' id='word_1_403' title='bbox 871 3418 896 3460; x_wconf 90' lang='lat' dir='ltr'>et</span> <span class='ocrx_word' id='word_1_404' title='bbox 914 3413 1119 3461; x_wconf 81' lang='lat' dir='ltr'>existimationem</span> <span class='ocrx_word' id='word_1_405' title='bbox 1133 3427 1224 3469; x_wconf 90' lang='lat' dir='ltr'>meam,</span> <span class='ocrx_word' id='word_1_406' title='bbox 1244 3416 1292 3463; x_wconf 91' lang='lat' dir='ltr'>imo</span> <span class='ocrx_word' id='word_1_407' title='bbox 1311 3417 1427 3479; x_wconf 87' lang='lat' dir='ltr'>patriam,</span> <span class='ocrx_word' id='word_1_408' title='bbox 1446 3429 1501 3481; x_wconf 69' lang='lat' dir='ltr'>pro.</span> 
     </span>
     <span class='ocr_line' id='line_1_38' title="bbox 132 3481 1501 3554; baseline -0.003 -14"><span class='ocrx_word' id='word_1_409' title='bbox 132 3491 241 3554; x_wconf 87' lang='lat' dir='ltr'>sapiam,</span> <span class='ocrx_word' id='word_1_410' title='bbox 259 3489 358 3537; x_wconf 88' lang='lat' dir='ltr'>domum</span> <span class='ocrx_word' id='word_1_411' title='bbox 375 3483 581 3550; x_wconf 83' lang='lat' dir='ltr'>honestissimam,</span> <span class='ocrx_word' id='word_1_412' title='bbox 600 3481 816 3545; x_wconf 88' lang='lat' dir='ltr'>impudentissimis</span> <span class='ocrx_word' id='word_1_413' title='bbox 836 3488 861 3530; x_wconf 90' lang='lat' dir='ltr'>et</span> <span class='ocrx_word' id='word_1_414' title='bbox 883 3482 1062 3532; x_wconf 85' lang='lat' dir='ltr'>scelestissimis</span> <span class='ocrx_word' id='word_1_415' title='bbox 1081 3483 1232 3542; x_wconf 85' lang='lat' dir='ltr'>mendaciis,</span> <span class='ocrx_word' id='word_1_416' title='bbox 1253 3486 1347 3534; x_wconf 87' lang='lat' dir='ltr'>scurrili</span> <span class='ocrx_word' id='word_1_417' title='bbox 1366 3493 1392 3535; x_wconf 91' lang='lat' dir='ltr'>et</span> <span class='ocrx_word' id='word_1_418' title='bbox 1409 3499 1501 3536; x_wconf 81' lang='lat' dir='ltr'>vesano</span> 
     </span>
     <span class='ocr_line' id='line_1_39' title="bbox 133 3552 1500 3619; baseline -0.012 -7"><span class='ocrx_word' id='word_1_419' title='bbox 133 3562 234 3612; x_wconf 89' lang='lat' dir='ltr'>calamo</span> <span class='ocrx_word' id='word_1_420' title='bbox 254 3559 384 3614; x_wconf 86' lang='lat' dir='ltr'>arrodere,</span> <span class='ocrx_word' id='word_1_421' title='bbox 410 3561 436 3606; x_wconf 91' lang='lat' dir='ltr'>et</span> <span class='ocrx_word' id='word_1_422' title='bbox 458 3556 622 3619; x_wconf 87' lang='lat' dir='ltr'>quantumin</span> <span class='ocrx_word' id='word_1_423' title='bbox 640 3555 693 3617; x_wconf 90' lang='lat' dir='ltr'>ipsc</span> <span class='ocrx_word' id='word_1_424' title='bbox 713 3559 750 3602; x_wconf 83' lang='lat' dir='ltr'>est</span> <span class='ocrx_word' id='word_1_425' title='bbox 769 3552 898 3602; x_wconf 88' lang='lat' dir='ltr'>daiamare</span> <span class='ocrx_word' id='word_1_426' title='bbox 917 3569 966 3603; x_wconf 92' lang='lat' dir='ltr'>nou</span> <span class='ocrx_word' id='word_1_427' title='bbox 990 3555 1140 3611; x_wconf 89' lang='lat' dir='ltr'>embuisset,</span> <span class='ocrx_word' id='word_1_428' title='bbox 1164 3570 1218 3604; x_wconf 90' lang='lat' dir='ltr'>cum</span> <span class='ocrx_word' id='word_1_429' title='bbox 1237 3563 1322 3605; x_wconf 90' lang='lat' dir='ltr'>tamen</span> <span class='ocrx_word' id='word_1_430' title='bbox 1341 3557 1445 3619; x_wconf 75' lang='lat' dir='ltr'>ipsemet</span> <span class='ocrx_word' id='word_1_431' title='bbox 1463 3557 1500 3607; x_wconf 64' lang='lat' dir='ltr'>fg.</span> 
     </span>
     <span class='ocr_line' id='line_1_40' title="bbox 134 3624 1500 3694; baseline -0.005 -12"><span class='ocrx_word' id='word_1_432' title='bbox 134 3639 220 3682; x_wconf 87' lang='lat' dir='ltr'>teatur</span> <span class='ocrx_word' id='word_1_433' title='bbox 238 3633 264 3681; x_wconf 93' lang='lat' dir='ltr'>in</span> <span class='ocrx_word' id='word_1_434' title='bbox 282 3629 450 3694; x_wconf 81' lang='lat' dir='ltr'>praelatione,</span> <span class='ocrx_word' id='word_1_435' title='bbox 469 3640 510 3674; x_wconf 89' lang='lat' dir='ltr'>me</span> <span class='ocrx_word' id='word_1_436' title='bbox 528 3625 592 3674; x_wconf 90' lang='lat' dir='ltr'>bena</span> <span class='ocrx_word' id='word_1_437' title='bbox 612 3640 665 3673; x_wconf 83' lang='lat' dir='ltr'>esse</span> <span class='ocrx_word' id='word_1_438' title='bbox 685 3624 715 3673; x_wconf 93' lang='lat' dir='ltr'>de</span> <span class='ocrx_word' id='word_1_439' title='bbox 736 3624 776 3673; x_wconf 90' lang='lat' dir='ltr'>illo</span> <span class='ocrx_word' id='word_1_440' title='bbox 795 3626 922 3679; x_wconf 85' lang='lat' dir='ltr'>meritum.</span> <span class='ocrx_word' id='word_1_441' title='bbox 943 3631 969 3673; x_wconf 90' lang='lat' dir='ltr'>et</span> <span class='ocrx_word' id='word_1_442' title='bbox 987 3624 1059 3674; x_wconf 89' lang='lat' dir='ltr'>adest</span> <span class='ocrx_word' id='word_1_443' title='bbox 1077 3625 1136 3674; x_wconf 90' lang='lat' dir='ltr'>mihi</span> <span class='ocrx_word' id='word_1_444' title='bbox 1155 3640 1254 3676; x_wconf 88' lang='lat' dir='ltr'>cannen</span> <span class='ocrx_word' id='word_1_445' title='bbox 1274 3627 1397 3691; x_wconf 82' lang='lat' dir='ltr'>quoddam</span> <span class='ocrx_word' id='word_1_446' title='bbox 1416 3629 1500 3693; x_wconf 90' lang='lat' dir='ltr'>ipsius,</span> 
     </span>
     <span class='ocr_line' id='line_1_41' title="bbox 133 3696 1499 3765; baseline -0.009 -11"><span class='ocrx_word' id='word_1_447' title='bbox 133 3706 195 3754; x_wconf 87' lang='lat' dir='ltr'>licat</span> <span class='ocrx_word' id='word_1_448' title='bbox 206 3703 301 3753; x_wconf 87' lang='lat' dir='ltr'>iusulsa</span> <span class='ocrx_word' id='word_1_449' title='bbox 320 3699 368 3765; x_wconf 90' lang='lat' dir='ltr'>(uti</span> <span class='ocrx_word' id='word_1_450' title='bbox 381 3696 456 3758; x_wconf 91' lang='lat' dir='ltr'>solet)</span> <span class='ocrx_word' id='word_1_451' title='bbox 475 3711 539 3745; x_wconf 84' lang='lat' dir='ltr'>vena</span> <span class='ocrx_word' id='word_1_452' title='bbox 558 3696 689 3751; x_wconf 86' lang='lat' dir='ltr'>aiiirtitum,</span> <span class='ocrx_word' id='word_1_453' title='bbox 711 3697 855 3759; x_wconf 89' lang='lat' dir='ltr'>propriaque</span> <span class='ocrx_word' id='word_1_454' title='bbox 875 3699 928 3758; x_wconf 85' lang='lat' dir='ltr'>ejus</span> <span class='ocrx_word' id='word_1_455' title='bbox 947 3698 1160 3759; x_wconf 90' lang='lat' dir='ltr'>manuscriptum,</span> <span class='ocrx_word' id='word_1_456' title='bbox 1180 3712 1227 3761; x_wconf 86' lang='lat' dir='ltr'>quo</span> <span class='ocrx_word' id='word_1_457' title='bbox 1246 3697 1305 3746; x_wconf 91' lang='lat' dir='ltr'>mihi</span> <span class='ocrx_word' id='word_1_458' title='bbox 1323 3699 1420 3763; x_wconf 75' lang='lat' dir='ltr'>gratim</span> <span class='ocrx_word' id='word_1_459' title='bbox 1438 3700 1499 3764; x_wconf 76' lang='lat' dir='ltr'>agie,</span> 
     </span>
     <span class='ocr_line' id='line_1_42' title="bbox 133 3766 1501 3841; baseline -0.007 -16"><span class='ocrx_word' id='word_1_460' title='bbox 133 3774 201 3841; x_wconf 88' lang='lat' dir='ltr'>qnod</span> <span class='ocrx_word' id='word_1_461' title='bbox 218 3790 269 3824; x_wconf 88' lang='lat' dir='ltr'>nou</span> <span class='ocrx_word' id='word_1_462' title='bbox 287 3773 376 3823; x_wconf 86' lang='lat' dir='ltr'>saltem</span> <span class='ocrx_word' id='word_1_463' title='bbox 395 3786 438 3835; x_wconf 89' lang='lat' dir='ltr'>per</span> <span class='ocrx_word' id='word_1_464' title='bbox 455 3767 579 3833; x_wconf 89' lang='lat' dir='ltr'>plusculos</span> <span class='ocrx_word' id='word_1_465' title='bbox 599 3768 668 3823; x_wconf 90' lang='lat' dir='ltr'>dies,</span> <span class='ocrx_word' id='word_1_466' title='bbox 688 3781 744 3816; x_wconf 91' lang='lat' dir='ltr'>cum</span> <span class='ocrx_word' id='word_1_467' title='bbox 764 3767 896 3830; x_wconf 87' lang='lat' dir='ltr'>aliquande</span> <span class='ocrx_word' id='word_1_468' title='bbox 916 3766 1064 3831; x_wconf 88' lang='lat' dir='ltr'>Uruniburgi</span> <span class='ocrx_word' id='word_1_469' title='bbox 1084 3768 1149 3830; x_wconf 91' lang='lat' dir='ltr'>apud</span> <span class='ocrx_word' id='word_1_470' title='bbox 1167 3784 1207 3817; x_wconf 91' lang='lat' dir='ltr'>ms</span> <span class='ocrx_word' id='word_1_471' title='bbox 1227 3774 1303 3825; x_wconf 87' lang='lat' dir='ltr'>esset,</span> <span class='ocrx_word' id='word_1_472' title='bbox 1324 3769 1378 3819; x_wconf 90' lang='lat' dir='ltr'>cibo</span> <span class='ocrx_word' id='word_1_473' title='bbox 1397 3776 1424 3820; x_wconf 90' lang='lat' dir='ltr'>et</span> <span class='ocrx_word' id='word_1_474' title='bbox 1440 3777 1501 3836; x_wconf 85' lang='lat' dir='ltr'>potu</span> 
     </span>
     <span class='ocr_line' id='line_1_43' title="bbox 132 3835 1500 3910; baseline -0.007 -13"><span class='ocrx_word' id='word_1_475' title='bbox 132 3848 203 3897; x_wconf 90' lang='lat' dir='ltr'>illum</span> <span class='ocrx_word' id='word_1_476' title='bbox 220 3846 324 3910; x_wconf 85' lang='lat' dir='ltr'>largiter</span> <span class='ocrx_word' id='word_1_477' title='bbox 349 3843 466 3897; x_wconf 90' lang='lat' dir='ltr'>aluerim,</span> <span class='ocrx_word' id='word_1_478' title='bbox 493 3839 538 3888; x_wconf 91' lang='lat' dir='ltr'>sed</span> <span class='ocrx_word' id='word_1_479' title='bbox 563 3844 588 3887; x_wconf 86' lang='lat' dir='ltr'>et</span> <span class='ocrx_word' id='word_1_480' title='bbox 613 3840 714 3902; x_wconf 88' lang='lat' dir='ltr'>insuper</span> <span class='ocrx_word' id='word_1_481' title='bbox 738 3837 874 3887; x_wconf 89' lang='lat' dir='ltr'>discedenti</span> <span class='ocrx_word' id='word_1_482' title='bbox 898 3840 1015 3902; x_wconf 86' lang='lat' dir='ltr'>pecunias</span> <span class='ocrx_word' id='word_1_483' title='bbox 1039 3835 1191 3900; x_wconf 83' lang='lat' dir='ltr'>dederim.¹)</span> <span class='ocrx_word' id='word_1_484' title='bbox 1228 3839 1266 3888; x_wconf 84' lang='lat' dir='ltr'>En</span> <span class='ocrx_word' id='word_1_485' title='bbox 1284 3841 1383 3904; x_wconf 89' lang='lat' dir='ltr'>qualem</span> <span class='ocrx_word' id='word_1_486' title='bbox 1401 3856 1444 3906; x_wconf 87' lang='lat' dir='ltr'>pra</span> <span class='ocrx_word' id='word_1_487' title='bbox 1461 3841 1500 3893; x_wconf 72' lang='lat' dir='ltr'>ida</span> 
     </span>
     <span class='ocr_line' id='line_1_44' title="bbox 134 3905 1500 3983; baseline -0.005 -13"><span class='ocrx_word' id='word_1_488' title='bbox 134 3925 211 3983; x_wconf 86' lang='lat' dir='ltr'>atque</span> <span class='ocrx_word' id='word_1_489' title='bbox 230 3917 285 3967; x_wconf 88' lang='lat' dir='ltr'>aliis</span> <span class='ocrx_word' id='word_1_490' title='bbox 303 3916 379 3966; x_wconf 80' lang='lat' dir='ltr'>refert</span> <span class='ocrx_word' id='word_1_491' title='bbox 396 3905 522 3980; x_wconf 88' lang='lat' dir='ltr'>gratiam!</span> <span class='ocrx_word' id='word_1_492' title='bbox 561 3909 725 3959; x_wconf 85' lang='lat' dir='ltr'>Occasionem</span> <span class='ocrx_word' id='word_1_493' title='bbox 744 3911 831 3958; x_wconf 89' lang='lat' dir='ltr'>sumsit</span> <span class='ocrx_word' id='word_1_494' title='bbox 848 3909 934 3958; x_wconf 88' lang='lat' dir='ltr'>horum</span> <span class='ocrx_word' id='word_1_495' title='bbox 954 3911 1127 3966; x_wconf 70' lang='lat' dir='ltr'>ccudtiorum,</span> <span class='ocrx_word' id='word_1_496' title='bbox 1154 3909 1218 3975; x_wconf 91' lang='lat' dir='ltr'>quod</span> <span class='ocrx_word' id='word_1_497' title='bbox 1236 3913 1263 3960; x_wconf 91' lang='lat' dir='ltr'>iu</span> <span class='ocrx_word' id='word_1_498' title='bbox 1281 3911 1301 3961; x_wconf 92' lang='lat'>1.</span> <span class='ocrx_word' id='word_1_499' title='bbox 1321 3919 1405 3961; x_wconf 87' lang='lat' dir='ltr'>uestro</span> <span class='ocrx_word' id='word_1_500' title='bbox 1423 3912 1500 3963; x_wconf 80' lang='lat' dir='ltr'>Temo</span> 
     </span>
     <span class='ocr_line' id='line_1_45' title="bbox 132 3980 1500 4055; baseline -0.01 -15"><span class='ocrx_word' id='word_1_501' title='bbox 132 3989 301 4055; x_wconf 85' lang='lat' dir='ltr'>Epistolarum</span> <span class='ocrx_word' id='word_1_502' title='bbox 319 3986 547 4036; x_wconf 80' lang='lat' dir='ltr'>Astronomiearum</span> <span class='ocrx_word' id='word_1_503' title='bbox 567 3987 635 4030; x_wconf 85' lang='lat' dir='ltr'>extet</span> <span class='ocrx_word' id='word_1_504' title='bbox 654 3981 711 4030; x_wconf 86' lang='lat' dir='ltr'>Chr.</span> <span class='ocrx_word' id='word_1_505' title='bbox 732 3980 885 4029; x_wconf 85' lang='lat' dir='ltr'>Rothmauni</span> <span class='ocrx_word' id='word_1_506' title='bbox 909 3982 1030 4045; x_wconf 87' lang='lat' dir='ltr'>epistola.</span> <span class='ocrx_word' id='word_1_507' title='bbox 1056 3982 1081 4029; x_wconf 92' lang='lat' dir='ltr'>in</span> <span class='ocrx_word' id='word_1_508' title='bbox 1106 3996 1156 4045; x_wconf 89' lang='lat' dir='ltr'>qua</span> <span class='ocrx_word' id='word_1_509' title='bbox 1175 3981 1263 4032; x_wconf 90' lang='lat' dir='ltr'>Ursum</span> <span class='ocrx_word' id='word_1_510' title='bbox 1282 3985 1356 4035; x_wconf 85' lang='lat' dir='ltr'>istum</span> <span class='ocrx_word' id='word_1_511' title='bbox 1379 3985 1500 4049; x_wconf 78' lang='lat' dir='ltr'>impurum</span> 
     </span>
     <span class='ocr_line' id='line_1_46' title="bbox 132 4052 1499 4122; baseline -0.005 -13"><span class='ocrx_word' id='word_1_512' title='bbox 132 4067 208 4111; x_wconf 81' lang='lat' dir='ltr'>vocat</span> <span class='ocrx_word' id='word_1_513' title='bbox 225 4059 381 4118; x_wconf 87' lang='lat' dir='ltr'>nebulonem,</span> <span class='ocrx_word' id='word_1_514' title='bbox 401 4056 481 4122; x_wconf 89' lang='lat' dir='ltr'>qualis</span> <span class='ocrx_word' id='word_1_515' title='bbox 501 4055 566 4103; x_wconf 89' lang='lat' dir='ltr'>enirn</span> <span class='ocrx_word' id='word_1_516' title='bbox 585 4060 652 4101; x_wconf 88' lang='lat' dir='ltr'>esset</span> <span class='ocrx_word' id='word_1_517' title='bbox 670 4054 694 4102; x_wconf 90' lang='lat' dir='ltr'>in</span> <span class='ocrx_word' id='word_1_518' title='bbox 714 4052 773 4102; x_wconf 89' lang='lat' dir='ltr'>aula</span> <span class='ocrx_word' id='word_1_519' title='bbox 791 4053 827 4101; x_wconf 89' lang='lat' dir='ltr'>sui</span> <span class='ocrx_word' id='word_1_520' title='bbox 841 4054 958 4116; x_wconf 91' lang='lat' dir='ltr'>principis</span> <span class='ocrx_word' id='word_1_521' title='bbox 972 4054 1027 4116; x_wconf 88' lang='lat' dir='ltr'>ipsa</span> <span class='ocrx_word' id='word_1_522' title='bbox 1039 4054 1190 4115; x_wconf 82' lang='lat' dir='ltr'>experientia</span> <span class='ocrx_word' id='word_1_523' title='bbox 1202 4053 1313 4111; x_wconf 90' lang='lat' dir='ltr'>edoctus,</span> <span class='ocrx_word' id='word_1_524' title='bbox 1332 4062 1386 4105; x_wconf 90' lang='lat' dir='ltr'>tum</span> <span class='ocrx_word' id='word_1_525' title='bbox 1404 4070 1499 4121; x_wconf 81' lang='lat' dir='ltr'>quaqua</span> 
     </span>
     <span class='ocr_line' id='line_1_47' title="bbox 132 4124 1497 4190; baseline -0.004 -7"><span class='ocrx_word' id='word_1_526' title='bbox 132 4133 256 4183; x_wconf 84' lang='lat' dir='ltr'>relatione</span> <span class='ocrx_word' id='word_1_527' title='bbox 275 4131 378 4180; x_wconf 87' lang='lat' dir='ltr'>aliorum</span> <span class='ocrx_word' id='word_1_528' title='bbox 397 4143 427 4177; x_wconf 91' lang='lat' dir='ltr'>ex</span> <span class='ocrx_word' id='word_1_529' title='bbox 445 4129 474 4175; x_wconf 90' lang='lat' dir='ltr'>iis</span> <span class='ocrx_word' id='word_1_530' title='bbox 493 4125 561 4180; x_wconf 87' lang='lat' dir='ltr'>loeis,</span> <span class='ocrx_word' id='word_1_531' title='bbox 581 4124 622 4172; x_wconf 90' lang='lat' dir='ltr'>ubi</span> <span class='ocrx_word' id='word_1_532' title='bbox 642 4130 720 4173; x_wconf 90' lang='lat' dir='ltr'>antea</span> <span class='ocrx_word' id='word_1_533' title='bbox 737 4125 839 4173; x_wconf 83' lang='lat' dir='ltr'>vixerat.</span> <span class='ocrx_word' id='word_1_534' title='bbox 870 4125 922 4190; x_wconf 83' lang='lat' dir='ltr'>Ego</span> <span class='ocrx_word' id='word_1_535' title='bbox 941 4139 997 4174; x_wconf 85' lang='lat' dir='ltr'>sero</span> <span class='ocrx_word' id='word_1_536' title='bbox 1016 4126 1042 4172; x_wconf 91' lang='lat' dir='ltr'>in</span> <span class='ocrx_word' id='word_1_537' title='bbox 1060 4124 1111 4172; x_wconf 88' lang='lat' dir='ltr'>alia</span> <span class='ocrx_word' id='word_1_538' title='bbox 1128 4125 1236 4189; x_wconf 90' lang='lat' dir='ltr'>quadam</span> <span class='ocrx_word' id='word_1_539' title='bbox 1255 4126 1288 4175; x_wconf 88' lang='lat' dir='ltr'>ad</span> <span class='ocrx_word' id='word_1_540' title='bbox 1307 4127 1401 4178; x_wconf 90' lang='lat' dir='ltr'>dictum</span> <span class='ocrx_word' id='word_1_541' title='bbox 1419 4126 1497 4178; x_wconf 75' lang='lat' dir='ltr'>nose-</span> 
     </span>
     <span class='ocr_line' id='line_1_48' title="bbox 132 4195 1497 4266; baseline -0.005 -11"><span class='ocrx_word' id='word_1_542' title='bbox 132 4218 254 4255; x_wconf 87' lang='lat' dir='ltr'>maunum</span> <span class='ocrx_word' id='word_1_543' title='bbox 272 4200 378 4266; x_wconf 84' lang='lat' dir='ltr'>epistola</span> <span class='ocrx_word' id='word_1_544' title='bbox 396 4200 421 4249; x_wconf 90' lang='lat' dir='ltr'>id</span> <span class='ocrx_word' id='word_1_545' title='bbox 440 4199 529 4247; x_wconf 88' lang='lat' dir='ltr'>saltem</span> <span class='ocrx_word' id='word_1_546' title='bbox 548 4196 672 4245; x_wconf 89' lang='lat' dir='ltr'>mimetiee</span> <span class='ocrx_word' id='word_1_547' title='bbox 691 4195 770 4244; x_wconf 89' lang='lat' dir='ltr'>raiero</span> <span class='ocrx_word' id='word_1_548' title='bbox 789 4202 815 4245; x_wconf 91' lang='lat' dir='ltr'>et</span> <span class='ocrx_word' id='word_1_549' title='bbox 832 4196 904 4244; x_wconf 88' lang='lat' dir='ltr'>simul</span> <span class='ocrx_word' id='word_1_550' title='bbox 922 4197 1027 4252; x_wconf 89' lang='lat' dir='ltr'>insinuo,</span> <span class='ocrx_word' id='word_1_551' title='bbox 1047 4209 1094 4260; x_wconf 91' lang='lat' dir='ltr'>quo</span> <span class='ocrx_word' id='word_1_552' title='bbox 1108 4196 1163 4244; x_wconf 91' lang='lat' dir='ltr'>dolo</span> <span class='ocrx_word' id='word_1_553' title='bbox 1176 4197 1298 4260; x_wconf 89' lang='lat' dir='ltr'>quaedam</span> <span class='ocrx_word' id='word_1_554' title='bbox 1312 4212 1342 4247; x_wconf 91' lang='lat' dir='ltr'>ex</span> <span class='ocrx_word' id='word_1_555' title='bbox 1355 4200 1416 4248; x_wconf 87' lang='lat' dir='ltr'>meis</span> <span class='ocrx_word' id='word_1_556' title='bbox 1429 4198 1497 4249; x_wconf 85' lang='lat' dir='ltr'>clan-</span> 
     </span>
     <span class='ocr_line' id='line_1_49' title="bbox 132 4262 1498 4335; baseline -0.007 -9"><span class='ocrx_word' id='word_1_557' title='bbox 132 4276 216 4326; x_wconf 86' lang='lat' dir='ltr'>culum</span> <span class='ocrx_word' id='word_1_558' title='bbox 235 4273 407 4329; x_wconf 83' lang='lat' dir='ltr'>subtraxerat,</span> <span class='ocrx_word' id='word_1_559' title='bbox 432 4284 533 4335; x_wconf 90' lang='lat' dir='ltr'>quorum</span> <span class='ocrx_word' id='word_1_560' title='bbox 551 4265 671 4315; x_wconf 89' lang='lat' dir='ltr'>nonnulla</span> <span class='ocrx_word' id='word_1_561' title='bbox 688 4268 782 4330; x_wconf 86' lang='lat' dir='ltr'>recepi,</span> <span class='ocrx_word' id='word_1_562' title='bbox 807 4281 870 4331; x_wconf 90' lang='lat' dir='ltr'>qnae</span> <span class='ocrx_word' id='word_1_563' title='bbox 891 4262 1025 4317; x_wconf 85' lang='lat' dir='ltr'>etiamnum</span> <span class='ocrx_word' id='word_1_564' title='bbox 1042 4268 1119 4330; x_wconf 88' lang='lat' dir='ltr'>ipsius</span> <span class='ocrx_word' id='word_1_565' title='bbox 1137 4282 1214 4317; x_wconf 91' lang='lat' dir='ltr'>manu</span> <span class='ocrx_word' id='word_1_566' title='bbox 1232 4266 1317 4332; x_wconf 89' lang='lat' dir='ltr'>(qnam</span> <span class='ocrx_word' id='word_1_567' title='bbox 1334 4284 1429 4335; x_wconf 89' lang='lat' dir='ltr'>negare</span> <span class='ocrx_word' id='word_1_568' title='bbox 1447 4283 1498 4320; x_wconf 82' lang='lat' dir='ltr'>non</span> 
     </span>
     <span class='ocr_line' id='line_1_50' title="bbox 131 4337 1498 4413; baseline -0.008 -16"><span class='ocrx_word' id='word_1_569' title='bbox 131 4343 228 4413; x_wconf 86' lang='lat' dir='ltr'>potest)</span> <span class='ocrx_word' id='word_1_570' title='bbox 248 4351 353 4396; x_wconf 87' lang='lat' dir='ltr'>exarata</span> <span class='ocrx_word' id='word_1_571' title='bbox 372 4357 449 4408; x_wconf 88' lang='lat' dir='ltr'>penes</span> <span class='ocrx_word' id='word_1_572' title='bbox 466 4355 506 4390; x_wconf 90' lang='lat' dir='ltr'>me</span> <span class='ocrx_word' id='word_1_573' title='bbox 519 4345 590 4393; x_wconf 81' lang='lat' dir='ltr'>sunt;</span> <span class='ocrx_word' id='word_1_574' title='bbox 611 4345 636 4386; x_wconf 91' lang='lat' dir='ltr'>et</span> <span class='ocrx_word' id='word_1_575' title='bbox 654 4350 724 4392; x_wconf 84' lang='lat' dir='ltr'>sane.</span> <span class='ocrx_word' id='word_1_576' title='bbox 745 4339 765 4385; x_wconf 89' lang='lat' dir='ltr'>si</span> <span class='ocrx_word' id='word_1_577' title='bbox 783 4337 842 4386; x_wconf 89' lang='lat' dir='ltr'>mihi</span> <span class='ocrx_word' id='word_1_578' title='bbox 863 4340 938 4386; x_wconf 88' lang='lat' dir='ltr'>otium</span> <span class='ocrx_word' id='word_1_579' title='bbox 957 4339 1136 4403; x_wconf 85' lang='lat' dir='ltr'>agrarioribus</span> <span class='ocrx_word' id='word_1_580' title='bbox 1155 4339 1241 4388; x_wconf 87' lang='lat' dir='ltr'>studiis</span> <span class='ocrx_word' id='word_1_581' title='bbox 1260 4339 1319 4389; x_wconf 89' lang='lat' dir='ltr'>tunc</span> <span class='ocrx_word' id='word_1_582' title='bbox 1338 4340 1498 4405; x_wconf 78' lang='lat' dir='ltr'>superfuisset</span> 
     </span>
     <span class='ocr_line' id='line_1_51' title="bbox 132 4408 1497 4482; baseline -0.007 -14"><span class='ocrx_word' id='word_1_583' title='bbox 132 4418 251 4482; x_wconf 83' lang='lat' dir='ltr'>epistolas</span> <span class='ocrx_word' id='word_1_584' title='bbox 269 4416 334 4476; x_wconf 84' lang='lat' dir='ltr'>illas,</span> <span class='ocrx_word' id='word_1_585' title='bbox 354 4416 411 4464; x_wconf 91' lang='lat' dir='ltr'>dum</span> <span class='ocrx_word' id='word_1_586' title='bbox 430 4414 494 4476; x_wconf 87' lang='lat' dir='ltr'>typis</span> <span class='ocrx_word' id='word_1_587' title='bbox 513 4411 602 4459; x_wconf 89' lang='lat' dir='ltr'>nostris</span> <span class='ocrx_word' id='word_1_588' title='bbox 622 4408 815 4464; x_wconf 88' lang='lat' dir='ltr'>excudebantur,</span> <span class='ocrx_word' id='word_1_589' title='bbox 835 4411 916 4473; x_wconf 90' lang='lat' dir='ltr'>quoad</span> <span class='ocrx_word' id='word_1_590' title='bbox 934 4410 1032 4474; x_wconf 89' lang='lat' dir='ltr'>singula</span> <span class='ocrx_word' id='word_1_591' title='bbox 1051 4416 1170 4459; x_wconf 87' lang='lat' dir='ltr'>contenta</span> <span class='ocrx_word' id='word_1_592' title='bbox 1187 4410 1322 4468; x_wconf 79' lang='lat' dir='ltr'>residendi,</span> <span class='ocrx_word' id='word_1_593' title='bbox 1341 4427 1391 4460; x_wconf 93' lang='lat' dir='ltr'>uon</span> <span class='ocrx_word' id='word_1_594' title='bbox 1410 4425 1497 4476; x_wconf 87' lang='lat' dir='ltr'>passus</span> 
     </span>
     <span class='ocr_line' id='line_1_52' title="bbox 131 4480 1497 4548; baseline -0.006 -9"><span class='ocrx_word' id='word_1_595' title='bbox 131 4491 234 4539; x_wconf 85' lang='lat' dir='ltr'>inissem</span> <span class='ocrx_word' id='word_1_596' title='bbox 259 4489 346 4537; x_wconf 88' lang='lat' dir='ltr'>libmm</span> <span class='ocrx_word' id='word_1_597' title='bbox 365 4486 433 4535; x_wconf 87' lang='lat' dir='ltr'>illurn</span> <span class='ocrx_word' id='word_1_598' title='bbox 454 4500 470 4534; x_wconf 90' lang='lat' dir='ltr'>a</span> <span class='ocrx_word' id='word_1_599' title='bbox 486 4498 526 4532; x_wconf 93' lang='lat' dir='ltr'>me</span> <span class='ocrx_word' id='word_1_600' title='bbox 548 4482 640 4530; x_wconf 88' lang='lat' dir='ltr'>editum</span> <span class='ocrx_word' id='word_1_601' title='bbox 660 4481 730 4528; x_wconf 89' lang='lat' dir='ltr'>istius</span> <span class='ocrx_word' id='word_1_602' title='bbox 750 4480 817 4528; x_wconf 82' lang='lat' dir='ltr'>efferi</span> <span class='ocrx_word' id='word_1_603' title='bbox 836 4487 862 4528; x_wconf 92' lang='lat' dir='ltr'>et</span> <span class='ocrx_word' id='word_1_604' title='bbox 879 4482 957 4544; x_wconf 93' lang='lat' dir='ltr'>putidi</span> <span class='ocrx_word' id='word_1_605' title='bbox 976 4481 1031 4530; x_wconf 91' lang='lat' dir='ltr'>Ursi</span> <span class='ocrx_word' id='word_1_606' title='bbox 1050 4484 1148 4531; x_wconf 89' lang='lat' dir='ltr'>nomine</span> <span class='ocrx_word' id='word_1_607' title='bbox 1166 4483 1336 4545; x_wconf 86' lang='lat' dir='ltr'>conspurcari,</span> <span class='ocrx_word' id='word_1_608' title='bbox 1365 4498 1414 4532; x_wconf 90' lang='lat' dir='ltr'>nou</span> <span class='ocrx_word' id='word_1_609' title='bbox 1432 4482 1497 4548; x_wconf 92' lang='lat' dir='ltr'>quod</span> 
     </span>
     <span class='ocr_line' id='line_1_53' title="bbox 131 4552 1498 4624; baseline -0.006 -12"><span class='ocrx_word' id='word_1_610' title='bbox 131 4560 284 4624; x_wconf 69' lang='lat' dir='ltr'>ejuscemodi</span> <span class='ocrx_word' id='word_1_611' title='bbox 303 4559 422 4621; x_wconf 77' lang='lat' dir='ltr'>adjuncto</span> <span class='ocrx_word' id='word_1_612' title='bbox 435 4556 542 4620; x_wconf 86' lang='lat' dir='ltr'>epitheto</span> <span class='ocrx_word' id='word_1_613' title='bbox 555 4552 671 4617; x_wconf 89' lang='lat' dir='ltr'>indignus</span> <span class='ocrx_word' id='word_1_614' title='bbox 684 4553 780 4601; x_wconf 88' lang='lat' dir='ltr'>causari</span> <span class='ocrx_word' id='word_1_615' title='bbox 792 4552 876 4613; x_wconf 91' lang='lat' dir='ltr'>possit,</span> <span class='ocrx_word' id='word_1_616' title='bbox 897 4559 942 4600; x_wconf 91' lang='lat' dir='ltr'>aut</span> <span class='ocrx_word' id='word_1_617' title='bbox 959 4552 1011 4600; x_wconf 89' lang='lat' dir='ltr'>ulla</span> <span class='ocrx_word' id='word_1_618' title='bbox 1028 4552 1063 4600; x_wconf 90' lang='lat' dir='ltr'>illi</span> <span class='ocrx_word' id='word_1_619' title='bbox 1081 4554 1217 4602; x_wconf 88' lang='lat' dir='ltr'>secuudum</span> <span class='ocrx_word' id='word_1_620' title='bbox 1233 4553 1360 4603; x_wconf 90' lang='lat' dir='ltr'>homiuum</span> <span class='ocrx_word' id='word_1_621' title='bbox 1378 4560 1498 4605; x_wconf 87' lang='lat' dir='ltr'>consueta</span> 
     </span>
     <span class='ocr_line' id='line_1_54' title="bbox 129 4623 1496 4696; baseline -0.007 -14"><span class='ocrx_word' id='word_1_622' title='bbox 129 4633 227 4695; x_wconf 75' lang='lat' dir='ltr'>judicia</span> <span class='ocrx_word' id='word_1_623' title='bbox 243 4630 365 4696; x_wconf 80' lang='lat' dir='ltr'>loquendo</span> <span class='ocrx_word' id='word_1_624' title='bbox 383 4631 419 4679; x_wconf 85' lang='lat' dir='ltr'>sia</span> <span class='ocrx_word' id='word_1_625' title='bbox 437 4629 508 4678; x_wconf 86' lang='lat' dir='ltr'>tieret</span> <span class='ocrx_word' id='word_1_626' title='bbox 525 4626 628 4686; x_wconf 87' lang='lat' dir='ltr'>injuria,</span> <span class='ocrx_word' id='word_1_627' title='bbox 651 4629 724 4687; x_wconf 90' lang='lat' dir='ltr'>prout</span> <span class='ocrx_word' id='word_1_628' title='bbox 742 4637 791 4671; x_wconf 89' lang='lat' dir='ltr'>non</span> <span class='ocrx_word' id='word_1_629' title='bbox 811 4623 901 4672; x_wconf 86' lang='lat' dir='ltr'>saltem</span> <span class='ocrx_word' id='word_1_630' title='bbox 919 4623 1105 4681; x_wconf 83' lang='lat' dir='ltr'>Rothmannus,</span> <span class='ocrx_word' id='word_1_631' title='bbox 1132 4624 1177 4674; x_wconf 89' lang='lat' dir='ltr'>sad</span> <span class='ocrx_word' id='word_1_632' title='bbox 1196 4626 1272 4674; x_wconf 88' lang='lat' dir='ltr'>etiam</span> <span class='ocrx_word' id='word_1_633' title='bbox 1290 4625 1360 4674; x_wconf 91' lang='lat' dir='ltr'>multi</span> <span class='ocrx_word' id='word_1_634' title='bbox 1380 4625 1436 4683; x_wconf 89' lang='lat' dir='ltr'>alii,</span> <span class='ocrx_word' id='word_1_635' title='bbox 1455 4627 1496 4691; x_wconf 88' lang='lat' dir='ltr'>qul</span> 
     </span>
     <span class='ocr_line' id='line_1_55' title="bbox 131 4694 1496 4765; baseline -0.007 -10"><span class='ocrx_word' id='word_1_636' title='bbox 131 4718 190 4754; x_wconf 85' lang='lat' dir='ltr'>anm</span> <span class='ocrx_word' id='word_1_637' title='bbox 208 4704 270 4754; x_wconf 81' lang='lat' dir='ltr'>satis</span> <span class='ocrx_word' id='word_1_638' title='bbox 288 4714 387 4759; x_wconf 87' lang='lat' dir='ltr'>uorers,</span> <span class='ocrx_word' id='word_1_639' title='bbox 406 4705 562 4765; x_wconf 85' lang='lat' dir='ltr'>perspectum</span> <span class='ocrx_word' id='word_1_640' title='bbox 580 4695 686 4751; x_wconf 85' lang='lat' dir='ltr'>babent,</span> <span class='ocrx_word' id='word_1_641' title='bbox 713 4709 798 4743; x_wconf 84' lang='lat' dir='ltr'>rerum</span> <span class='ocrx_word' id='word_1_642' title='bbox 821 4694 880 4757; x_wconf 92' lang='lat' dir='ltr'>quia</span> <span class='ocrx_word' id='word_1_643' title='bbox 898 4709 947 4743; x_wconf 91' lang='lat' dir='ltr'>uon</span> <span class='ocrx_word' id='word_1_644' title='bbox 965 4694 1071 4743; x_wconf 89' lang='lat' dir='ltr'>libenter</span> <span class='ocrx_word' id='word_1_645' title='bbox 1089 4697 1115 4743; x_wconf 92' lang='lat' dir='ltr'>in</span> <span class='ocrx_word' id='word_1_646' title='bbox 1133 4698 1195 4745; x_wconf 87' lang='lat' dir='ltr'>meis</span> <span class='ocrx_word' id='word_1_647' title='bbox 1214 4696 1311 4759; x_wconf 90' lang='lat' dir='ltr'>seriptis</span> <span class='ocrx_word' id='word_1_648' title='bbox 1329 4696 1402 4746; x_wconf 90' lang='lat' dir='ltr'>uilius</span> <span class='ocrx_word' id='word_1_649' title='bbox 1419 4697 1496 4747; x_wconf 78' lang='lat' dir='ltr'>sitam</span> 
     </span>
     <span class='ocr_line' id='line_1_56' title="bbox 131 4765 1496 4841; baseline -0.01 -15"><span class='ocrx_word' id='word_1_650' title='bbox 131 4783 159 4826; x_wconf 84' lang='lat' dir='ltr'>st</span> <span class='ocrx_word' id='word_1_651' title='bbox 176 4788 266 4833; x_wconf 86' lang='lat' dir='ltr'>moras,</span> <span class='ocrx_word' id='word_1_652' title='bbox 285 4773 469 4841; x_wconf 85' lang='lat' dir='ltr'>qualescunque</span> <span class='ocrx_word' id='word_1_653' title='bbox 487 4771 545 4825; x_wconf 81' lang='lat' dir='ltr'>sint,</span> <span class='ocrx_word' id='word_1_654' title='bbox 563 4767 709 4831; x_wconf 87' lang='lat' dir='ltr'>perstringo,</span> <span class='ocrx_word' id='word_1_655' title='bbox 728 4766 795 4815; x_wconf 89' lang='lat' dir='ltr'>unde</span> <span class='ocrx_word' id='word_1_656' title='bbox 814 4766 889 4814; x_wconf 89' lang='lat' dir='ltr'>etiam</span> <span class='ocrx_word' id='word_1_657' title='bbox 905 4766 931 4814; x_wconf 91' lang='lat' dir='ltr'>iu</span> <span class='ocrx_word' id='word_1_658' title='bbox 947 4765 1052 4829; x_wconf 85' lang='lat' dir='ltr'>epistola</span> <span class='ocrx_word' id='word_1_659' title='bbox 1062 4765 1098 4815; x_wconf 78' lang='lat' dir='ltr'>M.</span> <span class='ocrx_word' id='word_1_660' title='bbox 1112 4766 1145 4817; x_wconf 90' lang='lat' dir='ltr'>D.</span> <span class='ocrx_word' id='word_1_661' title='bbox 1155 4767 1211 4818; x_wconf 85' lang='lat' dir='ltr'>Jac.</span> <span class='ocrx_word' id='word_1_662' title='bbox 1223 4766 1299 4816; x_wconf 87' lang='lat' dir='ltr'>Curtii</span> <span class='ocrx_word' id='word_1_663' title='bbox 1313 4782 1335 4816; x_wconf 89' lang='lat' dir='ltr'>o.</span> <span class='ocrx_word' id='word_1_664' title='bbox 1347 4781 1391 4824; x_wconf 74' lang='lat' dir='ltr'>ua,</span> <span class='ocrx_word' id='word_1_665' title='bbox 1408 4774 1496 4832; x_wconf 69' lang='grc' dir='ltr'><strong>ροιοω</strong></span> 
     </span>
     <span class='ocr_line' id='line_1_57' title="bbox 131 4837 1496 4913; baseline -0.011 -14"><span class='ocrx_word' id='word_1_666' title='bbox 131 4847 315 4913; x_wconf 79' lang='lat' dir='ltr'>Waudesburgi</span> <span class='ocrx_word' id='word_1_667' title='bbox 333 4858 350 4896; x_wconf 88' lang='lat' dir='ltr'>s</span> <span class='ocrx_word' id='word_1_668' title='bbox 366 4859 408 4895; x_wconf 87' lang='lat' dir='ltr'>ma</span> <span class='ocrx_word' id='word_1_669' title='bbox 424 4843 487 4893; x_wconf 86' lang='lat' dir='ltr'>libro</span> <span class='ocrx_word' id='word_1_670' title='bbox 504 4841 536 4890; x_wconf 89' lang='lat' dir='ltr'>da</span> <span class='ocrx_word' id='word_1_671' title='bbox 548 4837 698 4888; x_wconf 78' lang='lat' dir='ltr'>licabantus</span> <span class='ocrx_word' id='word_1_672' title='bbox 711 4838 869 4887; x_wconf 56' lang='lat' dir='ltr'>&amp;bonomia</span> <span class='ocrx_word' id='word_1_673' title='bbox 886 4837 1027 4900; x_wconf 68' lang='lat' dir='ltr'>subiuncta,</span> <span class='ocrx_word' id='word_1_674' title='bbox 1046 4852 1136 4889; x_wconf 89' lang='lat' dir='ltr'>noman</span> <span class='ocrx_word' id='word_1_675' title='bbox 1154 4841 1225 4891; x_wconf 87' lang='lat' dir='ltr'>istius</span> <span class='ocrx_word' id='word_1_676' title='bbox 1243 4839 1321 4897; x_wconf 89' lang='lat' dir='ltr'>omisi,</span> <span class='ocrx_word' id='word_1_677' title='bbox 1340 4846 1399 4889; x_wconf 85' lang='lat' dir='ltr'>usus</span> <span class='ocrx_word' id='word_1_678' title='bbox 1415 4840 1496 4890; x_wconf 67' lang='lat' dir='ltr'>elsam</span> 
     </span>
    </p>
   </div>
   <div class='ocr_carea' id='block_1_5' title="bbox 0 0 1712 5550">
    <p class='ocr_par' dir='ltr' id='par_1_8' title="bbox 0 0 1712 5550">
     <span class='ocr_line' id='line_1_58' title="bbox 0 0 1712 5550; baseline 0 5"><span class='ocrx_word' id='word_1_679' title='bbox 0 0 1712 5550; x_wconf 95' lang='lat' dir='ltr'> </span> 
     </span>
    </p>
   </div>
  </div>
 </body>
</html>
