3428 5542
482 1411 535 1486 IN
563 1409 867 1487 MYSTERIUM
895 1409 1374 1488 COSMOGRAPHICUM

740 1570 885 1633 noras
908 1568 1118 1632 seruosne.

323 1883 349 1949 1)
367 1903 391 1951 p.
412 1882 436 1934 3.
473 1885 542 1936 luter
564 1886 729 1938 Maestlini
752 1887 923 1949 manuscripta
945 1887 1101 1936 nativitatem
1127 1885 1256 1950 cujusdam
1282 1887 1387 1937 loannis
1405 1885 1500 1936 Alberti
1524 1884 1611 1948 (lepre

247 1958 392 2015 hendimnr,
419 1960 490 2020 cujus
509 1958 572 2008 calci
589 1961 713 2023 inscripsit
731 1957 877 2007 Messalinus
901 1957 963 2007 baec
982 1958 1071 2008 rerba:
1098 1957 1271 2022 astrologicam
1293 1958 1428 2021 judicium.
1454 1955 1520 2021 quod
1539 1970 1556 2006 a
1573 1971 1614 2005 me

248 2032 326 2094 petis,
347 2044 393 2095 ego
412 2030 518 2079 scribere
537 2046 586 2079 non
605 2046 717 2094 possum,
742 2045 789 2079 uec
808 2030 867 2078 scio.
905 2029 1050 2091 Astrologus
1069 2045 1093 2077 n.
1114 2045 1162 2078 non
1182 2044 1249 2086 sum,
1275 2029 1340 2093 quod
1358 2037 1384 2078 et
1401 2028 1499 2092 publice
1518 2034 1546 2076 et
1561 2029 1613 2090 psl·

248 2100 326 2150 ratim
344 2114 419 2163 saepe
438 2108 589 2163 protestatus
608 2117 669 2151 sum.
708 2100 751 2150 lch
768 2100 818 2150 hab
836 2099 901 2148 mich
925 2101 968 2149 der
987 2101 1139 2164 Astrologie,
1165 2115 1239 2163 quam
1265 2108 1349 2150 tamen
1375 2107 1442 2150 recte
1466 2104 1614 2161 usurpatam

248 2172 333 2238 magni
351 2171 430 2227 isoio,
450 2172 541 2221 meruel
559 2173 659 2222 kbnnen
678 2172 858 2236 underiaugen.

320 2310 348 2372 2)
366 2328 390 2376 p.
411 2310 435 2360 6,
473 2310 499 2361 81
523 2314 576 2376 quis
599 2314 736 2363 uberiorem
759 2313 832 2374 hujus
851 2313 886 2360 rei
906 2312 1140 2363 demonstrationem
1166 2313 1303 2368 desideret,
1328 2326 1384 2361 eum
1409 2311 1554 2376 ablegamus
1580 2311 1614 2360 ad

248 2398 309 2447 opus
337 2383 366 2432 G.
387 2383 412 2433 S.
436 2383 592 2448 Kliigelii,
618 2386 777 2448 inscriptum:
815 2382 935 2432 blathum.
956 2384 1132 2438 Wbrterbuch.
1160 2399 1206 2434 nec
1230 2400 1279 2433 non
1303 2384 1335 2432 ad
1355 2383 1514 2432 Delambri
1534 2383 1613 2432 histe-

248 2455 310 2505 rlam
330 2455 496 2505 astronomiae
515 2457 657 2504 recentioris
677 2456 732 2505 Vol.
753 2455 773 2504 1.
793 2470 817 2518 p.
838 2451 889 2501 est
908 2469 943 2518 sq.

319 2593 347 2656 3)
367 2611 390 2659 p.
413 2593 452 2643 l0.
491 2596 609 2656 Cometa,
636 2612 708 2661 quem
727 2598 823 2647 indicat
841 2596 980 2659 Kepleras,
1000 2603 1147 2660 conspectus
1167 2603 1205 2645 est
1224 2609 1289 2644 auno
1312 2592 1395 2650 1577,
1420 2595 1485 2643 idem
1503 2594 1560 2651 ille,
1580 2594 1613 2644 de

247 2683 295 2734 qno
314 2667 417 2730 Tyoho
437 2667 537 2718 Brahe
557 2668 642 2717 librum
662 2670 729 2719 illum
749 2685 820 2718 suum
839 2668 962 2717 celebrem
981 2671 1139 2732 conscripsit:
1160 2667 1199 2717 De
1212 2668 1297 2716 mundi
1311 2667 1420 2716 aetherei
1433 2665 1613 2714 recentioribus

247 2738 425 2805 phoenomenis
444 2739 506 2790 liber
524 2739 656 2789 secundus.
694 2741 762 2789 Inter
780 2755 873 2795 omnes,
893 2754 953 2803 qnos
972 2739 1057 2801 Tycho
1076 2741 1100 2788 in
1119 2740 1166 2788 hoc
1186 2753 1259 2802 opere
1277 2745 1404 2794 recenset,
1424 2736 1613 2786 Maestliuo

248 2811 383 2860 maximam
395 2811 480 2858 tribuit
498 2811 605 2869 laudem,
627 2826 682 2859 cum
695 2812 725 2860 ob
739 2812 870 2876 diligentes
884 2811 1076 2866 observationes,
1096 2818 1149 2859 tum
1163 2811 1194 2859 ob
1213 2811 1374 2859 eruditionem
1393 2815 1419 2857 et
1438 2807 1612 2871 hypothesium

247 2881 454 2937 concinnitatem
476 2883 624 2938 ,neminem
644 2884 688 2937 ait,
704 2884 768 2932 inter
783 2897 876 2938 omnes,
896 2897 997 2946 quorum
1011 2884 1104 2945 scripta
1116 2883 1257 2944 inspexerit,
1278 2881 1396 2930 eruditius
1409 2887 1435 2929 et
1448 2878 1612 2943 ingeniosius,

247 2952 371 3000 neminem
390 2953 466 3000 etiam
485 2953 670 3002 convenientius
690 2960 715 3002 et
733 2954 882 3017 probabilius
908 2953 938 3002 de
962 2953 1009 3001 huc
1033 2961 1132 3002 cometa
1155 2954 1304 3002 sententiam
1323 2951 1478 3015 protulisse.“
1517 2948 1609 3000 Obses-

247 3022 359 3072 saa'oues
378 3037 436 3071 suas
455 3023 602 3072 Maestlinus
620 3026 646 3072 in
665 3024 753 3087 oppido
771 3025 912 3088 Backnang
936 3025 960 3071 in
985 3024 1078 3073 ducatu
1096 3024 1324 3087 wirtembergensi
1350 3023 1471 3079 institnit,
1497 3021 1540 3070 ubi
1558 3028 1612 3069 tum

247 3095 364 3157 temporis
382 3093 482 3156 parochi
501 3109 601 3144 munere
620 3095 769 3160 fungebatur
788 3093 866 3155 (auno
883 3092 950 3142 1566
964 3096 989 3143 1η
1003 3096 1157 3145 academiam
1171 3094 1407 3158 Heidelbergansem
1420 3100 1446 3142 et
1459 3106 1525 3141 anuo
1540 3087 1609 3139 1681

247 3161 388 3228 Tubiugam
400 3172 564 3221 recusasset,
583 3167 624 3215 ubi
638 3166 832 3215 mathematicae
846 3172 871 3215 et
884 3168 1049 3216 astronomiae
1069 3167 1196 3217 ducendae
1216 3167 1311 3214 muneri
1330 3164 1436 3228 praefuit
1455 3164 1488 3212 ad
1506 3170 1612 3212 mortem

246 3248 339 3300 amnes
359 3242 432 3284 natus
451 3245 489 3285 ess
507 3238 532 3285 in
552 3238 639 3299 oppido
658 3238 805 3303 Goeppinga
824 3252 889 3286 auno
912 3235 987 3292 1550,
1007 3245 1116 3287 mortuus
1135 3238 1159 3287 d.
1184 3235 1221 3285 16.
1243 3236 1299 3286 Oct.
1321 3232 1398 3290 1661,
1418 3250 1512 3285 aunum
1531 3248 1611 3298 agens

247 3303 353 3367 Blum);
373 3308 556 3357 observationes
574 3308 629 3357 illas
647 3309 738 3370 publici
753 3310 815 3370 juris
834 3309 893 3357 iecit
912 3310 1058 3372 inscriptas:
1090 3308 1236 3358 observatio
1256 3315 1282 3357 et
1300 3307 1477 3357 demonstratio
1496 3312 1612 3356 comeus

247 3377 373 3436 aetherei,
400 3381 440 3442 qui
469 3381 541 3428 annis
560 3376 593 3426 77
613 3387 639 3428 et
658 3377 692 3426 78
711 3382 858 3428 constitutus
885 3382 911 3428 in
934 3380 1040 3443 sphaera
1055 3380 1197 3437 ,Venerist
1224 3373 1354 3443 ipparuit,
1379 3393 1435 3428 cum
1459 3376 1612 3426 admirandis

248 3452 302 3513 elus
320 3450 484 3512 passionibus,
504 3451 623 3501 varietate
643 3465 676 3499 sc.
696 3458 785 3507 motus,
806 3451 860 3500 loco
879 3450 925 3500 sse.
954 3451 1016 3500 Tub.
1039 3449 1114 3500 1678.
1152 3452 1189 3500 Ea
1206 3450 1255 3499 hao
1275 3450 1433 3513 inscriptione
1452 3449 1542 3504 elucet,
1561 3461 1614 3513 qua

247 3535 274 3571 re
292 3527 372 3584 motus
392 3520 514 3584 Keplerus
535 3521 582 3578 „de
601 3522 705 3571 Cometa
724 3528 780 3571 tuo
800 3521 929 3571 Venereo⁸¹
950 3523 1081 3585 scripserit.

319 3659 347 3724 1)
365 3678 388 3726 p.
411 3660 451 3711 11.
489 3662 719 3713 Hohenielderi
738 3664 832 3713 nobiles
851 3665 975 3713 Austriaci
995 3661 1050 3723 (tilii
1070 3664 1152 3713 Acatii
1170 3662 1346 3713 Hohenielderi
1365 3664 1390 3712 iu
1404 3659 1566 3711 hittenheim
1585 3668 1612 3710 et

247 3732 366 3798 Almegls)
386 3741 437 3783 turn
456 3737 571 3798 temporis
591 3731 720 3791 tratres,
739 3735 911 3799 wolfgangus,
932 3735 1077 3791 Ludoricns,
1098 3742 1124 3783 et
1136 3734 1245 3789 Marcus,
1265 3734 1395 3797 Tubiugae
1413 3734 1491 3782 literis
1509 3745 1612 3795 operam
1676 3788 1687 3798 ·

248 3803 356 3865 dabant,
377 3806 575 3869 praeceptoribus
589 3813 688 3855 utentes
700 3805 776 3855 Mioh.
792 3805 966 3869 Ziegloro,
989 3806 1101 3869 physices
1119 3807 1263 3869 professore,
1287 3804 1380 3854 etVito
1395 3804 1536 3859 lliillero,
1555 3818 1611 3866 pro·
1690 3868 1695 3875 Ι

248 3874 339 3924 lassora
356 3875 456 3939 liuguae
475 3877 569 3926 latinae
588 3885 613 3926 et
632 3891 748 3942 graecae.
778 3877 918 3927 Ludoricus
932 3879 957 3926 in
971 3877 1097 3926 Hanschio
1116 3879 1215 3940 saepius
1233 3879 1348 3930 occurrit,
1367 3878 1431 3925 inter
1449 3874 1547 3940 legatos
1565 3888 1609 3922 uo·

247 3946 357 3994 mluetur
368 3960 495 4009 procerum
508 3951 638 4003 Austriae;
659 3948 821 4013 wolfgangus
836 3956 862 3997 et
875 3949 1013 3997 Ludoricus
1027 3962 1092 3996 enno
1108 3946 1175 3996 1592
1189 3948 1302 4012 praeside
1322 3947 1493 3997 Maestlino
1512 3944 1612 4009 publice

247 4025 425 4082 proposuerunt
443 4025 492 4066 tres
511 4019 703 4082 disputationes:
730 4017 757 4081 1)
777 4019 816 4068 De
837 4019 990 4075 climatibus,
1010 4021 1127 4082 perioecis
1146 4019 1191 4069 dsc.
1229 4017 1258 4077 2)
1278 4018 1317 4068 De
1335 4017 1421 4068 diebus
1441 4016 1613 4067 artificialibus

248 4094 275 4139 st
292 4087 453 4137 naturalibus.
490 4086 517 4149 3)
538 4090 577 4140 De
596 4093 679 4148 souis;
698 4092 758 4141 item
777 4107 843 4140 anno
860 4088 925 4138 1563
946 4092 1008 4154 disp.
1023 4090 1053 4138 de
1067 4092 1160 4147 anima,
1180 4091 1293 4153 praeside
1312 4089 1458 4139 Lieblero
1476 4088 1536 4152 phil.
1555 4095 1609 4137 nat

248 4159 326 4223 proi.;
346 4166 371 4208 et
389 4160 450 4222 disp.
470 4160 591 4225 logicam:
610 4163 641 4211 de
661 4163 877 4218 demonstratione,
897 4177 977 4225 praes.
999 4163 1028 4210 A.
1043 4161 1206 4217 Planero,
1225 4161 1290 4210 med.
1313 4166 1338 4209 at
1356 4160 1443 4224 philos.
1464 4159 1609 4222 professore.

247 4227 348 4280 naeus
366 4233 492 4294 proposuit
510 4246 533 4281 a.
556 4230 623 4281 1566
646 4234 759 4298 praeside
779 4233 964 4284 llaestliuo
987 4234 1049 4295 disp.
1075 4232 1106 4282 de
1125 4232 1273 4296 liclipsibus‚
1300 4239 1326 4281 et
1348 4245 1429 4294 praes.
1450 4231 1612 4296 Zieglero

249 4301 311 4364 disp.
330 4301 458 4365 physicam
478 4302 508 4353 de
528 4304 599 4354 Visa.

320 4440 348 4504 5)
366 4459 390 4507 p.
413 4442 453 4493 11.
490 4443 730 4509 Christophorus
749 4445 917 4502 Beseldus,
944 4428 1149 4507 Kepleri'asfinis
1175 4442 1242 4506 (ride
1261 4445 1346 4494 literas
1365 4443 1465 4494 Besoldi
1485 4445 1510 4493 in
1530 4442 1611 4508 prael.

248 4513 281 4564 ad
302 4512 389 4578 Ope),
413 4517 533 4579 professor
560 4517 601 4566 llle
623 4517 787 4582 Tubingensis
815 4515 884 4577 (inde
907 4517 940 4565 ab
962 4531 1026 4566 anuo
1050 4511 1149 4575 1610),
1176 4517 1217 4580 qui
1243 4524 1342 4565 mutata
1367 4516 1415 4564 hdo
1444 4529 1510 4564 anno
1545 4512 1613 4563 1660

248 4583 322 4641 olam,
342 4600 406 4634 auno
429 4584 495 4634 1631
514 4588 598 4650 palam
617 4588 746 4637 formulam
760 4588 914 4638 catholicam
930 4588 1055 4650 amplexus
1072 4594 1117 4635 est
1148 4586 1298 4649 Disputatio,
1317 4601 1392 4650 quam
1405 4586 1466 4636 dicit
1478 4585 1611 4649 Keplerns,

249 4669 297 4705 non
316 4659 381 4719 typis
399 4658 518 4720 impressa
536 4673 590 4706 essa
610 4659 720 4712 ridetur:
740 4660 804 4708 redit
822 4660 855 4709 sd
874 4673 930 4707 eam
944 4658 1066 4722 Keplenrs
1085 4660 1110 4706 in
1130 4657 1312 4708 Dissertatioue
1331 4673 1387 4707 eum
1405 4658 1497 4707 nuncio
1516 4657 1612 4707 sidereo

250 4733 276 4775 et
292 4728 318 4775 in
336 4730 434 4776 Astron.
449 4728 551 4787 Lunari,
570 4728 675 4792 indeque
694 4736 773 4792 patet,
792 4730 928 4794 Kaplerum
947 4731 971 4778 in
990 4729 1041 4785 illa,
1061 4728 1229 4795 Pythagoram
1248 4736 1274 4778 et
1287 4727 1445 4779 Plutarchum
1465 4726 1511 4790 (da
1524 4727 1612 4777 Lunae

152 4832 156 4841 .
248 4794 326 4858 iacis)
345 4805 469 4857 secatum,
491 4798 521 4848 de
541 4800 629 4849 Lunae
648 4814 762 4865 corpore,
781 4803 900 4858 materia,
919 4801 1006 4850 incolis
1024 4800 1118 4851 lusisse.
