3428 5542
242 277 306 347 tot
753 282 867 347 ιιιιιυιι
885 224 1087 353 We

239 439 363 505 Terreni
387 448 534 517 mutetur,
570 460 681 505 novam
703 453 820 505 etrnam
847 443 1003 507 mundum:
1037 451 1069 505 et
1090 462 1158 507 onan
1186 442 1269 523 priae
1298 441 1485 522 investigata
1512 439 1605 504 inerit

240 528 279 592 ab
303 528 467 592 artidcibne
491 531 653 611 onjnaiibet
670 527 894 610 daampeapaoe
917 531 956 593 ad
971 530 1053 594 orbia
1070 531 1325 594 semidiametrnm
1344 530 1509 612 proportio,
1534 529 1605 591 ideo

239 618 265 681 ai
289 618 361 701 qnid
384 617 413 681 in
439 619 617 700 iongiaairna
639 620 686 680 vei
710 620 847 699 proxime
871 619 953 682 orbis
970 642 992 681 a
1015 629 1119 683 centro
1143 621 1243 684 mundi
1268 620 1417 683 distantia
1439 618 1607 683 mutabitur

238 724 293 789 par
314 706 574 787 interpositionem
598 726 771 788 corporum,
795 709 826 771 id
850 708 879 770 in
903 706 1099 789 immonem·
1122 709 1426 773 animadvertendum
1448 708 1508 771 erit
1529 726 1605 787 pro·

238 795 458 879 portionaliter.
504 796 624 860 Initium
646 797 705 860 erit
727 818 747 859 a
769 797 901 861 maxima
915 798 1028 861 Terrae
1047 797 1196 861 distantia
1217 816 1347 871 sursum,
1370 794 1493 859 minima
1511 797 1605 859 deor-

240 902 319 960 anm,
343 893 480 947 centrum
504 903 633 948 vernum.

327 974 409 1037 Anto
438 973 538 1035 omnia
571 983 673 1037 antem
696 974 853 1037 retexendi
876 973 990 1038 numeri
1015 973 1174 1055 Copernici
1205 982 1296 1054 atquo
1324 973 1519 1053 peculiariter
1548 992 1605 1035 ao·

237 1061 447 1125 aommodandi
471 1070 542 1124 snnt
564 1063 604 1125 ad
626 1081 773 1143 praesens
796 1063 980 1126 institutum.
1027 1063 1106 1125 Nam
1125 1063 1183 1124 etei
1207 1063 1258 1125 iiie
1277 1062 1343 1124 aina
1358 1061 1449 1124 dnbio
1463 1070 1604 1123 oentmm

238 1150 333 1215 totins
357 1149 487 1213 universi
511 1151 542 1211 in
565 1168 690 1232 oorpore
713 1149 813 1213 Soiari
836 1151 1008 1225 constituit,
1038 1161 1138 1215 tamen
1168 1160 1202 1213 ut
1223 1151 1372 1213 ιιΙοιιΙιιιιι
1400 1150 1491 1229 jnvot
1514 1168 1603 1211 ooni-

237 1239 348 1320 pondio
371 1246 405 1300 et
425 1257 463 1300 ne
488 1238 610 1301 nimium
632 1260 652 1301 a
675 1236 851 1302 Ptolemaeo
875 1239 1042 1302 recedendo
1066 1239 1241 1320 diligentem
1271 1239 1336 1318 ejna
1367 1240 1509 1301 tectorem
1533 1248 1603 1301 tnr-

237 1328 299 1399 bat,
322 1326 486 1389 distantiae
510 1327 639 1390 ornninm
662 1329 851 1407 planetarum
874 1329 1021 1390 maximas
1036 1337 1127 1412 atque
1142 1328 1292 1402 minimas,
1316 1335 1395 1390 utet
1415 1327 1604 1390 loon-earnm

237 1414 269 1479 in
291 1414 416 1478 zodiaco
440 1416 532 1495 (qnne
556 1433 759 1496 apogaeornm
783 1426 813 1478 et
836 1417 1045 1497 perinaeorum
1060 1436 1166 1480 nornen
1186 1416 1387 1489 retinuerunt)
1411 1416 1607 1497 compotavit

237 1522 295 1567 non
319 1513 464 1566 acontio
489 1502 581 1578 Solis,
605 1506 659 1567 sed
684 1514 829 1568 acontio
853 1505 934 1568 orbis
957 1505 1069 1586 magni,
1094 1505 1181 1587 quasi
1205 1505 1277 1568 iilud
1291 1511 1376 1567 osset
1390 1503 1606 1567 nniveraitatis

235 1598 381 1667 nonnum.
406 1611 473 1655 oum
496 1598 598 1657 tanen
621 1593 695 1656 iilud
718 1614 738 1655 a
757 1591 829 1656 Sole
853 1602 940 1655 tanto
963 1612 1081 1673 aemper
1104 1594 1265 1657 intervallo
1281 1593 1385 1666 distet,
1411 1600 1527 1673 quanta
1550 1603 1600 1655 eat

236 1680 344 1763 qnovia
376 1688 511 1761 tempore
535 1680 665 1745 Teiinria
693 1683 757 1756 (vei
780 1681 879 1756 Solis)
911 1681 1043 1744 maxima
1070 1682 1302 1763 iaaanpoane.⁸)
1349 1677 1434 1751 Qnoa
1463 1700 1604 1743 numeros
