3428 5542
185 284 251 387 eso
650 322 680 374 u
699 323 769 386 spor.
789 323 868 386 oyes.
888 332 976 379 em
992 324 1082 376 um

260 485 308 538 De
329 484 394 538 lite
415 499 527 537 causa
545 485 800 553 hypothesium
820 485 993 539 dominum
1013 486 1207 556 Tychouem
1228 489 1330 543 inter
1355 495 1392 543 st
1410 489 1545 543 Ureu.

261 598 329 652 Cum
349 613 368 651 a
387 613 430 651 me
452 604 562 667 peteret
581 598 690 667 quidam
711 599 807 652 doctus
829 599 881 658 vir,
911 605 942 653 ut
964 615 1047 668 super
1068 602 1121 654 hac
1140 618 1171 655 re
1187 600 1320 670 judicium
1339 619 1431 656 meum
1452 605 1490 656 sd
1513 619 1547 656 se

181 677 387 749 perscriberem,
409 678 537 745 respondi
559 677 586 730 iu
607 678 680 730 hunc
700 678 758 731 fere
779 679 894 740 modum,
916 687 1049 749 quantum
1074 680 1138 734 mihi
1159 682 1302 735 succurrit.
1344 682 1466 735 Primum
1487 699 1546 736 noa

180 757 357 819 dissimulari,
379 774 421 810 me
443 757 522 810 irasci
546 757 622 819 Urso,
645 757 690 827 qui
712 759 833 827 epistola
853 773 916 811 mea
937 759 1090 813 inconsulto
1112 777 1154 813 me
1175 761 1319 829 publicata
1338 762 1420 814 foede
1435 763 1545 815 abusus

179 844 233 892 est.
276 838 375 907 ltaque
397 829 485 905 ipsum
506 836 680 890 considerare
697 837 784 906 jussi,
806 853 842 891 an
864 838 965 892 affectu
987 839 1117 907 abripiat.
1137 863 1142 871 ·
1160 840 1267 893 Deinde
1293 840 1429 908 judicium
1451 857 1543 895 menn

179 919 213 970 de
235 917 428 971 scommatibus
450 916 522 969 ferre
543 933 634 969 coram
656 917 763 970 homine
784 917 897 986 politico
919 917 1001 971 nolui.
1045 919 1122 979 Quod
1148 926 1240 974 autem
1261 920 1452 990 quaestionem
1473 920 1544 973 atti·

182 1006 242 1058 net,
273 1005 336 1049 uter
357 995 473 1048 alterius
494 1004 610 1064 usurpet
632 996 817 1065 hypotheses,
849 997 901 1049 etsi
931 997 1098 1067 hypothesin
1119 998 1202 1052 aliam
1223 1016 1278 1069 ego
1299 1015 1412 1070 sequar,
1447 1006 1542 1053 tamen

178 1076 264 1130 rideri
285 1091 361 1129 reum
383 1075 481 1128 Ursum
511 1074 660 1128 insimulati
690 1076 817 1129 criminis.
860 1078 1048 1130 Fundamenta
1077 1078 1148 1130 hoec
1178 1080 1270 1132 fuere:
1306 1079 1413 1131 latetur
1441 1078 1541 1140 Ursus,

178 1174 209 1210 se
230 1155 359 1208 schedam
386 1153 506 1224 aliquam
536 1155 666 1208 eDania
695 1156 811 1209 allatam
832 1157 905 1224 apud
926 1157 1141 1227 Rollenhagium
1168 1157 1334 1219 ostendisse,
1365 1165 1395 1210 et
1415 1158 1470 1211 hoc
1488 1173 1542 1227 ap·

178 1237 268 1306 pellat
289 1233 391 1287 furtum
412 1234 647 1303 philosophicum,
677 1241 823 1304 monetque
844 1236 1016 1305 Tychonem,
1038 1237 1126 1288 discat
1146 1237 1264 1306 posthac
1284 1253 1329 1289 res
1351 1253 1418 1290 sues
1439 1237 1541 1290 melius

177 1314 323 1369 custodire.
366 1315 483 1367 Fatetur
504 1313 582 1375 idem,
604 1331 657 1366 non
679 1330 708 1366 se
730 1315 845 1382 primurn
860 1332 921 1367 esse
936 1314 1124 1386 hypotheseos
1139 1317 1212 1369 illius
1228 1323 1378 1377 auctorem,
1404 1316 1457 1368 nisi
1471 1333 1540 1387 qn»

178 1405 258 1449 tenus
273 1394 385 1447 Terram
409 1393 474 1446 fecit
487 1392 660 1446 revolutione
675 1393 772 1446 diurna
786 1395 921 1448 mobilem.
952 1396 1001 1447 Ait
1015 1395 1144 1463 denique,
1170 1396 1285 1448 indidem
1309 1413 1339 1448 se
1362 1397 1540 1465 excerpsisse

176 1474 357 1546 hypotheses,
373 1475 444 1526 unde
459 1481 489 1525 et
502 1473 597 1541 'l'ycho
612 1473 797 1540 excerpserit:
822 1490 885 1526 narn
909 1483 1023 1526 exstare
1047 1474 1074 1527 in
1090 1475 1239 1542 Cepernico
1262 1481 1292 1526 et
1305 1476 1469 1528 Ptolemaeo
1486 1491 1540 1528 ex·

176 1570 282 1625 presse.
325 1555 364 1605 At
383 1553 436 1606 hoc
458 1552 583 1605 ultimum
608 1552 708 1604 falsum
731 1559 782 1613 est,
808 1570 857 1605 nec
871 1553 942 1606 enim
961 1560 1075 1607 exstant
1089 1554 1168 1606 dictis
1183 1554 1248 1606 locis
1272 1554 1338 1606 illae
1352 1554 1537 1624 hypotheses

176 1635 253 1704 Ergo
267 1650 304 1685 ex
318 1633 371 1685 hoc
393 1632 466 1685 falso
479 1638 510 1684 et
524 1632 611 1684 tribus
636 1631 728 1700 primis
744 1631 824 1692 veris,
849 1634 919 1701 quod
941 1633 1045 1686 nonsit
1059 1633 1185 1686 inventor
1207 1633 1310 1703 primus
1334 1633 1536 1703 hypotheseos,

176 1714 247 1784 quod
262 1712 324 1766 inde
339 1712 446 1766 habeat
459 1711 626 1779 hypothesin
641 1712 712 1763 unde
727 1716 756 1762 et
765 1712 866 1780 Tycho,
882 1714 952 1781 quod
968 1713 1095 1765 schedam
1110 1713 1253 1780 Tychonis,
1275 1712 1303 1765 in
1318 1728 1373 1782 qua
1387 1722 1452 1766 erat
1466 1713 1538 1766 hacc

176 1790 356 1863 hypothesis,
380 1789 541 1851 abstulerit,
566 1790 644 1859 quasi
667 1808 703 1843 ex
726 1792 870 1843 elementis
893 1791 1054 1860 quibusdam
1078 1792 1249 1860 componitur
1271 1792 1341 1844 haec
1364 1792 1536 1859 coujecwra.

175 1871 313 1942 Tychonis
328 1870 498 1940 hypothesin
513 1871 549 1922 ab
564 1869 633 1922 Urso
648 1878 757 1937 raptam
772 1878 801 1922 et
817 1887 866 1938 pro
881 1887 933 1923 sua
953 1872 1126 1923 vindicatam.
1171 1873 1247 1933 Quod
1262 1878 1356 1924 autem
1371 1889 1426 1924 non
1440 1878 1537 1925 exstet

176 1950 315 2023 Tychouis
330 1949 495 2019 hypothesis
520 1949 547 2002 iu
562 1949 712 2016 Copernico
727 1957 756 2001 et
771 1950 940 2010 Ptolemaeo,
965 1958 1046 2019 patet
1069 1968 1104 2002 ex
1129 1950 1328 2019 depravatione
1352 1952 1476 2004 loeornro
1500 1952 1536 2003 ab

175 2032 246 2085 Urso
261 2031 457 2100 allegatorum,
473 2045 541 2098 quos
556 2028 649 2081 ordine
665 2029 822 2081 ridebimus.

255 2110 317 2163 Lib.
342 2110 362 2162 l.
387 2124 448 2176 cap.
477 2109 522 2160 10.
564 2108 634 2160 Toto
657 2107 706 2160 illo
729 2109 820 2176 capite
836 2108 1001 2177 Copernicus
1024 2110 1146 2161 modeste
1169 2115 1198 2160 et
1222 2108 1298 2160 lento
1322 2123 1475 2180 progressu
1498 2125 1535 2161 ox

175 2190 258 2244 usn.
273 2190 390 2258 Capella
405 2187 549 2240 occasione
563 2187 647 2240 ducta
670 2188 703 2240 ad
718 2187 932 2255 explicationem
955 2195 985 2240 et
999 2204 1128 2240 summam
1143 2187 1337 2239 necessitatem
1360 2203 1431 2240 suae
1446 2187 1534 2257 hypo·

175 2270 286 2322 theseos
301 2267 416 2322 accedit.
446 2267 527 2322 ‚Nam
551 2266 616 2336 quis
634 2266 753 2334 Capella
780 2267 828 2328 ait,
855 2269 987 2320 Venerem
1011 2276 1040 2320 et
1054 2266 1217 2321 Mercurium
1241 2266 1314 2319 circa
1337 2283 1438 2335 corpus
1462 2267 1534 2320 Solis

174 2365 321 2402 conversas
344 2347 455 2401 absides
479 2347 592 2407 habere,
616 2363 653 2398 ex
676 2346 728 2398 hoc
752 2356 879 2415 apparet,
904 2347 980 2399 illum
996 2347 1118 2399 conferre
1133 2354 1229 2398 centra
1242 2346 1347 2398 orbium
1372 2346 1483 2399 illorum
1507 2346 1534 2399 in

174 2428 276 2483 Solem.
318 2428 354 2481 Et
378 2435 479 2496 postea
502 2426 640 2495 sequitur:
665 2425 727 2479 hinc
742 2435 832 2478 sumta
847 2427 1001 2486 occasione,
1026 2427 1048 2478 si
1064 2426 1124 2495 quis
1139 2419 1293 2494 (intellige:
1317 2425 1341 2478 si
1359 2443 1415 2497 ego
1430 2426 1534 2495 Caper·

173 2503 266 2574 nicus)
280 2508 429 2562 Saturnum
443 2521 559 2575 qnoque,
573 2506 669 2558 Jorem
684 2514 714 2557 et
727 2505 844 2558 Martem
860 2509 894 2558 ad
910 2506 976 2559 illud
992 2506 1079 2574 ipsum
1093 2512 1215 2557 centrum
1231 2506 1364 2566 conferat,
1388 2522 1444 2557 non
1457 2521 1533 2558 erra·

173 2589 224 2650 bit,
249 2587 274 2640 id
299 2589 370 2658 quod
394 2584 526 2639 canonica
549 2584 658 2638 illorum
681 2594 802 2637 motuum
825 2586 898 2638 ratio
922 2585 1054 2646 declarat,
1078 2592 1107 2637 et
1122 2585 1192 2653 quod
1216 2584 1371 2637 declarabit
1396 2586 1449 2636 hoc
1463 2601 1534 2652 opus

173 2684 271 2730 meum,
285 2667 313 2720 iu
328 2684 381 2737 quo
396 2664 554 2717 canonicam
568 2664 640 2717 hanc
655 2665 790 2718 rationem
804 2682 840 2717 ex
856 2666 907 2718 tali
922 2664 1069 2734 hypothesi
1084 2662 1234 2716 construxi.
1277 2664 1329 2716 Hie
1344 2663 1431 2716 Ursus
1450 2664 1534 2717 sinu-

172 2748 224 2808 lat,
247 2746 398 2815 Copernico
413 2745 446 2796 de
461 2743 613 2796 mutatione
628 2745 723 2814 aliqua
742 2760 810 2797 suae
825 2746 1012 2812 hypotheseos
1028 2759 1177 2796 sermonem
1192 2759 1261 2803 esse,
1287 2760 1347 2796 cum
1362 2743 1534 2811 Coponium

173 2827 291 2881 nondum
314 2840 393 2877 suam
416 2823 557 2892 propriam
581 2825 758 2893 explicuerit.
785 2827 833 2876 sed
850 2824 911 2892 jam
932 2824 974 2875 his
991 2823 1057 2892 ipsis
1072 2822 1163 2874 serbis
1187 2822 1290 2874 aditum
1312 2821 1363 2875 sibi
1384 2822 1474 2875 faciat
1497 2824 1534 2874 ad

173 2907 251 2960 illam
275 2904 477 2974 explicandam.
520 2902 591 2954 Nam
615 2905 637 2954 si
659 2904 825 2971 Copernieus
849 2903 963 2955 vidisset
986 2904 1056 2972 quod
1071 2902 1173 2970 Tycho,
1196 2917 1277 2969 posse
1291 2900 1382 2953 Solem
1403 2901 1533 2954 mobilem

172 3000 265 3039 annuo
279 2990 355 3037 motu
378 2980 552 3035 nihilomiuus
576 2998 686 3035 monere
710 2992 832 3035 centrum
848 2983 865 3035 5
881 2983 1055 3051 planetarum
1071 2978 1138 3047 (uon
1162 2980 1253 3050 potuit
1267 2990 1359 3032 sutem
1384 2979 1411 3032 id
1426 2981 1532 3041 ridere,

172 3064 238 3135 quia
247 3062 406 3115 realitatem
417 3060 522 3113 orbium
532 3060 668 3124 credidit),
684 3079 732 3114 cur
742 3063 826 3130 paulo
839 3069 902 3130 post
912 3061 1036 3122 dixisset,
1053 3060 1217 3113 alterutrum
1228 3077 1341 3112 neeesse
1351 3076 1422 3121 esse,
1438 3068 1471 3112 ut
1481 3069 1534 3113 ant

172 3143 252 3197 nulla
266 3143 304 3194 sit
318 3141 391 3194 orbis
407 3139 520 3192 Terreni
534 3142 676 3210 proportio
691 3144 726 3194 ad
741 3143 834 3194 orbem
848 3143 975 3201 lixarum,
992 3149 1042 3193 aut
1060 3141 1168 3192 infinita
1183 3140 1232 3191 illa
1256 3141 1403 3191 secundum
1417 3150 1532 3193 veteres

173 3222 279 3276 orbium
293 3220 440 3274 multitudo
450 3221 635 3275 coucedatur?
668 3222 737 3274 Nam
752 3223 798 3291 qui
813 3238 872 3273 cum
887 3221 1017 3289 ‘lychone
1033 3220 1125 3277 sentit,
1152 3218 1191 3271 illi
1207 3228 1333 3271 neutnrm
1348 3228 1392 3270 est
1405 3235 1530 3271 necesse.

334 3312 378 3359 fig.
395 3312 416 3351 t.
652 3302 712 3355 Lib.
729 3303 776 3354 lll.
800 3318 860 3369 cap.
878 3300 923 3353 25.
968 3300 1020 3351 Hic
1036 3317 1087 3351 non
1102 3299 1272 3351 intellectum
1288 3297 1325 3350 ab
1341 3297 1411 3350 l'rsc
1425 3298 1532 3368 Ceper-

572 3384 661 3435 nicum
681 3388 732 3434 aut
754 3381 779 3432 id
802 3381 892 3432 studio
917 3396 970 3431 uon
992 3380 1062 3431 bono
1086 3378 1292 3439 dissimulatum,
1317 3394 1396 3431 nemo
1416 3377 1464 3448 qui
1479 3379 1531 3430 Co·

572 3460 711 3531 pernicum
736 3458 870 3529 intelligit
892 3457 1020 3510 dubitare
1040 3466 1142 3527 potest.
1186 3455 1336 3524 Copernico
1360 3458 1395 3508 de
1419 3456 1532 3511 theuris

572 3541 644 3594 Solis
659 3548 701 3592 est
717 3531 813 3597 serino,
837 3540 879 3591 cui
902 3539 971 3590 liber
996 3538 1043 3589 ille
1057 3538 1211 3587 destinatus
1232 3544 1284 3587 est.
1327 3535 1413 3588 l'rsus
1436 3548 1532 3590 autem

572 3627 663 3690 putat,
688 3619 765 3672 illum
780 3619 853 3687 loqui
875 3621 907 3670 de
931 3617 1111 3669 universitate
1136 3614 1331 3684 hypothesium
1354 3617 1444 3685 deque
1464 3631 1531 3685 par·

573 3701 641 3753 tium
654 3700 852 3752 mundanarum
867 3707 962 3750 mutuo
977 3711 1120 3748 consensu.
1151 3694 1186 3747 [t
1201 3711 1244 3746 res
1255 3704 1362 3762 pateat,
1377 3697 1433 3747 duo
1449 3696 1531 3748 sche-

573 3786 651 3833 mata
671 3794 779 3846 ponam,
801 3793 885 3830 unum
905 3775 1127 3844 repraesentabit
1148 3774 1235 3842 ipsam
1250 3774 1394 3842 Copernici
1413 3775 1533 3843 primum

528 3920 532 3929 Ι
575 3857 749 3917 sententiam,
774 3856 892 3908 alterum
906 3873 971 3907 sero
987 3854 1101 3907 habebit
1115 3854 1191 3907 illurn
1206 3853 1400 3914 variationem,
1425 3856 1462 3906 de
1475 3870 1534 3924 qua

491 3932 529 4009 ᾖ
575 3937 632 3990 illic
655 3937 806 4005 Cepernico
831 3953 918 3988 sermo
946 3945 997 3986 est.
1040 3939 1064 3985 A
1088 3936 1149 4003 lug.
1177 3929 1209 3987 Sl
1233 3942 1355 3985 centrum
1383 3935 1532 3986 ecceutriei

576 4019 687 4076 Terrae,
710 4031 806 4082 nempe
821 4016 867 4068 Sol
882 4015 951 4082 ipse,
967 4015 989 4065 B
1005 4014 1174 4082 epicyclium.
1191 4013 1261 4080 quod
1276 4027 1368 4064 annuo
1382 4022 1460 4065 motu
1475 4013 1532 4066 uni

574 4113 634 4149 cum
656 4095 821 4153 eecenoico,
835 4096 861 4146 in
876 4102 972 4162 partes
987 4094 1128 4160 oppositas
1146 4092 1310 4152 restituitur,
1336 4093 1422 4159 psulo
1436 4102 1533 4147 nmen

573 4176 717 4228 deficiente
726 4174 912 4231 restitutione,
927 4174 966 4225 sic
976 4184 1007 4225 ut
1021 4190 1056 4225 ex
1068 4173 1116 4224 illo
1130 4173 1238 4224 deiectu
1255 4184 1388 4240 sequatur
1398 4188 1530 4243 progres-

361 4312 404 4337 rx
574 4271 620 4307 sus
634 4254 768 4324 apogaei:
791 4254 945 4307 Coentrum
967 4252 1093 4319 epicyclii
1112 4251 1230 4303 secundi.
1254 4252 1280 4302 in
1300 4268 1353 4319 quo
1367 4252 1456 4305 Tem
1479 4253 1532 4305 cir·

350 4327 416 4381 ''·
498 4346 518 4401 χ
573 4335 654 4387 cumit
670 4333 749 4386 anni<
764 4333 851 4393 3434,
868 4335 938 4385 unde
953 4331 1051 4384 accidit
1065 4330 1280 4384 eceentricitatis
1296 4332 1422 4383 mutatio.
1452 4333 1533 4385 llaec

437 4448 451 4487 3
517 4404 527 4441 ¹·
573 4415 738 4481 Copernieus
753 4412 886 4482 allegatis
902 4413 939 4465 ab
955 4411 1023 4463 l'rso
1043 4411 1133 4463 verbis
1148 4411 1187 4463 sic
1209 4409 1251 4462 ait
1265 4410 1368 4462 rariori
1383 4427 1477 4479 posse,
1497 4422 1532 4464 ut

451 4500 460 4580 l
534 4528 539 4575 Ι
573 4493 608 4545 sit
623 4493 730 4562 quidem
744 4497 768 4544 A
784 4492 874 4544 mundi
889 4500 1020 4550 centrum,
1040 4492 1087 4542 sed
1102 4507 1156 4543 non
1170 4489 1299 4558 ipsissimi
1313 4491 1436 4558 corporis
1450 4491 1530 4545 Sola·

529 4578 538 4645 l
573 4573 618 4629 ris.
641 4573 713 4625 cirea
736 4575 806 4642 quod
832 4572 917 4624 Terra
940 4570 967 4624 in
986 4571 1011 4622 D
1036 4572 1094 4640 (fig.
1116 4571 1146 4622 9)
1170 4580 1246 4622 motu
1268 4585 1359 4622 unnim
1379 4569 1532 4624 circumeat

524 4652 530 4673 ”
573 4653 645 4716 (NB.
671 4654 756 4704 Terra
771 4652 920 4704 etiamnum
940 4650 1083 4703 circumit).
1126 4649 1173 4702 Sol
1197 4649 1233 4701 sit
1255 4649 1316 4701 inc
1340 4660 1368 4699 et
1385 4663 1532 4703 mereatur

572 4732 679 4799 quidem
705 4733 731 4784 iu
746 4731 887 4800 epicycliis
902 4732 933 4792 B,
960 4732 989 4792 C,
1010 4731 1058 4782 sed
1082 4729 1122 4782 ita
1146 4730 1234 4789 tarde,
1259 4738 1289 4780 ut
1311 4745 1364 4780 nno
1385 4744 1461 4783 auno
1475 4748 1532 4784 uon

574 4811 659 4863 uuor
673 4811 832 4865 sensibilem
841 4825 1027 4882 progressum
1048 4809 1153 4863 NemB
1166 4807 1331 4876 epicyclinn
1338 4809 1421 4863 mis
1429 4808 1532 4865 25000

573 4890 626 4941 suh
647 4890 711 4944 txis
725 4890 897 4951 resuscitan
921 4889 943 4943 c
965 4904 1032 4941 vero
1054 4887 1218 4958 spieyeliorn
1241 4887 1321 4939 souis
1334 4885 1424 4942 ³4³⁴.
1466 4888 1532 4944 dn
