3428 5542
714 327 875 381 Prooemium.
1410 314 1479 397 227'

112 474 250 531 rlitthritae
269 466 429 546 Hdlmstadil)
449 485 522 536 rediit
539 486 665 537 Liddelius
683 489 708 538 in
726 490 833 554 patriam
852 503 917 539 auno
937 484 1020 546 1807,
1044 489 1075 540 de
1094 488 1181 540 studies
1201 482 1286 542 meisi
1304 494 1475 557 ashouomlcis

113 565 194 617 neque
214 560 291 604 antea
308 569 389 620 neque
413 563 470 620 pest
494 558 628 608 &cessum
651 561 677 608 in
696 558 806 611 Scetiam
829 561 962 626 quidquam
981 561 1047 611 aliud
1065 563 1174 613 innotuit
1198 562 1236 611 his
1259 565 1384 628 exceptis,
1410 570 1476 631 quas

115 622 201 686 'l'yobo
221 630 296 691 supra
313 625 427 690 prodidit.
464 626 534 679 Inter
552 642 592 687 ea,
611 644 674 695 quae
687 629 810 696 Koplems
829 633 929 699 collegit
947 639 1034 682 contre
1046 631 1136 682 Ursum
1153 633 1179 682 in
1197 630 1321 698 publicum
1338 636 1476 699 prodituros

113 694 274 757 (conmissa
291 697 338 762 ipsi
357 712 374 748 a
391 696 520 762 Tychone)
540 700 745 765 deprehendimus
764 704 849 752 literas
862 703 969 754 Liddelii
988 717 1053 753 anne
1074 701 1142 754 158⁷
1161 703 1244 762 datas,
1262 707 1289 755 in
1307 707 1394 772 quibus
1411 707 1475 761 haec

113 766 145 816 de
165 764 290 830 'tychonis
307 767 436 833 hypothesi
454 773 552 821 scribit:
572 771 697 836 Tychonis
715 789 780 824 nova
791 774 933 837 hypothesis
947 775 1026 840 magis
1044 773 1166 840 theologis
1184 781 1210 825 et
1227 776 1333 840 physicis
1351 778 1477 843 arridebit,

113 852 188 903 qnam
205 838 250 888 illa
269 838 407 904 Cepsrnici,
428 849 453 891 et
470 844 552 892 minus
570 851 693 909 repugnet
711 846 835 909 principiis
854 847 1014 912 geometriae,
1033 861 1107 909 quam
1120 845 1266 897 Ptolemaei.
1294 847 1398 900 Tollitur
1415 848 1476 900 illud

112 911 144 959 de
162 906 252 959 Martis
271 916 297 960 οι
314 910 421 962 Veneris
439 927 495 963 oum
515 912 573 964 Sele
592 929 712 965 concursu
731 916 839 977 dubium,
860 932 915 967 cum
933 917 1115 967 semidiametro
1134 917 1219 967 circuli
1237 918 1277 968 sui
1293 917 1362 970 Mars
1382 935 1398 971 a
1416 918 1474 971 Sola

112 978 210 1044 semper
227 981 301 1040 absit,
321 996 368 1046 quo
386 985 412 1033 in
430 986 511 1049 spatio
530 985 594 1034 orbis
613 985 718 1036 Veneris
737 988 773 1037 ita
792 988 954 1046 concluditur,
973 994 1001 1037 ut
1019 1002 1145 1053 nunqnam
1163 1003 1219 1038 oum
1237 987 1320 1040 Marte
1339 991 1471 1042 coincidet

114 1051 286 1103 Controversia
304 1054 335 1103 de
354 1055 451 1105 orbibus
470 1056 567 1106 silentio
586 1059 713 1120 praeteriri
732 1065 822 1123 queat,
849 1073 907 1109 nam
931 1059 964 1110 ad
987 1066 1067 1108 metus
1087 1059 1150 1109 Solis
1169 1067 1214 1109 aut
1232 1066 1368 1112 ceterorum
1386 1062 1472 1127 plane·

112 1131 195 1174 tarum
214 1125 399 1190 cognoscendos
418 1127 477 1175 nihil
497 1127 566 1176 iacit.
1330 1176 1334 1183 ,

186 1194 226 1245 Ad
243 1197 308 1246 haec
326 1196 439 1260 Tyoho
457 1195 619 1265 (Dranibnrgi
639 1200 662 1249 d.
681 1197 722 1247 14.
738 1200 793 1250 Oct
808 1197 854 1262 87)
873 1198 1013 1265 respondit:
1032 1201 1096 1266 qnod
1114 1209 1167 1252 tam
1185 1203 1246 1252 seit'e
1265 1209 1373 1252 montem
1391 1219 1474 1255 meam

112 1269 224 1317 imitatus
244 1282 270 1317 es
290 1282 320 1317 ex
339 1269 374 1318 eis
394 1269 557 1327 documentis,
576 1284 640 1335 quae
660 1286 716 1321 cum
730 1286 827 1322 meeum
840 1271 916 1328 esses,
935 1271 987 1321 solo
999 1271 1118 1338 colloquio
1131 1274 1236 1336 adeptus
1252 1288 1287 1332 es,
1307 1275 1472 1340 congratulor.

113 1338 177 1387 Rem
196 1338 286 1388 rideris
306 1354 353 1390 acu
372 1342 493 1406 tetigisse.
513 1368 546 1376 -
565 1341 638 1399 Jem,
665 1342 789 1407 explicata
807 1358 853 1393 sna
871 1344 902 1393 de
920 1344 1084 1408 superioribus
1102 1344 1209 1407 planetis
1233 1343 1378 1421 hypothesi,
1404 1347 1475 1399 addit

113 1404 214 1472 Tycho:
239 1407 321 1459 Nolim
340 1418 366 1461 te
385 1425 441 1461 eam
458 1411 568 1476 pluribus
587 1427 741 1463 communem
759 1414 851 1473 lacere,
871 1414 915 1480 sed
934 1414 968 1463 da
985 1429 1093 1478 operam,
1113 1417 1183 1464 utin
1195 1411 1317 1467 Mercurii
1337 1423 1363 1467 et
1374 1414 1474 1470 Ve'uers

111 1480 177 1531 idem
196 1481 262 1544 quod
280 1484 306 1531 in
324 1483 401 1532 tribua
421 1482 547 1533 altioribus
567 1487 713 1548 assequaris.

183 1551 229 1601 llis
249 1552 325 1612 forte,
345 1568 410 1619 quae
428 1555 513 1604 ultim
531 1555 585 1604 loco
603 1556 688 1605 scribit
706 1555 805 1618 Tycho,
829 1557 909 1605 verbis
926 1562 1007 1606 motus
1026 1555 1166 1614 Liddelius,
1193 1571 1325 1623 aggressus
1346 1558 1473 1611 inferiores

111 1624 240 1687 planetas,
259 1638 310 1673 rem
328 1626 424 1690 proprie
444 1625 525 1675 Marte
545 1627 663 1684 absolvit,
683 1641 758 1690 seque
777 1627 855 1690 ipsum
874 1628 1124 1677 inventorem'norae
1142 1627 1284 1691 hypothesis
1301 1628 1473 1693 praedicebat

113 1694 228 1745 Daniel
248 1693 426 1752 Gramerus,
451 1699 491 1746 cni
511 1697 656 1763 Oligerns
674 1697 931 1748 Rosenhranzins
950 1697 1117 1756 indicaverat,
1136 1697 1275 1749 Liddelium
1294 1695 1410 1766 arrogare
1428 1700 1475 1753 se'bl

111 1765 236 1830 Tychenis
254 1768 421 1818 inventionem
439 1768 555 1834 illumque
573 1771 651 1834 ipsum
671 1775 761 1819 testem
782 1769 917 1833 producere
931 1769 1104 1820 affirmationis
1115 1783 1185 1828 suae,
1204 1771 1315 1820 infensus
1334 1772 1472 1836 respondit:

112 1839 206 1888 Docuit
218 1836 251 1887 1).
264 1837 392 1890 Liddeliue
411 1841 436 1889 in
456 1841 587 1891 academia
598 1840 770 1890 Rostochiana
781 1841 945 1898 mathemata,
964 1841 1062 1906 quando
1081 1856 1128 1907 ege
1147 1841 1244 1891 auditor
1261 1841 1304 1898 ini,
1324 1844 1389 1893 anno
1404 1832 1473 1894 ieet

112 1917 138 1959 et
157 1908 283 1973 sequenti:
312 1910 377 1960 inter
397 1917 482 1962 cetera
500 1912 645 1976 explicando
664 1914 740 1961 etism
757 1919 851 1961 motum
869 1912 1005 1962 secundum
1021 1914 1095 1975 juxta
1113 1911 1233 1976 triplicem
1250 1912 1410 1977 hypothesin,
1427 1914 1472 1965 sl·

110 1981 299 2045 phousinorum,
320 1981 463 2046 Cepernici,
484 1991 510 2033 et
528 1984 603 2033 aliam
621 1985 759 2033 tertiam
778 1998 902 2033 novam.
939 1983 979 2033 De
997 1983 1045 2032 hac
1064 1984 1139 2033 tertis
1156 1999 1222 2033 nuno
1242 1985 1332 2049 agitur,
1352 1988 1422 2048 enjus
1440 1986 1474 2036 alt

110 2053 226 2102 auctoris.
264 2052 307 2102 Me
326 2060 422 2116 eportet
439 2054 541 2104 reddero
559 2055 744 2112 testimenium,
765 2069 844 2117 egone
864 2053 1047 2119 respondeam?
1072 2053 1234 2118 Respondeat
1251 2056 1305 2118 ipse
1324 2054 1472 2116 Dunoanns,

110 2123 185 2188 idque
207 2125 352 2188 exscriptis
371 2127 562 2183 commentariis,
581 2140 645 2190 quae
665 2140 712 2190 ego
731 2124 811 2175 adhuc
829 2125 903 2175 hodie
922 2140 1019 2175 mecum
1037 2140 1106 2175 serre
1125 2125 1273 2187 bonafide,
1293 2140 1357 2190 quae
1375 2132 1401 2176 et
1419 2142 1471 2179 scr·

110 2200 172 2244 rant
190 2194 231 2245 aiii
250 2194 334 2254 multi,
353 2202 414 2246 tuuc
433 2194 617 2255 adolescentes,
636 2212 702 2246 nunc
721 2197 779 2253 riri,
800 2198 912 2260 quitum
930 2198 1046 2262 temporis
1065 2196 1153 2246 eadem
1172 2196 1283 2258 ejusdem
1301 2198 1339 2249 nsi
1357 2203 1417 2248 sunt
1433 2200 1472 2251 lu-

110 2261 238 2316 stitutione
256 2267 360 2330 privata.
396 2268 426 2317 In
445 2269 531 2332 quibus
550 2269 733 2318 commentariis
752 2267 890 2316 Dunoanus
908 2281 997 2317 noram
1015 2267 1084 2317 illam
1103 2267 1243 2330 diatyposim
1262 2270 1396 2333 appellarit
1414 2269 1471 2335 'l'y-

111 2336 329 2396 chemissem,
353 2339 426 2404 idque
445 2340 565 2403 expressis
584 2338 684 2402 syllabis
703 2339 836 2403 literisque.
874 2341 922 2396 At,
941 2341 1035 2403 inquis,
1060 2352 1126 2388 nunc
1146 2338 1217 2387 aliter
1233 2337 1384 2390 Helmstadii
1403 2341 1471 2401 dicit,

110 2408 184 2459 aliter
202 2409 281 2458 docet
310 2407 340 2458 Id
357 2425 414 2461 rere
433 2425 480 2475 ege
500 2424 587 2473 capere
606 2425 656 2459 uon
673 2425 780 2473 possum,
802 2409 929 2473 quomedo,
959 2412 979 2458 si
993 2409 1131 2459 Duncanus
1149 2424 1213 2459 unus
1231 2411 1265 2459 sit
1282 2415 1308 2460 οι
1327 2425 1381 2461 esso
1401 2412 1468 2472 velit,

110 2477 239 2530 Rostochii
256 2479 323 2532 banc
334 2480 482 2546 hypothesin
494 2483 539 2531 sibi
552 2481 681 2546 derogare,
701 2480 849 2530 Helmstadii
867 2495 924 2529 vero
944 2480 1049 2530 eandem
1064 2494 1179 2546 arrogare
1190 2495 1235 2544 per
1246 2490 1300 2530 tam
1312 2481 1386 2534 breve
1403 2482 1471 2534 loco·

109 2565 165 2600 rum
183 2551 346 2615 temporisque
364 2553 521 2602 intervallum
539 2552 633 2616 qneatl
732 2550 797 2611 Quid
815 2549 918 2600 multis?
946 2551 1052 2601 Barbari
1070 2551 1152 2600 dicere
1165 2552 1294 2602 solebant:
1312 2558 1385 2617 prout
1400 2555 1476 2616 jaeet'

109 2622 197 2679 litera3
216 2624 253 2671 ita
270 2622 310 2672 hio
329 2622 460 2674 dicendum
476 2625 530 2686 jam
549 2629 596 2680 est,
615 2638 645 2672 ex
664 2623 763 2671 dictatis
782 2621 957 2672 liestoehianis
975 2622 1081 2672 Liddelii
1100 2623 1199 2672 tertiam
1217 2621 1377 2687 hypothesin,
1395 2637 1471 2689 quam

110 2700 136 2742 et
154 2707 220 2743 nora
236 2693 332 2758 placita
349 2695 445 2745 solebat
463 2694 669 2758 appellare,.uen
687 2692 817 2750 Dunoani,
837 2694 882 2743 sed
899 2693 1023 2757 Tychouis
1042 2709 1105 2744 esse.

182 2798 251 2813 ....
266 2764 371 2825 Quando
385 2765 523 2816 Dunoanus
540 2766 609 2815 haud
628 2767 729 2815 obscure
749 2765 885 2830 colligeret,
904 2778 996 2830 magno
1015 2766 1135 2829 applausu
1148 2766 1227 2829 oxoipi
1240 2763 1363 2828 Tychesds
1381 2779 1471 2818 noram

108 2836 266 2901 hypothesin,
285 2843 346 2886 tnnc
365 2837 453 2896 laudis,
471 2844 501 2887 ut
519 2839 612 2901 opiner,
631 2838 765 2886 immatura
780 2836 898 2886 nuditate
911 2837 1020 2900 flagrum
1039 2835 1079 2896 (ut
1092 2842 1145 2885 erat
1156 2843 1248 2886 natura
1260 2834 1408 2902 gloriosior),
1426 2838 1470 2889 uni

110 2914 136 2957 et
154 2908 226 2959 alteri
244 2922 344 2958 suorum
362 2909 501 2959 auditorum
520 2915 593 2958 coetu
611 2908 710 2957 dimisso
728 2909 881 2957 insusurrare
906 2907 1015 2965 solebat,
1041 2922 1068 2956 se
1091 2906 1182 2956 habere
1200 2907 1285 2957 literas
1303 2910 1402 2973 propria
1419 2900 1469 2973 'l'y-

109 2979 196 3029 ebonis
214 2993 289 3029 manu
308 2985 433 3037 exaratas,
451 2981 477 3028 in
496 2980 582 3043 quibus
595 2979 679 3042 'l'yche
697 2978 732 3027 illi
744 2977 810 3027 hanc
822 2976 969 3042 hypothesin
983 2978 1116 3035 adscribat,
1135 2977 1173 3027 his
1191 2980 1257 3027 inter
1275 2984 1360 3028 cetera
1377 2980 1470 3030 uerbis:

43 3047 49 3052 “
111 3065 179 3108 ,rem
199 3065 246 3100 sou
264 3051 385 3115 tetigisti“
407 3047 473 3112 (ride
493 3047 588 3115 supra).
626 3049 719 3100 Verum
737 3064 864 3112 nunquam
882 3056 968 3099 tamen
991 3050 1064 3113 plone
1088 3050 1174 3099 literas
1201 3063 1257 3107 aas,
1283 3049 1342 3099 mihi
1361 3050 1468 3115 quidem,

109 3122 226 3172 visendas
243 3122 393 3187 legendasre
412 3122 512 3171 volebat
534 3122 637 3184 aperire.
675 3121 807 3183 Exemplar
829 3121 945 3177 istarum,
970 3134 1032 3186 quas
1054 3122 1150 3182 jactat,
1176 3120 1302 3170 literarum
1319 3119 1470 3172 Helmstadii

108 3193 259 3258 descriptum
285 3209 353 3244 nunc
370 3193 428 3258 logi.
465 3192 516 3243 Sed
534 3193 605 3243 lectis
628 3192 674 3241 illis
694 3193 781 3241 merito
800 3192 926 3241 exclamo:
954 3193 1012 3257 quid
1031 3197 1070 3240 est
1088 3191 1150 3241 ollas
1169 3197 1195 3241 οι
1214 3191 1356 3242 cucurbitas
1373 3193 1468 3259 lipplrs.

109 3266 130 3312 si
149 3263 197 3315 hoc
215 3280 265 3315 non
283 3264 334 3314 sitl
362 3263 395 3314 So
413 3266 493 3328 ipsum
512 3278 596 3314 amare
616 3270 642 3313 et
660 3277 761 3325 sapere,
787 3264 827 3311 rix
844 3262 900 3312 Jovi
919 3263 1074 3313 conceditur:
1100 3264 1243 3327 perstringit
1261 3265 1326 3313 euim
1345 3277 1415 3314 amer
1431 3265 1470 3314 sul

110 3336 203 3394 oculos,
222 3336 327 3401 utquid
346 3336 429 3386 album
448 3350 464 3385 a
481 3337 552 3400 nigro
571 3334 654 3392 distet,
674 3334 780 3384 discerni
793 3349 843 3383 nen
855 3341 939 3397 queat.
968 3369 1038 3382 ....
1059 3332 1122 3383 cum
1141 3346 1206 3382 anne
1223 3329 1289 3385 1591
1311 3349 1325 3384 ο
1343 3335 1471 3399 palaestra

110 3407 258 3457 academica
275 3407 447 3457 Rostochiana
465 3407 562 3455 avocati
581 3421 690 3456 essemus
709 3415 735 3454 οι
760 3404 952 3454 substitissemus
970 3404 1080 3455 liciniae
1104 3403 1259 3468 aliquandiu,
1284 3405 1406 3456 indultum
1432 3412 1471 3456 est

108 3479 222 3543 utrique,
248 3486 276 3528 ut
295 3478 327 3529 ad
345 3478 451 3527 insulam
466 3477 599 3527 Hueuuam
619 3490 809 3527 excurreremus.
847 3473 895 3525 Ubi
913 3475 971 3526 illuc
993 3484 1094 3526 rentum
1120 3482 1170 3533 est,
1197 3476 1421 3526 ....iamiliares
1444 3482 1470 3525 st

111 3549 224 3600 eruditae
242 3549 386 3600 collationes
405 3549 436 3598 de
462 3550 535 3599 rebus
554 3551 626 3598 variis
654 3549 763 3611 itemque
782 3545 812 3595 de
832 3551 885 3595 arte
904 3548 1070 3597 ethonomica
1092 3545 1245 3603 inciderunt,
1269 3553 1295 3596 et
1317 3548 1401 3597 nescio
1419 3561 1470 3611 qua

109 3622 241 3671 occasione
260 3621 291 3671 de
310 3621 433 3679 Brnoaeo,
452 3620 484 3669 de
504 3619 616 3670 Liddelio
635 3626 662 3669 et
680 3618 734 3667 aliis
752 3619 778 3666 in
795 3617 844 3666 hac
862 3617 968 3668 scientia
985 3625 1045 3668 tunc
1064 3619 1180 3681 temperis
1198 3619 1224 3666 in
1243 3616 1376 3667 academia
1387 3616 1467 3667 Rosa·

109 3707 164 3741 rum
183 3691 264 3742 claris.
293 3691 366 3742 Sensi
384 3698 469 3742 summ
488 3693 573 3740 statim
592 3706 641 3740 nen
660 3689 753 3740 levibus
772 3703 802 3738 ex
819 3688 906 3752 siguis,
925 3688 1069 3751 Tychonem
1087 3690 1185 3737 sinistre
1198 3689 1289 3738 οοιιιίιο
1302 3687 1333 3737 de
1346 3686 1468 3745 Liddelio,

111 3763 215 3828 quodie
235 3778 281 3819 sa,
305 3778 369 3829 quse
392 3778 422 3812 ex
439 3763 535 3826 privato
555 3776 610 3812 oum
629 3760 746 3824 Tychone
765 3759 898 3823 colloquio,
925 3759 1024 3824 quande
1043 3765 1102 3809 aute
1125 3759 1158 3808 ibi
1180 3758 1281 3815 fmsset,
1307 3759 1390 3808 furtim
1409 3759 1468 3809 sub·

110 3835 228 3893 duxisset,
249 3836 304 3885 aliis
321 3836 348 3884 in
367 3835 499 3885 academia
516 3835 624 3896 iniussus
641 3832 805 3896 propalasset.
838 3830 891 3897 Ego
910 3832 1026 3881 excusari
1044 3832 1130 3887 ritum,
1149 3830 1214 3894 quod
1232 3831 1253 3879 is
1271 3845 1321 3878 non
1339 3830 1386 3879 sibi
1404 3842 1489 3889 nora,

108 3905 153 3955 illa
170 3906 264 3970 placita
282 3913 438 3971 arrogasset,
462 3905 505 3955 sed
528 3906 673 3954 nominatim
692 3903 736 3952 snb
755 3901 915 3965 Tychoniano
939 3902 1010 3951 titulo
1030 3901 1165 3953 ethonore
1183 3902 1357 3966 proposuisset.
1396 3900 1468 3962 Quod

108 3992 166 4027 oum
185 3977 317 4028 difficulter
334 3978 380 4027 sibi
398 3983 525 4042 patoretur
543 3976 684 4039 persuaderi
702 3973 735 4023 D.
750 3973 843 4035 Tycho,
863 3981 999 4037 opportune
1016 3973 1152 4030 incidebat,
1169 3986 1210 4021 me
1228 3972 1308 4021 subite
1326 3973 1468 4023 interventu
1491 3974 1495 3980 '

107 4048 182 4097 tidem
201 4049 283 4100 iacere
301 4064 373 4113 posse
390 4049 451 4098 libre
469 4062 524 4097 meo
543 4045 581 4108 (in
599 4062 646 4110 que
659 4044 765 4095 Liddelii
787 4045 884 4094 dietata
903 4039 1114 4104 continebantur),
1135 4058 1208 4109 quem
1225 4057 1302 4092 manu
1319 4044 1419 4108 propria
1436 4057 1468 4094 ex

108 4133 150 4168 ore
169 4120 244 4183 ipsius
263 4122 422 4185 excepissem.
462 4117 516 4179 Quo
534 4119 585 4167 riso
605 4118 729 4182 acquievit
745 4115 819 4180 plane
838 4116 874 4163 sir
899 4115 1001 4172 nobilis,
1026 4122 1052 4165 et
1075 4115 1105 4164 ds
1128 4116 1182 4163 istis
1200 4116 1384 4164 commentariis
1402 4115 1468 4166 inter

107 4205 153 4239 nos
171 4191 231 4241 nihil
249 4193 381 4256 quicquam
399 4191 503 4255 amplius
529 4194 613 4239 actum
638 4194 676 4237 est
700 4188 732 4236 ab
754 4187 796 4236 illo
822 4194 946 4251 tempore,
973 4202 1020 4250 qno
1039 4186 1188 4252 Uraniburgi
1214 4200 1260 4250 ego
1279 4192 1306 4235 ot
1322 4192 1350 4235 tu
1368 4187 1466 4236 inimus.

108 4260 212 4312 Effricta
228 4265 304 4329 igitur
322 4265 402 4313 heuto
420 4261 551 4320 mentitur,
578 4261 620 4325 qui
639 4259 711 4318 dicit,
732 4258 874 4322 Tychonem
892 4272 1001 4322 unquam
1019 4257 1128 4307 theorias
1146 4256 1308 4307 Liddelisnss
1327 4271 1343 4306 a
1359 4256 1400 4306 me
1419 4271 1466 4306 ao·

107 4335 210 4398 cepisse.
239 4335 333 4398 injuria
350 4335 425 4400 igitur
443 4339 481 4382 est
494 4332 571 4390 Secti,
591 4345 669 4395 eaque
688 4332 714 4379 in
731 4344 771 4378 me
789 4330 984 4392 injuriosissima,
1003 4329 1069 4394 quod
1086 4342 1126 4378 me
1144 4342 1271 4394 nunquam
1290 4328 1401 4378 auditum
1418 4325 1466 4377 hoc

106 4405 180 4455 modo
197 4407 223 4455 in
242 4407 410 4456 testimonium
428 4407 466 4454 sui
484 4403 734 4454 submonitionem
752 4398 797 4450 dte.

178 4474 263 4528 Datae
281 4478 330 4528 hae
354 4482 412 4528 sunt
435 4475 524 4526 literae
543 4472 633 4524 Stetini
657 4473 681 4521 d.
701 4472 733 4521 11.
754 4470 808 4521 Cal.
828 4472 887 4534 Apr.
910 4467 992 4527 1598.
1019 4484 1109 4536 easque
1136 4471 1297 4520 desumsimus
1323 4482 1354 4518 ex
1377 4466 1466 4519 eadem

106 4563 182 4613 quam
200 4563 275 4614 supra
292 4548 396 4599 diximus
415 4547 560 4599 collectione
579 4544 681 4608 Kepleri
705 4541 777 4605 (Mas.
796 4542 896 4605 Petrop.
916 4541 962 4590 rol.
982 4538 1044 4603 V.);
1062 4544 1173 4663 integras
1193 4548 1277 4591 autem
1295 4538 1351 4590 illas
1370 4536 1467 4590 addidit

106 4619 247 4671 Hansohius
265 4620 342 4671 literis
361 4619 485 4683 Tychenis
502 4619 528 4667 in
549 4615 680 4680 „Epistolis
700 4614 733 4665 ad
744 4612 896 4678 Keplerum“
916 4611 958 4662 iel.
980 4609 1029 4662 114
1044 4628 1079 4679 sq.
1141 4613 1239 4663 aemislt
1251 4611 1381 4660 Cramerus
1399 4608 1465 4661 hano

106 4692 295 4742 aunomtionem
313 4692 390 4743 literis
408 4693 475 4741 suis:
504 4686 632 4750 ,Tychoui
650 4685 733 4737 Drahe
752 4700 801 4735 nen
819 4686 899 4734 minus
919 4684 1067 4747 epanenses
1085 4689 1111 4734 et
1128 4683 1248 4750 legendas
1267 4680 1313 4732 tc.

177 4762 317 4823 Liddelius,
344 4778 419 4830 quum
442 4762 531 4813 certior
548 4759 630 4809 laetus
650 4762 716 4809 esset
735 4755 894 4806 de-Crameri
917 4755 1007 4813 literis,
1031 4756 1142 4805 inicum
1164 4753 1297 4819 respondit.
1335 4751 1374 4802 sd
1393 4766 1466 4817 quem

104 4836 291 4899 responsionem
308 4849 381 4886 suam
398 4831 575 4899 perscripserit,
593 4845 644 4880 nou
662 4834 770 4887 constat,
789 4843 846 4879 cum
864 4826 908 4876 illa
925 4826 1049 4892 descripta
1066 4827 1126 4877 insit
1138 4827 1210 4876 dictis
1228 4825 1409 4889 manuscriptis,
1429 4823 1465 4875 sio

1192 4911 1223 4962 ih
1234 4912 1251 4943 ι
