<?xml version="1.0" encoding="UTF-8"?>
<!DOCTYPE html PUBLIC "-//W3C//DTD XHTML 1.0 Transitional//EN"
    "http://www.w3.org/TR/xhtml1/DTD/xhtml1-transitional.dtd">
<html xmlns="http://www.w3.org/1999/xhtml" xml:lang="en" lang="en">
 <head>
  <title>
</title>
<meta http-equiv="Content-Type" content="text/html;charset=utf-8" />
  <meta name='ocr-system' content='tesseract 3.04.00' />
  <meta name='ocr-capabilities' content='ocr_page ocr_carea ocr_par ocr_line ocrx_word'/>
</head>
<body>
  <div class='ocr_page' id='page_1' title='image "./joanniskepleria10frisgoog_0347.png"; bbox 0 0 3428 5542; ppageno 0'>
   <div class='ocr_carea' id='block_1_1' title="bbox 178 320 1112 386">
    <p class='ocr_par' dir='ltr' id='par_1_1' title="bbox 178 320 1112 386">
     <span class='ocr_line' id='line_1_1' title="bbox 178 320 1112 386; baseline -0.017 0"><span class='ocrx_word' id='word_1_1' title='bbox 178 320 244 386; x_wconf 79' lang='grc'><strong>324</strong></span> <span class='ocrx_word' id='word_1_2' title='bbox 601 322 703 372; x_wconf 76' lang='lat' dir='ltr'><strong>Lirem</strong></span> <span class='ocrx_word' id='word_1_3' title='bbox 720 321 822 386; x_wconf 75' lang='lat' dir='ltr'><strong>Kuplerl</strong></span> <span class='ocrx_word' id='word_1_4' title='bbox 841 322 992 386; x_wconf 81' lang='lat' dir='ltr'><strong>aliorumque</strong></span> <span class='ocrx_word' id='word_1_5' title='bbox 1010 331 1112 371; x_wconf 83' lang='lat' dir='ltr'><strong>mutuae</strong></span> 
     </span>
    </p>
   </div>
   <div class='ocr_carea' id='block_1_2' title="bbox 172 477 1537 1537">
    <p class='ocr_par' dir='ltr' id='par_1_2' title="bbox 174 477 1537 601">
     <span class='ocr_line' id='line_1_2' title="bbox 174 477 1537 546; baseline -0.001 -16"><span class='ocrx_word' id='word_1_6' title='bbox 174 482 267 546; x_wconf 76' lang='lat' dir='ltr'><strong>quisivi·</strong></span> <span class='ocrx_word' id='word_1_7' title='bbox 304 481 343 530; x_wconf 88' lang='lat' dir='ltr'><strong>&#39;Fu</strong></span> <span class='ocrx_word' id='word_1_8' title='bbox 370 483 431 531; x_wconf 82' lang='grc'><strong>33313</strong></span> <span class='ocrx_word' id='word_1_9' title='bbox 458 481 589 544; x_wconf 80' lang='lat' dir='ltr'><strong>quaesitis.</strong></span> <span class='ocrx_word' id='word_1_10' title='bbox 614 483 704 544; x_wconf 85' lang='lat' dir='ltr'><strong>pergit.</strong></span> <span class='ocrx_word' id='word_1_11' title='bbox 731 483 840 530; x_wconf 86' lang='lat' dir='ltr'><strong>maxima</strong></span> <span class='ocrx_word' id='word_1_12' title='bbox 865 497 895 530; x_wconf 79' lang='lat' dir='ltr'><strong>aa</strong></span> <span class='ocrx_word' id='word_1_13' title='bbox 923 488 993 544; x_wconf 84' lang='lat' dir='ltr'><strong>parte</strong></span> <span class='ocrx_word' id='word_1_14' title='bbox 1022 481 1182 531; x_wconf 63' lang='lat' dir='ltr'><strong>adamasti:</strong></span> <span class='ocrx_word' id='word_1_15' title='bbox 1213 479 1238 527; x_wconf 92' lang='lat' dir='ltr'><strong>lu</strong></span> <span class='ocrx_word' id='word_1_16' title='bbox 1264 479 1390 530; x_wconf 72' lang='lat' dir='ltr'><strong>mnus·</strong></span> <span class='ocrx_word' id='word_1_17' title='bbox 1409 477 1537 543; x_wconf 57' lang='grc' dir='ltr'><strong>ῃ*</strong></span> 
     </span>
     <span class='ocr_line' id='line_1_3' title="bbox 174 551 295 601; baseline -0.025 0"><span class='ocrx_word' id='word_1_18' title='bbox 174 551 295 601; x_wconf 81' lang='lat' dir='ltr'><strong>desidero.</strong></span> 
     </span>
    </p>

    <p class='ocr_par' dir='ltr' id='par_1_3' title="bbox 172 620 1537 1041">
     <span class='ocr_line' id='line_1_4' title="bbox 172 620 1537 687; baseline -0.002 -16"><span class='ocrx_word' id='word_1_19' title='bbox 172 620 177 627; x_wconf 83' lang='lat'>&#39;</span> <span class='ocrx_word' id='word_1_20' title='bbox 248 621 325 685; x_wconf 80' lang='lat' dir='ltr'><strong>Cupio</strong></span> <span class='ocrx_word' id='word_1_21' title='bbox 344 623 415 678; x_wconf 85' lang='lat' dir='ltr'><strong>scire.</strong></span> <span class='ocrx_word' id='word_1_22' title='bbox 436 637 502 672; x_wconf 92' lang='lat' dir='ltr'><strong>anue</strong></span> <span class='ocrx_word' id='word_1_23' title='bbox 521 621 627 672; x_wconf 90' lang='lat' dir='ltr'><strong>molieris</strong></span> <span class='ocrx_word' id='word_1_24' title='bbox 646 622 825 670; x_wconf 87' lang='lat' dir='ltr'><strong>restitutionem</strong></span> <span class='ocrx_word' id='word_1_25' title='bbox 846 621 949 671; x_wconf 84' lang='lat' dir='ltr'><strong>Veneris</strong></span> <span class='ocrx_word' id='word_1_26' title='bbox 968 630 994 671; x_wconf 90' lang='lat' dir='ltr'><strong>et</strong></span> <span class='ocrx_word' id='word_1_27' title='bbox 1011 620 1142 680; x_wconf 86' lang='lat' dir='ltr'><strong>Mercurii.</strong></span> <span class='ocrx_word' id='word_1_28' title='bbox 1161 627 1201 687; x_wconf 91' lang='lat' dir='ltr'><strong>qui</strong></span> <span class='ocrx_word' id='word_1_29' title='bbox 1220 625 1322 674; x_wconf 82' lang='lat' dir='ltr'><strong>maximi</strong></span> <span class='ocrx_word' id='word_1_30' title='bbox 1339 631 1399 672; x_wconf 85' lang='lat' dir='ltr'><strong>sunt</strong></span> <span class='ocrx_word' id='word_1_31' title='bbox 1417 621 1537 670; x_wconf 70' lang='lat' dir='ltr'><strong>muti</strong></span> 
     </span>
     <span class='ocr_line' id='line_1_5' title="bbox 175 689 1534 757; baseline -0.001 -15"><span class='ocrx_word' id='word_1_32' title='bbox 175 697 199 742; x_wconf 93' lang='lat' dir='ltr'><strong>in</strong></span> <span class='ocrx_word' id='word_1_33' title='bbox 219 692 371 756; x_wconf 77' lang='lat' dir='ltr'><strong>astrologia?</strong></span> <span class='ocrx_word' id='word_1_34' title='bbox 391 708 433 741; x_wconf 86' lang='lat' dir='ltr'><strong>our</strong></span> <span class='ocrx_word' id='word_1_35' title='bbox 452 695 476 741; x_wconf 89' lang='lat' dir='ltr'><strong>in</strong></span> <span class='ocrx_word' id='word_1_36' title='bbox 496 691 557 741; x_wconf 85' lang='lat' dir='ltr'><strong>loeis</strong></span> <span class='ocrx_word' id='word_1_37' title='bbox 577 692 761 741; x_wconf 85' lang='lat' dir='ltr'><strong>australioribus</strong></span> <span class='ocrx_word' id='word_1_38' title='bbox 779 696 860 753; x_wconf 88' lang='lat' dir='ltr'><strong>majus</strong></span> <span class='ocrx_word' id='word_1_39' title='bbox 879 693 954 756; x_wconf 76' lang='lat' dir='ltr'><strong>frigus</strong></span> <span class='ocrx_word' id='word_1_40' title='bbox 973 692 1053 742; x_wconf 87' lang='lat' dir='ltr'><strong>bieme</strong></span> <span class='ocrx_word' id='word_1_41' title='bbox 1073 694 1247 757; x_wconf 87' lang='lat' dir='ltr'><strong>utplurimum</strong></span> <span class='ocrx_word' id='word_1_42' title='bbox 1266 701 1305 753; x_wconf 75' lang='grc'><strong>31,</strong></span> <span class='ocrx_word' id='word_1_43' title='bbox 1324 707 1401 756; x_wconf 84' lang='lat' dir='ltr'><strong>quam</strong></span> <span class='ocrx_word' id='word_1_44' title='bbox 1418 693 1444 740; x_wconf 91' lang='lat' dir='ltr'><strong>lu</strong></span> <span class='ocrx_word' id='word_1_45' title='bbox 1463 689 1534 740; x_wconf 77' lang='lat' dir='ltr'><strong>b&#39;nee</strong></span> 
     </span>
     <span class='ocr_line' id='line_1_6' title="bbox 173 761 1536 831; baseline -0.001 -19"><span class='ocrx_word' id='word_1_46' title='bbox 173 764 348 819; x_wconf 82' lang='lat' dir='ltr'><strong>tractionibus.</strong></span> <span class='ocrx_word' id='word_1_47' title='bbox 377 778 421 812; x_wconf 84' lang='lat' dir='ltr'><strong>rur</strong></span> <span class='ocrx_word' id='word_1_48' title='bbox 438 764 493 827; x_wconf 85' lang='lat' dir='ltr'><strong>plus</strong></span> <span class='ocrx_word' id='word_1_49' title='bbox 512 763 561 812; x_wconf 91' lang='lat' dir='ltr'><strong>illic</strong></span> <span class='ocrx_word' id='word_1_50' title='bbox 579 765 675 827; x_wconf 86' lang='lat' dir='ltr'><strong>ningat,</strong></span> <span class='ocrx_word' id='word_1_51' title='bbox 701 777 776 827; x_wconf 88' lang='lat' dir='ltr'><strong>quam</strong></span> <span class='ocrx_word' id='word_1_52' title='bbox 795 763 848 817; x_wconf 83' lang='lat' dir='ltr'><strong>hie,</strong></span> <span class='ocrx_word' id='word_1_53' title='bbox 877 777 921 811; x_wconf 85' lang='lat' dir='ltr'><strong>eur</strong></span> <span class='ocrx_word' id='word_1_54' title='bbox 938 761 1046 811; x_wconf 82' lang='lat' dir='ltr'><strong>Nordost</strong></span> <span class='ocrx_word' id='word_1_55' title='bbox 1063 767 1162 828; x_wconf 76' lang='lat' dir='ltr'><strong>grsrim</strong></span> <span class='ocrx_word' id='word_1_56' title='bbox 1190 768 1266 831; x_wconf 77' lang='lat' dir='ltr'><strong>frigus</strong></span> <span class='ocrx_word' id='word_1_57' title='bbox 1291 767 1317 814; x_wconf 90' lang='lat' dir='ltr'><strong>in</strong></span> <span class='ocrx_word' id='word_1_58' title='bbox 1335 764 1374 812; x_wconf 85' lang='lat' dir='ltr'><strong>bis</strong></span> <span class='ocrx_word' id='word_1_59' title='bbox 1392 761 1536 827; x_wconf 66' lang='lat' dir='ltr'><strong>aegidii·</strong></span> 
     </span>
     <span class='ocr_line' id='line_1_7' title="bbox 175 832 1536 900; baseline -0.001 -16"><span class='ocrx_word' id='word_1_60' title='bbox 175 835 296 890; x_wconf 83' lang='lat' dir='ltr'><strong>adducat,</strong></span> <span class='ocrx_word' id='word_1_61' title='bbox 315 848 389 898; x_wconf 86' lang='lat' dir='ltr'><strong>quam</strong></span> <span class='ocrx_word' id='word_1_62' title='bbox 407 835 501 884; x_wconf 84' lang='lat' dir='ltr'><strong>Boreas</strong></span> <span class='ocrx_word' id='word_1_63' title='bbox 520 842 546 884; x_wconf 88' lang='lat' dir='ltr'><strong>et</strong></span> <span class='ocrx_word' id='word_1_64' title='bbox 560 833 655 883; x_wconf 84' lang='lat' dir='ltr'><strong>Eurus?</strong></span> <span class='ocrx_word' id='word_1_65' title='bbox 692 835 801 883; x_wconf 78' lang='lat' dir='ltr'><strong>Genesin</strong></span> <span class='ocrx_word' id='word_1_66' title='bbox 817 835 922 896; x_wconf 86' lang='lat' dir='ltr'><strong>junioris</strong></span> <span class='ocrx_word' id='word_1_67' title='bbox 935 833 1112 884; x_wconf 81' lang='lat' dir='ltr'><strong>Dietriebstein</strong></span> <span class='ocrx_word' id='word_1_68' title='bbox 1130 834 1190 897; x_wconf 82' lang='lat' dir='ltr'><strong>(vid.</strong></span> <span class='ocrx_word' id='word_1_69' title='bbox 1209 852 1234 900; x_wconf 90' lang='lat' dir='ltr'><strong>p.</strong></span> <span class='ocrx_word' id='word_1_70' title='bbox 1248 832 1313 891; x_wconf 76' lang='grc'><strong>013)</strong></span> <span class='ocrx_word' id='word_1_71' title='bbox 1330 832 1536 885; x_wconf 56' lang='lat' dir='ltr'><strong>mistui</strong></span> 
     </span>
     <span class='ocr_line' id='line_1_8' title="bbox 172 903 1535 969; baseline -0.001 -15"><span class='ocrx_word' id='word_1_72' title='bbox 172 906 232 954; x_wconf 90' lang='lat' dir='ltr'><strong>mihi</strong></span> <span class='ocrx_word' id='word_1_73' title='bbox 251 907 406 954; x_wconf 73' lang='lat' dir='ltr'><strong>transmittas</strong></span> <span class='ocrx_word' id='word_1_74' title='bbox 424 921 525 969; x_wconf 79' lang='lat' dir='ltr'><strong>quaeso.</strong></span> <span class='ocrx_word' id='word_1_75' title='bbox 564 905 630 965; x_wconf 83' lang='lat' dir='ltr'><strong>Quid</strong></span> <span class='ocrx_word' id='word_1_76' title='bbox 650 905 681 955; x_wconf 93' lang='lat' dir='ltr'><strong>de</strong></span> <span class='ocrx_word' id='word_1_77' title='bbox 700 906 782 955; x_wconf 88' lang='lat' dir='ltr'><strong>cauda</strong></span> <span class='ocrx_word' id='word_1_78' title='bbox 801 913 953 955; x_wconf 81' lang='grc'><strong>3333133333</strong></span> <span class='ocrx_word' id='word_1_79' title='bbox 976 908 1070 954; x_wconf 85' lang='lat' dir='ltr'><strong>sentias</strong></span> <span class='ocrx_word' id='word_1_80' title='bbox 1089 909 1152 956; x_wconf 86' lang='lat' dir='ltr'><strong>scire</strong></span> <span class='ocrx_word' id='word_1_81' title='bbox 1171 909 1252 960; x_wconf 82' lang='lat' dir='ltr'><strong>relirn.</strong></span> <span class='ocrx_word' id='word_1_82' title='bbox 1271 920 1305 956; x_wconf 81' lang='lat' dir='ltr'><strong>au</strong></span> <span class='ocrx_word' id='word_1_83' title='bbox 1317 903 1535 956; x_wconf 62' lang='lat' dir='ltr'><strong>luanebluue</strong></span> 
     </span>
     <span class='ocr_line' id='line_1_9' title="bbox 173 975 547 1041; baseline -0.003 -16"><span class='ocrx_word' id='word_1_84' title='bbox 173 977 310 1025; x_wconf 75' lang='lat' dir='ltr'><strong>exuberans</strong></span> <span class='ocrx_word' id='word_1_85' title='bbox 330 977 366 1025; x_wconf 86' lang='lat' dir='ltr'><strong>rel</strong></span> <span class='ocrx_word' id='word_1_86' title='bbox 386 976 453 1025; x_wconf 89' lang='lat' dir='ltr'><strong>aliud</strong></span> <span class='ocrx_word' id='word_1_87' title='bbox 472 975 547 1041; x_wconf 78' lang='lat' dir='ltr'><strong>quid?</strong></span> 
     </span>
    </p>

    <p class='ocr_par' dir='ltr' id='par_1_4' title="bbox 172 1039 1536 1251">
     <span class='ocr_line' id='line_1_10' title="bbox 174 1039 1535 1112; baseline 0.004 -17"><span class='ocrx_word' id='word_1_88' title='bbox 174 1039 180 1046; x_wconf 78' lang='grc'><strong>’</strong></span> <span class='ocrx_word' id='word_1_89' title='bbox 247 1047 286 1095; x_wconf 79' lang='lat' dir='ltr'><strong>Ad</strong></span> <span class='ocrx_word' id='word_1_90' title='bbox 304 1047 368 1097; x_wconf 90' lang='lat' dir='ltr'><strong>baec</strong></span> <span class='ocrx_word' id='word_1_91' title='bbox 386 1055 413 1097; x_wconf 85' lang='lat' dir='ltr'><strong>et</strong></span> <span class='ocrx_word' id='word_1_92' title='bbox 424 1049 547 1111; x_wconf 90' lang='lat' dir='ltr'><strong>permulta</strong></span> <span class='ocrx_word' id='word_1_93' title='bbox 560 1046 618 1104; x_wconf 79' lang='lat' dir='ltr'><strong>alia,</strong></span> <span class='ocrx_word' id='word_1_94' title='bbox 637 1061 701 1112; x_wconf 88' lang='lat' dir='ltr'><strong>quae</strong></span> <span class='ocrx_word' id='word_1_95' title='bbox 714 1046 841 1097; x_wconf 81' lang='lat' dir='ltr'><strong>Fabricius</strong></span> <span class='ocrx_word' id='word_1_96' title='bbox 855 1055 943 1101; x_wconf 82' lang='lat' dir='ltr'><strong>moret,</strong></span> <span class='ocrx_word' id='word_1_97' title='bbox 967 1047 1093 1110; x_wconf 72' lang='lat' dir='ltr'><strong>rospondit</strong></span> <span class='ocrx_word' id='word_1_98' title='bbox 1103 1048 1184 1112; x_wconf 84' lang='lat' dir='ltr'><strong>Kepl</strong></span> <span class='ocrx_word' id='word_1_99' title='bbox 1194 1063 1264 1097; x_wconf 84' lang='lat' dir='ltr'><strong>erus</strong></span> <span class='ocrx_word' id='word_1_100' title='bbox 1282 1047 1323 1097; x_wconf 92' lang='lat' dir='ltr'><strong>die</strong></span> <span class='ocrx_word' id='word_1_101' title='bbox 1340 1043 1442 1097; x_wconf 70' lang='grc'><strong>113111</strong></span> <span class='ocrx_word' id='word_1_102' title='bbox 1456 1039 1535 1100; x_wconf 68' lang='lat'><strong>¹0⁰³·</strong></span> 
     </span>
     <span class='ocr_line' id='line_1_11' title="bbox 172 1114 1536 1184; baseline -0.002 -17"><span class='ocrx_word' id='word_1_103' title='bbox 172 1119 221 1168; x_wconf 87' lang='lat' dir='ltr'><strong>irec</strong></span> <span class='ocrx_word' id='word_1_104' title='bbox 239 1134 288 1167; x_wconf 94' lang='lat' dir='ltr'><strong>non</strong></span> <span class='ocrx_word' id='word_1_105' title='bbox 308 1119 340 1167; x_wconf 86' lang='lat' dir='ltr'><strong>ad</strong></span> <span class='ocrx_word' id='word_1_106' title='bbox 359 1119 422 1168; x_wconf 87' lang='lat' dir='ltr'><strong>alias</strong></span> <span class='ocrx_word' id='word_1_107' title='bbox 436 1119 541 1167; x_wconf 78' lang='lat' dir='ltr'><strong>Fabricii</strong></span> <span class='ocrx_word' id='word_1_108' title='bbox 559 1117 652 1174; x_wconf 83' lang='lat' dir='ltr'><strong>literas,</strong></span> <span class='ocrx_word' id='word_1_109' title='bbox 671 1133 735 1182; x_wconf 90' lang='lat' dir='ltr'><strong>quae</strong></span> <span class='ocrx_word' id='word_1_110' title='bbox 755 1118 862 1184; x_wconf 84' lang='lat' dir='ltr'><strong>Pragarn</strong></span> <span class='ocrx_word' id='word_1_111' title='bbox 881 1127 1001 1167; x_wconf 82' lang='lat' dir='ltr'><strong>renerent</strong></span> <span class='ocrx_word' id='word_1_112' title='bbox 1018 1119 1076 1167; x_wconf 89' lang='lat' dir='ltr'><strong>iude</strong></span> <span class='ocrx_word' id='word_1_113' title='bbox 1096 1115 1346 1169; x_wconf 63' lang='lat' dir='ltr'><strong>absumerent</strong></span> <span class='ocrx_word' id='word_1_114' title='bbox 1366 1117 1401 1168; x_wconf 84' lang='lat' dir='ltr'><strong>ad</strong></span> <span class='ocrx_word' id='word_1_115' title='bbox 1418 1114 1536 1177; x_wconf 63' lang='grc'><strong>111311</strong></span> 
     </span>
     <span class='ocr_line' id='line_1_12' title="bbox 174 1186 551 1251; baseline -0.005 -14"><span class='ocrx_word' id='word_1_116' title='bbox 174 1186 242 1238; x_wconf 80' lang='grc'><strong>1603</strong></span> <span class='ocrx_word' id='word_1_117' title='bbox 262 1188 376 1251; x_wconf 90' lang='lat' dir='ltr'><strong>(numero</strong></span> <span class='ocrx_word' id='word_1_118' title='bbox 395 1205 439 1239; x_wconf 84' lang='lat' dir='ltr'><strong>sex</strong></span> <span class='ocrx_word' id='word_1_119' title='bbox 458 1187 551 1249; x_wconf 83' lang='lat' dir='ltr'><strong>erant).</strong></span> 
     </span>
    </p>

    <p class='ocr_par' dir='ltr' id='par_1_5' title="bbox 172 1255 1536 1537">
     <span class='ocr_line' id='line_1_13' title="bbox 243 1255 1535 1322; baseline -0.001 -14"><span class='ocrx_word' id='word_1_120' title='bbox 243 1261 415 1309; x_wconf 76' lang='lat' dir='ltr'><strong>Fabricius</strong></span> <span class='ocrx_word' id='word_1_121' title='bbox 433 1262 510 1309; x_wconf 85' lang='lat' dir='ltr'><strong>literis</strong></span> <span class='ocrx_word' id='word_1_122' title='bbox 530 1260 553 1308; x_wconf 95' lang='lat' dir='ltr'><strong>d.</strong></span> <span class='ocrx_word' id='word_1_123' title='bbox 574 1259 597 1306; x_wconf 93' lang='lat' dir='ltr'><strong>d.</strong></span> <span class='ocrx_word' id='word_1_124' title='bbox 621 1257 660 1307; x_wconf 86' lang='grc'><strong>16.</strong></span> <span class='ocrx_word' id='word_1_125' title='bbox 680 1258 742 1307; x_wconf 82' lang='lat' dir='ltr'><strong>Nor.</strong></span> <span class='ocrx_word' id='word_1_126' title='bbox 763 1255 847 1315; x_wconf 77' lang='lat'><strong>160²,</strong></span> <span class='ocrx_word' id='word_1_127' title='bbox 874 1273 937 1322; x_wconf 84' lang='lat' dir='ltr'><strong>quas</strong></span> <span class='ocrx_word' id='word_1_128' title='bbox 956 1272 1031 1321; x_wconf 89' lang='lat' dir='ltr'><strong>supra</strong></span> <span class='ocrx_word' id='word_1_129' title='bbox 1049 1256 1084 1322; x_wconf 86' lang='lat' dir='ltr'><strong>(p.</strong></span> <span class='ocrx_word' id='word_1_130' title='bbox 1105 1256 1169 1320; x_wconf 82' lang='grc'><strong>312)</strong></span> <span class='ocrx_word' id='word_1_131' title='bbox 1188 1261 1307 1319; x_wconf 83' lang='lat' dir='ltr'><strong>diximus,</strong></span> <span class='ocrx_word' id='word_1_132' title='bbox 1334 1258 1434 1309; x_wconf 78' lang='lat' dir='ltr'><strong>addidit</strong></span> <span class='ocrx_word' id='word_1_133' title='bbox 1451 1257 1535 1307; x_wconf 62' lang='lat' dir='ltr'><strong>olu-</strong></span> 
     </span>
     <span class='ocr_line' id='line_1_14' title="bbox 172 1328 1536 1396; baseline 0 -18"><span class='ocrx_word' id='word_1_134' title='bbox 172 1332 283 1379; x_wconf 86' lang='lat' dir='ltr'><strong>rationes</strong></span> <span class='ocrx_word' id='word_1_135' title='bbox 301 1329 420 1380; x_wconf 84' lang='lat' dir='ltr'><strong>Mercurii</strong></span> <span class='ocrx_word' id='word_1_136' title='bbox 440 1330 532 1394; x_wconf 84' lang='lat' dir='ltr'><strong>(comp.</strong></span> <span class='ocrx_word' id='word_1_137' title='bbox 553 1328 693 1393; x_wconf 86' lang='lat' dir='ltr'><strong>Opticam),</strong></span> <span class='ocrx_word' id='word_1_138' title='bbox 724 1339 750 1378; x_wconf 90' lang='lat' dir='ltr'><strong>et</strong></span> <span class='ocrx_word' id='word_1_139' title='bbox 767 1331 792 1377; x_wconf 92' lang='lat' dir='ltr'><strong>in</strong></span> <span class='ocrx_word' id='word_1_140' title='bbox 811 1332 959 1392; x_wconf 88' lang='lat' dir='ltr'><strong>postscripto</strong></span> <span class='ocrx_word' id='word_1_141' title='bbox 979 1331 1025 1378; x_wconf 85' lang='lat' dir='ltr'><strong>rim</strong></span> <span class='ocrx_word' id='word_1_142' title='bbox 1051 1330 1123 1393; x_wconf 85' lang='lat' dir='ltr'><strong>bajus</strong></span> <span class='ocrx_word' id='word_1_143' title='bbox 1141 1332 1259 1395; x_wconf 82' lang='lat' dir='ltr'><strong>planetae</strong></span> <span class='ocrx_word' id='word_1_144' title='bbox 1285 1331 1463 1396; x_wconf 71' lang='lat' dir='ltr'><strong>utrologlcn</strong></span> <span class='ocrx_word' id='word_1_145' title='bbox 1479 1328 1536 1378; x_wconf 71' lang='lat' dir='ltr'><strong>lau·</strong></span> 
     </span>
     <span class='ocr_line' id='line_1_15' title="bbox 172 1398 1536 1468; baseline -0.001 -17"><span class='ocrx_word' id='word_1_146' title='bbox 172 1402 243 1451; x_wconf 89' lang='lat' dir='ltr'><strong>dibus</strong></span> <span class='ocrx_word' id='word_1_147' title='bbox 271 1403 436 1465; x_wconf 84' lang='lat' dir='ltr'><strong>praedicarit,</strong></span> <span class='ocrx_word' id='word_1_148' title='bbox 463 1402 552 1452; x_wconf 90' lang='lat' dir='ltr'><strong>deinde</strong></span> <span class='ocrx_word' id='word_1_149' title='bbox 580 1403 604 1450; x_wconf 93' lang='lat' dir='ltr'><strong>in</strong></span> <span class='ocrx_word' id='word_1_150' title='bbox 632 1401 725 1449; x_wconf 83' lang='lat' dir='ltr'><strong>ultimis</strong></span> <span class='ocrx_word' id='word_1_151' title='bbox 751 1398 787 1460; x_wconf 84' lang='grc'><strong>(1.</strong></span> <span class='ocrx_word' id='word_1_152' title='bbox 807 1400 830 1449; x_wconf 93' lang='grc'><strong>1.</strong></span> <span class='ocrx_word' id='word_1_153' title='bbox 857 1398 898 1447; x_wconf 80' lang='lat' dir='ltr'><strong>li.</strong></span> <span class='ocrx_word' id='word_1_154' title='bbox 919 1400 980 1462; x_wconf 73' lang='lat' dir='ltr'><strong>Mali</strong></span> <span class='ocrx_word' id='word_1_155' title='bbox 1001 1398 1082 1460; x_wconf 85' lang='grc'><strong>1603)</strong></span> <span class='ocrx_word' id='word_1_156' title='bbox 1110 1404 1223 1468; x_wconf 80' lang='lat' dir='ltr'><strong>querelas</strong></span> <span class='ocrx_word' id='word_1_157' title='bbox 1251 1403 1358 1452; x_wconf 77' lang='lat' dir='ltr'><strong>effundit</strong></span> <span class='ocrx_word' id='word_1_158' title='bbox 1380 1401 1413 1451; x_wconf 89' lang='lat' dir='ltr'><strong>ob</strong></span> <span class='ocrx_word' id='word_1_159' title='bbox 1431 1399 1536 1464; x_wconf 79' lang='lat' dir='ltr'><strong>Kepleri</strong></span> 
     </span>
     <span class='ocr_line' id='line_1_16' title="bbox 172 1471 973 1537; baseline -0.001 -17"><span class='ocrx_word' id='word_1_160' title='bbox 172 1473 305 1522; x_wconf 85' lang='lat' dir='ltr'><strong>silentium.</strong></span> <span class='ocrx_word' id='word_1_161' title='bbox 343 1474 383 1521; x_wconf 80' lang='lat' dir='ltr'><strong>Ad</strong></span> <span class='ocrx_word' id='word_1_162' title='bbox 401 1473 464 1522; x_wconf 90' lang='lat' dir='ltr'><strong>baec</strong></span> <span class='ocrx_word' id='word_1_163' title='bbox 484 1474 617 1537; x_wconf 80' lang='lat' dir='ltr'><strong>respiciens</strong></span> <span class='ocrx_word' id='word_1_164' title='bbox 638 1475 674 1522; x_wconf 90' lang='lat' dir='ltr'><strong>sic</strong></span> <span class='ocrx_word' id='word_1_165' title='bbox 695 1472 819 1521; x_wconf 86' lang='lat' dir='ltr'><strong>exorditur</strong></span> <span class='ocrx_word' id='word_1_166' title='bbox 836 1471 973 1535; x_wconf 85' lang='lat' dir='ltr'><strong>Kepleras:</strong></span> 
     </span>
    </p>
   </div>
   <div class='ocr_carea' id='block_1_3' title="bbox 775 1541 930 1603">
    <p class='ocr_par' dir='ltr' id='par_1_6' title="bbox 775 1541 930 1603">
     <span class='ocr_line' id='line_1_17' title="bbox 775 1541 930 1603; baseline -0.013 -1"><span class='ocrx_word' id='word_1_167' title='bbox 775 1541 808 1602; x_wconf 86' lang='lat' dir='ltr'><strong>S.</strong></span> <span class='ocrx_word' id='word_1_168' title='bbox 833 1543 869 1603; x_wconf 93' lang='lat' dir='ltr'><strong>P.</strong></span> <span class='ocrx_word' id='word_1_169' title='bbox 892 1543 930 1603; x_wconf 91' lang='lat' dir='ltr'><strong>D.</strong></span> 
     </span>
    </p>
   </div>
   <div class='ocr_carea' id='block_1_4' title="bbox 170 1631 1538 3663">
    <p class='ocr_par' dir='ltr' id='par_1_7' title="bbox 170 1631 1537 1888">
     <span class='ocr_line' id='line_1_18' title="bbox 264 1631 1537 1711; baseline 0 -19"><span class='ocrx_word' id='word_1_170' title='bbox 264 1632 334 1695; x_wconf 87' lang='lat' dir='ltr'><strong>Jam</strong></span> <span class='ocrx_word' id='word_1_171' title='bbox 355 1633 430 1702; x_wconf 87' lang='lat' dir='ltr'><strong>baec</strong></span> <span class='ocrx_word' id='word_1_172' title='bbox 455 1642 543 1692; x_wconf 80' lang='lat' dir='ltr'><strong>sena</strong></span> <span class='ocrx_word' id='word_1_173' title='bbox 567 1631 638 1693; x_wconf 87' lang='lat' dir='ltr'><strong>nrihi</strong></span> <span class='ocrx_word' id='word_1_174' title='bbox 654 1633 708 1692; x_wconf 87' lang='lat' dir='ltr'><strong>abs</strong></span> <span class='ocrx_word' id='word_1_175' title='bbox 725 1643 765 1698; x_wconf 88' lang='grc'><strong>13,</strong></span> <span class='ocrx_word' id='word_1_176' title='bbox 785 1631 1004 1708; x_wconf 86' lang='lat' dir='ltr'><strong>jucundissime</strong></span> <span class='ocrx_word' id='word_1_177' title='bbox 1019 1633 1149 1707; x_wconf 88' lang='lat' dir='ltr'><strong>Fabrici,</strong></span> <span class='ocrx_word' id='word_1_178' title='bbox 1175 1633 1257 1694; x_wconf 90' lang='lat' dir='ltr'><strong>veuit</strong></span> <span class='ocrx_word' id='word_1_179' title='bbox 1276 1633 1419 1711; x_wconf 80' lang='lat' dir='ltr'><strong>epistola,</strong></span> <span class='ocrx_word' id='word_1_180' title='bbox 1444 1649 1537 1711; x_wconf 87' lang='lat' dir='ltr'><strong>quam</strong></span> 
     </span>
     <span class='ocr_line' id='line_1_19' title="bbox 170 1720 1535 1801; baseline -0.001 -19"><span class='ocrx_word' id='word_1_181' title='bbox 170 1723 259 1801; x_wconf 86' lang='lat' dir='ltr'><strong>jussu</strong></span> <span class='ocrx_word' id='word_1_182' title='bbox 289 1720 461 1782; x_wconf 87' lang='lat' dir='ltr'><strong>cancellarii</strong></span> <span class='ocrx_word' id='word_1_183' title='bbox 486 1721 680 1781; x_wconf 83' lang='lat' dir='ltr'><strong>Abrahamus</strong></span> <span class='ocrx_word' id='word_1_184' title='bbox 704 1731 805 1781; x_wconf 88' lang='lat' dir='ltr'><strong>vester</strong></span> <span class='ocrx_word' id='word_1_185' title='bbox 838 1721 875 1780; x_wconf 91' lang='lat' dir='ltr'><strong>ad</strong></span> <span class='ocrx_word' id='word_1_186' title='bbox 901 1739 946 1780; x_wconf 91' lang='lat' dir='ltr'><strong>me</strong></span> <span class='ocrx_word' id='word_1_187' title='bbox 971 1721 999 1780; x_wconf 95' lang='lat' dir='ltr'><strong>in</strong></span> <span class='ocrx_word' id='word_1_188' title='bbox 1024 1722 1115 1781; x_wconf 91' lang='lat' dir='ltr'><strong>aedes</strong></span> <span class='ocrx_word' id='word_1_189' title='bbox 1142 1741 1224 1782; x_wconf 91' lang='lat' dir='ltr'><strong>meas</strong></span> <span class='ocrx_word' id='word_1_190' title='bbox 1247 1722 1358 1783; x_wconf 89' lang='lat' dir='ltr'><strong>detulit</strong></span> <span class='ocrx_word' id='word_1_191' title='bbox 1386 1739 1441 1801; x_wconf 87' lang='lat' dir='ltr'><strong>per</strong></span> <span class='ocrx_word' id='word_1_192' title='bbox 1464 1721 1535 1801; x_wconf 83' lang='lat' dir='ltr'><strong>pla·</strong></span> 
     </span>
     <span class='ocr_line' id='line_1_20' title="bbox 175 1808 930 1888; baseline -0.004 -17"><span class='ocrx_word' id='word_1_193' title='bbox 175 1823 295 1872; x_wconf 89' lang='lat' dir='ltr'><strong>tearum</strong></span> <span class='ocrx_word' id='word_1_194' title='bbox 320 1809 561 1888; x_wconf 84' lang='lat' dir='ltr'><strong>longissimarum</strong></span> <span class='ocrx_word' id='word_1_195' title='bbox 585 1808 763 1887; x_wconf 85' lang='lat' dir='ltr'><strong>profundum</strong></span> <span class='ocrx_word' id='word_1_196' title='bbox 788 1809 892 1869; x_wconf 90' lang='lat' dir='ltr'><strong>lutum.</strong></span> <span class='ocrx_word' id='word_1_197' title='bbox 927 1820 930 1825; x_wconf 85' lang='lat'>&#39;</span> 
     </span>
    </p>

    <p class='ocr_par' dir='ltr' id='par_1_8' title="bbox 174 1895 1538 2157">
     <span class='ocr_line' id='line_1_21' title="bbox 264 1895 1538 1975; baseline -0.002 -16"><span class='ocrx_word' id='word_1_198' title='bbox 264 1900 365 1960; x_wconf 83' lang='lat' dir='ltr'><strong>instas</strong></span> <span class='ocrx_word' id='word_1_199' title='bbox 391 1899 418 1958; x_wconf 90' lang='lat' dir='ltr'><strong>in</strong></span> <span class='ocrx_word' id='word_1_200' title='bbox 443 1899 500 1957; x_wconf 89' lang='lat' dir='ltr'><strong>fine</strong></span> <span class='ocrx_word' id='word_1_201' title='bbox 524 1898 560 1958; x_wconf 92' lang='lat' dir='ltr'><strong>de</strong></span> <span class='ocrx_word' id='word_1_202' title='bbox 586 1897 658 1957; x_wconf 87' lang='lat' dir='ltr'><strong>meis</strong></span> <span class='ocrx_word' id='word_1_203' title='bbox 676 1895 803 1975; x_wconf 85' lang='lat' dir='ltr'><strong>Opticis.</strong></span> <span class='ocrx_word' id='word_1_204' title='bbox 850 1895 917 1966; x_wconf 85' lang='lat' dir='ltr'><strong>Quo</strong></span> <span class='ocrx_word' id='word_1_205' title='bbox 942 1898 1038 1958; x_wconf 89' lang='lat' dir='ltr'><strong>serius</strong></span> <span class='ocrx_word' id='word_1_206' title='bbox 1063 1898 1117 1960; x_wconf 89' lang='lat' dir='ltr'><strong>tibi</strong></span> <span class='ocrx_word' id='word_1_207' title='bbox 1142 1897 1340 1969; x_wconf 84' lang='lat' dir='ltr'><strong>satisfaciam,</strong></span> <span class='ocrx_word' id='word_1_208' title='bbox 1366 1906 1423 1960; x_wconf 79' lang='lat' dir='ltr'><strong>tua</strong></span> <span class='ocrx_word' id='word_1_209' title='bbox 1439 1896 1538 1959; x_wconf 79' lang='lat' dir='ltr'><strong>efficit</strong></span> 
     </span>
     <span class='ocr_line' id='line_1_22' title="bbox 176 1986 1538 2068; baseline -0.001 -20"><span class='ocrx_word' id='word_1_210' title='bbox 176 1989 387 2068; x_wconf 84' lang='lat' dir='ltr'><strong>importunitas</strong></span> <span class='ocrx_word' id='word_1_211' title='bbox 420 1998 451 2047; x_wconf 90' lang='lat' dir='ltr'><strong>et</strong></span> <span class='ocrx_word' id='word_1_212' title='bbox 481 1987 637 2047; x_wconf 84' lang='lat' dir='ltr'><strong>machinae</strong></span> <span class='ocrx_word' id='word_1_213' title='bbox 671 1986 699 2045; x_wconf 88' lang='lat' dir='ltr'><strong>in</strong></span> <span class='ocrx_word' id='word_1_214' title='bbox 733 1986 931 2064; x_wconf 83' lang='lat' dir='ltr'><strong>efflagitando</strong></span> <span class='ocrx_word' id='word_1_215' title='bbox 966 2006 1119 2065; x_wconf 88' lang='lat' dir='ltr'><strong>responso.</strong></span> <span class='ocrx_word' id='word_1_216' title='bbox 1167 1987 1264 2065; x_wconf 83' lang='lat' dir='ltr'><strong>Igitur</strong></span> <span class='ocrx_word' id='word_1_217' title='bbox 1296 1988 1335 2048; x_wconf 89' lang='lat' dir='ltr'><strong>ad</strong></span> <span class='ocrx_word' id='word_1_218' title='bbox 1369 2006 1424 2061; x_wconf 88' lang='lat' dir='ltr'><strong>ea,</strong></span> <span class='ocrx_word' id='word_1_219' title='bbox 1459 2004 1538 2066; x_wconf 85' lang='lat' dir='ltr'><strong>quae</strong></span> 
     </span>
     <span class='ocr_line' id='line_1_23' title="bbox 174 2074 721 2157; baseline -0.009 -19"><span class='ocrx_word' id='word_1_220' title='bbox 174 2076 324 2157; x_wconf 83' lang='lat' dir='ltr'><strong>scripsisti</strong></span> <span class='ocrx_word' id='word_1_221' title='bbox 349 2074 379 2138; x_wconf 84' lang='lat'><strong>8.</strong></span> <span class='ocrx_word' id='word_1_222' title='bbox 405 2074 489 2148; x_wconf 88' lang='grc'><strong>(18.)</strong></span> <span class='ocrx_word' id='word_1_223' title='bbox 515 2077 592 2136; x_wconf 71' lang='lat' dir='ltr'><strong>bor.</strong></span> <span class='ocrx_word' id='word_1_224' title='bbox 617 2075 721 2152; x_wconf 90' lang='lat' dir='ltr'><strong>primo.</strong></span> 
     </span>
    </p>

    <p class='ocr_par' dir='ltr' id='par_1_9' title="bbox 174 2163 1538 2600">
     <span class='ocr_line' id='line_1_24' title="bbox 264 2163 1536 2244; baseline -0.001 -19"><span class='ocrx_word' id='word_1_225' title='bbox 264 2167 385 2244; x_wconf 82' lang='lat' dir='ltr'><strong>Agrium</strong></span> <span class='ocrx_word' id='word_1_226' title='bbox 410 2165 456 2226; x_wconf 88' lang='lat' dir='ltr'><strong>iric</strong></span> <span class='ocrx_word' id='word_1_227' title='bbox 480 2165 557 2242; x_wconf 85' lang='lat' dir='ltr'><strong>agis,</strong></span> <span class='ocrx_word' id='word_1_228' title='bbox 583 2165 626 2224; x_wconf 90' lang='grc'><strong>113</strong></span> <span class='ocrx_word' id='word_1_229' title='bbox 649 2183 682 2223; x_wconf 86' lang='grc'><strong>33</strong></span> <span class='ocrx_word' id='word_1_230' title='bbox 706 2163 858 2222; x_wconf 84' lang='lat' dir='ltr'><strong>innocens.</strong></span> <span class='ocrx_word' id='word_1_231' title='bbox 906 2163 1015 2224; x_wconf 87' lang='lat' dir='ltr'><strong>Placet</strong></span> <span class='ocrx_word' id='word_1_232' title='bbox 1029 2163 1083 2223; x_wconf 91' lang='lat' dir='ltr'><strong>tibi</strong></span> <span class='ocrx_word' id='word_1_233' title='bbox 1098 2163 1318 2224; x_wconf 83' lang='lat' dir='ltr'><strong>demonstratio</strong></span> <span class='ocrx_word' id='word_1_234' title='bbox 1343 2172 1536 2242; x_wconf 88' lang='lat' dir='ltr'><strong>aspectuum,</strong></span> 
     </span>
     <span class='ocr_line' id='line_1_25' title="bbox 176 2249 1536 2331; baseline -0.001 -17"><span class='ocrx_word' id='word_1_235' title='bbox 176 2255 379 2317; x_wconf 88' lang='lat' dir='ltr'><strong>reductionem</strong></span> <span class='ocrx_word' id='word_1_236' title='bbox 403 2254 440 2315; x_wconf 89' lang='lat' dir='ltr'><strong>ad</strong></span> <span class='ocrx_word' id='word_1_237' title='bbox 469 2252 638 2331; x_wconf 85' lang='lat' dir='ltr'><strong>eclipticam</strong></span> <span class='ocrx_word' id='word_1_238' title='bbox 663 2252 823 2331; x_wconf 84' lang='lat' dir='ltr'><strong>approbas,</strong></span> <span class='ocrx_word' id='word_1_239' title='bbox 849 2251 1027 2313; x_wconf 87' lang='lat' dir='ltr'><strong>divisionem</strong></span> <span class='ocrx_word' id='word_1_240' title='bbox 1051 2252 1288 2313; x_wconf 85' lang='lat' dir='ltr'><strong>eccentricitatis</strong></span> <span class='ocrx_word' id='word_1_241' title='bbox 1311 2249 1395 2313; x_wconf 90' lang='lat' dir='ltr'><strong>Solis</strong></span> <span class='ocrx_word' id='word_1_242' title='bbox 1420 2250 1536 2313; x_wconf 88' lang='lat' dir='ltr'><strong>admit·</strong></span> 
     </span>
     <span class='ocr_line' id='line_1_26' title="bbox 176 2339 1538 2421; baseline -0.002 -18"><span class='ocrx_word' id='word_1_243' title='bbox 176 2344 229 2416; x_wconf 91' lang='lat' dir='ltr'><strong>tis,</strong></span> <span class='ocrx_word' id='word_1_244' title='bbox 255 2344 420 2403; x_wconf 87' lang='lat' dir='ltr'><strong>sanitatem</strong></span> <span class='ocrx_word' id='word_1_245' title='bbox 446 2361 606 2421; x_wconf 84' lang='lat' dir='ltr'><strong>recuperas</strong></span> <span class='ocrx_word' id='word_1_246' title='bbox 630 2341 668 2401; x_wconf 83' lang='lat' dir='ltr'><strong>ab</strong></span> <span class='ocrx_word' id='word_1_247' title='bbox 694 2341 878 2417; x_wconf 86' lang='lat' dir='ltr'><strong>astrologica</strong></span> <span class='ocrx_word' id='word_1_248' title='bbox 899 2340 988 2413; x_wconf 84' lang='lat' dir='ltr'><strong>febri,</strong></span> <span class='ocrx_word' id='word_1_249' title='bbox 1013 2360 1067 2400; x_wconf 88' lang='lat' dir='ltr'><strong>nec</strong></span> <span class='ocrx_word' id='word_1_250' title='bbox 1084 2341 1241 2421; x_wconf 87' lang='lat' dir='ltr'><strong>quicquum</strong></span> <span class='ocrx_word' id='word_1_251' title='bbox 1256 2340 1295 2401; x_wconf 91' lang='lat' dir='ltr'><strong>ibi</strong></span> <span class='ocrx_word' id='word_1_252' title='bbox 1311 2340 1431 2413; x_wconf 89' lang='lat' dir='ltr'><strong>scribis,</strong></span> <span class='ocrx_word' id='word_1_253' title='bbox 1458 2339 1538 2421; x_wconf 91' lang='lat' dir='ltr'><strong>quod</strong></span> 
     </span>
     <span class='ocr_line' id='line_1_27' title="bbox 174 2429 1538 2515; baseline -0.002 -22"><span class='ocrx_word' id='word_1_254' title='bbox 174 2432 203 2493; x_wconf 92' lang='lat' dir='ltr'><strong>in</strong></span> <span class='ocrx_word' id='word_1_255' title='bbox 228 2432 285 2493; x_wconf 87' lang='lat' dir='ltr'><strong>bac</strong></span> <span class='ocrx_word' id='word_1_256' title='bbox 309 2451 340 2492; x_wconf 89' lang='lat' dir='ltr'><strong>re</strong></span> <span class='ocrx_word' id='word_1_257' title='bbox 365 2450 422 2492; x_wconf 92' lang='lat' dir='ltr'><strong>non</strong></span> <span class='ocrx_word' id='word_1_258' title='bbox 448 2432 555 2492; x_wconf 83' lang='lat' dir='ltr'><strong>eximie</strong></span> <span class='ocrx_word' id='word_1_259' title='bbox 570 2431 703 2509; x_wconf 89' lang='lat' dir='ltr'><strong>probem.</strong></span> <span class='ocrx_word' id='word_1_260' title='bbox 751 2430 785 2489; x_wconf 92' lang='lat' dir='ltr'><strong>ln</strong></span> <span class='ocrx_word' id='word_1_261' title='bbox 805 2429 871 2490; x_wconf 89' lang='lat' dir='ltr'><strong>sola</strong></span> <span class='ocrx_word' id='word_1_262' title='bbox 886 2429 1044 2490; x_wconf 88' lang='lat' dir='ltr'><strong>latitudine</strong></span> <span class='ocrx_word' id='word_1_263' title='bbox 1064 2431 1173 2491; x_wconf 87' lang='lat' dir='ltr'><strong>Martis</strong></span> <span class='ocrx_word' id='word_1_264' title='bbox 1189 2430 1305 2490; x_wconf 86' lang='lat' dir='ltr'><strong>haeres.</strong></span> <span class='ocrx_word' id='word_1_265' title='bbox 1352 2430 1400 2491; x_wconf 85' lang='lat' dir='ltr'><strong>At</strong></span> <span class='ocrx_word' id='word_1_266' title='bbox 1418 2429 1538 2515; x_wconf 72' lang='lat' dir='ltr'><strong>interea</strong></span> 
     </span>
     <span class='ocr_line' id='line_1_28' title="bbox 175 2517 1260 2600; baseline -0.003 -19"><span class='ocrx_word' id='word_1_267' title='bbox 175 2530 207 2581; x_wconf 92' lang='lat' dir='ltr'><strong>et</strong></span> <span class='ocrx_word' id='word_1_268' title='bbox 229 2521 337 2600; x_wconf 87' lang='lat' dir='ltr'><strong>scripsi</strong></span> <span class='ocrx_word' id='word_1_269' title='bbox 362 2521 399 2580; x_wconf 94' lang='lat' dir='ltr'><strong>de</strong></span> <span class='ocrx_word' id='word_1_270' title='bbox 423 2539 461 2580; x_wconf 90' lang='lat' dir='ltr'><strong>ea</strong></span> <span class='ocrx_word' id='word_1_271' title='bbox 484 2520 667 2579; x_wconf 85' lang='lat' dir='ltr'><strong>sufficienter</strong></span> <span class='ocrx_word' id='word_1_272' title='bbox 690 2537 727 2578; x_wconf 83' lang='lat' dir='ltr'><strong>ex</strong></span> <span class='ocrx_word' id='word_1_273' title='bbox 752 2517 808 2577; x_wconf 87' lang='lat' dir='ltr'><strong>lide</strong></span> <span class='ocrx_word' id='word_1_274' title='bbox 832 2518 1075 2579; x_wconf 86' lang='lat' dir='ltr'><strong>observationum</strong></span> <span class='ocrx_word' id='word_1_275' title='bbox 1101 2519 1260 2599; x_wconf 87' lang='lat' dir='ltr'><strong>Tycbouis.</strong></span> 
     </span>
    </p>

    <p class='ocr_par' dir='ltr' id='par_1_10' title="bbox 175 2604 1538 3398">
     <span class='ocr_line' id='line_1_29' title="bbox 263 2604 1534 2686; baseline -0.003 -17"><span class='ocrx_word' id='word_1_276' title='bbox 263 2609 362 2669; x_wconf 87' lang='lat' dir='ltr'><strong>Mittis</strong></span> <span class='ocrx_word' id='word_1_277' title='bbox 387 2608 628 2669; x_wconf 78' lang='lat' dir='ltr'><strong>observationem</strong></span> <span class='ocrx_word' id='word_1_278' title='bbox 653 2606 803 2667; x_wconf 87' lang='lat' dir='ltr'><strong>Mercurii.</strong></span> <span class='ocrx_word' id='word_1_279' title='bbox 853 2604 980 2667; x_wconf 86' lang='lat' dir='ltr'><strong>Gratias</strong></span> <span class='ocrx_word' id='word_1_280' title='bbox 1004 2625 1072 2685; x_wconf 91' lang='lat' dir='ltr'><strong>ago.</strong></span> <span class='ocrx_word' id='word_1_281' title='bbox 1120 2608 1204 2669; x_wconf 91' lang='lat' dir='ltr'><strong>Petis</strong></span> <span class='ocrx_word' id='word_1_282' title='bbox 1233 2607 1443 2686; x_wconf 87' lang='lat' dir='ltr'><strong>elongatioues</strong></span> <span class='ocrx_word' id='word_1_283' title='bbox 1471 2605 1534 2666; x_wconf 88' lang='lat' dir='ltr'><strong>Ve-</strong></span> 
     </span>
     <span class='ocr_line' id='line_1_30' title="bbox 176 2694 1536 2774; baseline -0.002 -15"><span class='ocrx_word' id='word_1_284' title='bbox 176 2699 273 2770; x_wconf 89' lang='lat' dir='ltr'><strong>neris,</strong></span> <span class='ocrx_word' id='word_1_285' title='bbox 308 2697 460 2758; x_wconf 81' lang='lat' dir='ltr'><strong>Mercurii.</strong></span> <span class='ocrx_word' id='word_1_286' title='bbox 507 2697 575 2757; x_wconf 76' lang='lat' dir='ltr'><strong>lion</strong></span> <span class='ocrx_word' id='word_1_287' title='bbox 611 2705 657 2756; x_wconf 91' lang='lat' dir='ltr'><strong>est</strong></span> <span class='ocrx_word' id='word_1_288' title='bbox 689 2695 760 2756; x_wconf 90' lang='lat' dir='ltr'><strong>mihi</strong></span> <span class='ocrx_word' id='word_1_289' title='bbox 794 2696 966 2774; x_wconf 85' lang='lat' dir='ltr'><strong>expeditum</strong></span> <span class='ocrx_word' id='word_1_290' title='bbox 998 2696 1053 2756; x_wconf 91' lang='lat' dir='ltr'><strong>hoc</strong></span> <span class='ocrx_word' id='word_1_291' title='bbox 1083 2696 1252 2774; x_wconf 65' lang='lat' dir='ltr'><strong>negotium</strong></span> <span class='ocrx_word' id='word_1_292' title='bbox 1287 2696 1373 2758; x_wconf 89' lang='lat' dir='ltr'><strong>dabis</strong></span> <span class='ocrx_word' id='word_1_293' title='bbox 1403 2694 1536 2756; x_wconf 85' lang='lat' dir='ltr'><strong>veniam.</strong></span> 
     </span>
     <span class='ocr_line' id='line_1_31' title="bbox 178 2784 1538 2865; baseline -0.001 -18"><span class='ocrx_word' id='word_1_294' title='bbox 178 2786 278 2847; x_wconf 90' lang='lat' dir='ltr'><strong>Multa</strong></span> <span class='ocrx_word' id='word_1_295' title='bbox 293 2787 444 2847; x_wconf 87' lang='lat' dir='ltr'><strong>Mercurio</strong></span> <span class='ocrx_word' id='word_1_296' title='bbox 469 2784 595 2857; x_wconf 90' lang='lat' dir='ltr'><strong>tribuis;</strong></span> <span class='ocrx_word' id='word_1_297' title='bbox 621 2804 693 2844; x_wconf 87' lang='lat' dir='ltr'><strong>sane</strong></span> <span class='ocrx_word' id='word_1_298' title='bbox 714 2794 746 2844; x_wconf 90' lang='lat' dir='ltr'><strong>et</strong></span> <span class='ocrx_word' id='word_1_299' title='bbox 761 2802 827 2862; x_wconf 89' lang='lat' dir='ltr'><strong>ego.</strong></span> <span class='ocrx_word' id='word_1_300' title='bbox 875 2784 1041 2864; x_wconf 88' lang='lat' dir='ltr'><strong>Utrumque</strong></span> <span class='ocrx_word' id='word_1_301' title='bbox 1057 2785 1159 2846; x_wconf 88' lang='lat' dir='ltr'><strong>docuit</strong></span> <span class='ocrx_word' id='word_1_302' title='bbox 1173 2785 1369 2865; x_wconf 82' lang='lat' dir='ltr'><strong>experientia,</strong></span> <span class='ocrx_word' id='word_1_303' title='bbox 1393 2794 1427 2845; x_wconf 90' lang='lat' dir='ltr'><strong>tu</strong></span> <span class='ocrx_word' id='word_1_304' title='bbox 1441 2784 1538 2846; x_wconf 80' lang='lat' dir='ltr'><strong>etiam</strong></span> 
     </span>
     <span class='ocr_line' id='line_1_32' title="bbox 178 2872 1537 2954; baseline -0.001 -20"><span class='ocrx_word' id='word_1_305' title='bbox 178 2895 197 2934; x_wconf 91' lang='lat' dir='ltr'><strong>a</strong></span> <span class='ocrx_word' id='word_1_306' title='bbox 220 2876 374 2953; x_wconf 78' lang='lat' dir='ltr'><strong>theologia</strong></span> <span class='ocrx_word' id='word_1_307' title='bbox 398 2875 482 2954; x_wconf 84' lang='lat' dir='ltr'><strong>petis</strong></span> <span class='ocrx_word' id='word_1_308' title='bbox 503 2874 664 2945; x_wconf 80' lang='lat' dir='ltr'><strong>rationem3</strong></span> <span class='ocrx_word' id='word_1_309' title='bbox 692 2873 755 2951; x_wconf 83' lang='lat' dir='ltr'><strong>pie!</strong></span> <span class='ocrx_word' id='word_1_310' title='bbox 803 2875 846 2933; x_wconf 85' lang='lat' dir='ltr'><strong>nt</strong></span> <span class='ocrx_word' id='word_1_311' title='bbox 869 2873 961 2933; x_wconf 90' lang='lat' dir='ltr'><strong>nolim</strong></span> <span class='ocrx_word' id='word_1_312' title='bbox 992 2874 1046 2933; x_wconf 92' lang='lat' dir='ltr'><strong>hoc</strong></span> <span class='ocrx_word' id='word_1_313' title='bbox 1070 2874 1191 2935; x_wconf 85' lang='lat' dir='ltr'><strong>axioma</strong></span> <span class='ocrx_word' id='word_1_314' title='bbox 1221 2875 1328 2935; x_wconf 87' lang='lat' dir='ltr'><strong>leviter</strong></span> <span class='ocrx_word' id='word_1_315' title='bbox 1350 2872 1537 2952; x_wconf 82' lang='lat' dir='ltr'><strong>prostituere</strong></span> 
     </span>
     <span class='ocr_line' id='line_1_33' title="bbox 176 2961 1535 3050; baseline -0.001 -26"><span class='ocrx_word' id='word_1_316' title='bbox 176 2963 205 3024; x_wconf 88' lang='lat' dir='ltr'><strong>in</strong></span> <span class='ocrx_word' id='word_1_317' title='bbox 231 2973 347 3036; x_wconf 88' lang='lat' dir='ltr'><strong>natura,</strong></span> <span class='ocrx_word' id='word_1_318' title='bbox 373 2964 457 3042; x_wconf 90' lang='lat' dir='ltr'><strong>cujus</strong></span> <span class='ocrx_word' id='word_1_319' title='bbox 481 2973 552 3022; x_wconf 87' lang='lat' dir='ltr'><strong>sunt</strong></span> <span class='ocrx_word' id='word_1_320' title='bbox 576 2962 708 3022; x_wconf 86' lang='lat' dir='ltr'><strong>rationes</strong></span> <span class='ocrx_word' id='word_1_321' title='bbox 733 2961 825 3034; x_wconf 87' lang='grc'><strong>31133,</strong></span> <span class='ocrx_word' id='word_1_322' title='bbox 860 2962 956 3022; x_wconf 89' lang='lat' dir='ltr'><strong>solere</strong></span> <span class='ocrx_word' id='word_1_323' title='bbox 980 2961 1076 3050; x_wconf 83' lang='lat' dir='ltr'><strong>Deum</strong></span> <span class='ocrx_word' id='word_1_324' title='bbox 1102 2981 1154 3040; x_wconf 88' lang='lat' dir='ltr'><strong>per</strong></span> <span class='ocrx_word' id='word_1_325' title='bbox 1177 2963 1299 3024; x_wconf 90' lang='lat' dir='ltr'><strong>minima</strong></span> <span class='ocrx_word' id='word_1_326' title='bbox 1322 2963 1443 3023; x_wconf 87' lang='lat' dir='ltr'><strong>eiiicere</strong></span> <span class='ocrx_word' id='word_1_327' title='bbox 1467 2980 1535 3023; x_wconf 88' lang='lat' dir='ltr'><strong>ma-</strong></span> 
     </span>
     <span class='ocr_line' id='line_1_34' title="bbox 177 3050 1537 3130; baseline -0.001 -18"><span class='ocrx_word' id='word_1_328' title='bbox 177 3052 267 3113; x_wconf 82' lang='lat' dir='ltr'><strong>xima.</strong></span> <span class='ocrx_word' id='word_1_329' title='bbox 315 3051 444 3122; x_wconf 84' lang='lat' dir='ltr'><strong>Quando</strong></span> <span class='ocrx_word' id='word_1_330' title='bbox 474 3051 552 3111; x_wconf 89' lang='lat' dir='ltr'><strong>enim</strong></span> <span class='ocrx_word' id='word_1_331' title='bbox 584 3050 613 3110; x_wconf 93' lang='lat' dir='ltr'><strong>in</strong></span> <span class='ocrx_word' id='word_1_332' title='bbox 638 3059 745 3110; x_wconf 88' lang='lat' dir='ltr'><strong>natura</strong></span> <span class='ocrx_word' id='word_1_333' title='bbox 778 3051 840 3110; x_wconf 90' lang='grc'><strong>1313</strong></span> <span class='ocrx_word' id='word_1_334' title='bbox 865 3050 933 3130; x_wconf 92' lang='lat' dir='ltr'><strong>quid</strong></span> <span class='ocrx_word' id='word_1_335' title='bbox 968 3051 1111 3126; x_wconf 89' lang='lat' dir='ltr'><strong>occurrit,</strong></span> <span class='ocrx_word' id='word_1_336' title='bbox 1147 3051 1225 3113; x_wconf 88' lang='lat' dir='ltr'><strong>ratio</strong></span> <span class='ocrx_word' id='word_1_337' title='bbox 1249 3051 1355 3112; x_wconf 87' lang='lat' dir='ltr'><strong>subest</strong></span> <span class='ocrx_word' id='word_1_338' title='bbox 1388 3060 1421 3111; x_wconf 89' lang='lat' dir='ltr'><strong>et</strong></span> <span class='ocrx_word' id='word_1_339' title='bbox 1444 3056 1537 3130; x_wconf 82' lang='lat' dir='ltr'><strong>captu</strong></span> 
     </span>
     <span class='ocr_line' id='line_1_35' title="bbox 177 3139 1535 3216; baseline -0.001 -15"><span class='ocrx_word' id='word_1_340' title='bbox 177 3160 235 3201; x_wconf 92' lang='lat' dir='ltr'><strong>non</strong></span> <span class='ocrx_word' id='word_1_341' title='bbox 269 3141 401 3202; x_wconf 86' lang='lat' dir='ltr'><strong>diiiicilis</strong></span> <span class='ocrx_word' id='word_1_342' title='bbox 430 3140 600 3202; x_wconf 89' lang='lat' dir='ltr'><strong>admodum.</strong></span> <span class='ocrx_word' id='word_1_343' title='bbox 648 3139 694 3199; x_wconf 89' lang='lat' dir='ltr'><strong>De</strong></span> <span class='ocrx_word' id='word_1_344' title='bbox 718 3139 910 3216; x_wconf 84' lang='lat' dir='ltr'><strong>generalibus</strong></span> <span class='ocrx_word' id='word_1_345' title='bbox 934 3139 1034 3200; x_wconf 87' lang='lat' dir='ltr'><strong>causis</strong></span> <span class='ocrx_word' id='word_1_346' title='bbox 1068 3141 1266 3203; x_wconf 85' lang='lat' dir='ltr'><strong>mutationum</strong></span> <span class='ocrx_word' id='word_1_347' title='bbox 1289 3140 1369 3200; x_wconf 73' lang='lat' dir='ltr'><strong>airis</strong></span> <span class='ocrx_word' id='word_1_348' title='bbox 1392 3139 1456 3200; x_wconf 83' lang='lat' dir='ltr'><strong>dixi</strong></span> <span class='ocrx_word' id='word_1_349' title='bbox 1480 3157 1535 3200; x_wconf 89' lang='lat' dir='ltr'><strong>co·</strong></span> 
     </span>
     <span class='ocr_line' id='line_1_36' title="bbox 175 3227 1536 3308; baseline -0.001 -19"><span class='ocrx_word' id='word_1_350' title='bbox 175 3230 260 3307; x_wconf 88' lang='lat' dir='ltr'><strong>piese</strong></span> <span class='ocrx_word' id='word_1_351' title='bbox 284 3230 313 3290; x_wconf 93' lang='lat' dir='ltr'><strong>in</strong></span> <span class='ocrx_word' id='word_1_352' title='bbox 339 3231 413 3290; x_wconf 89' lang='lat' dir='ltr'><strong>meis</strong></span> <span class='ocrx_word' id='word_1_353' title='bbox 437 3228 574 3290; x_wconf 88' lang='lat' dir='ltr'><strong>thesibus</strong></span> <span class='ocrx_word' id='word_1_354' title='bbox 599 3227 730 3298; x_wconf 82' lang='lat' dir='ltr'><strong>(Astrol.</strong></span> <span class='ocrx_word' id='word_1_355' title='bbox 758 3227 934 3300; x_wconf 81' lang='lat' dir='ltr'><strong>Fundam),</strong></span> <span class='ocrx_word' id='word_1_356' title='bbox 970 3248 1027 3288; x_wconf 92' lang='lat' dir='ltr'><strong>non</strong></span> <span class='ocrx_word' id='word_1_357' title='bbox 1052 3248 1175 3308; x_wconf 91' lang='lat' dir='ltr'><strong>possum</strong></span> <span class='ocrx_word' id='word_1_358' title='bbox 1208 3229 1334 3303; x_wconf 87' lang='lat' dir='ltr'><strong>clarius,</strong></span> <span class='ocrx_word' id='word_1_359' title='bbox 1367 3247 1424 3288; x_wconf 90' lang='lat' dir='ltr'><strong>nec</strong></span> <span class='ocrx_word' id='word_1_360' title='bbox 1448 3227 1536 3307; x_wconf 91' lang='lat' dir='ltr'><strong>quic·</strong></span> 
     </span>
     <span class='ocr_line' id='line_1_37' title="bbox 178 3315 1536 3398; baseline 0 -20"><span class='ocrx_word' id='word_1_361' title='bbox 178 3337 267 3398; x_wconf 87' lang='lat' dir='ltr'><strong>quum</strong></span> <span class='ocrx_word' id='word_1_362' title='bbox 292 3318 411 3379; x_wconf 90' lang='lat' dir='ltr'><strong>inrenio</strong></span> <span class='ocrx_word' id='word_1_363' title='bbox 436 3319 562 3391; x_wconf 89' lang='lat' dir='ltr'><strong>melius;</strong></span> <span class='ocrx_word' id='word_1_364' title='bbox 588 3318 637 3377; x_wconf 92' lang='lat' dir='ltr'><strong>ubi</strong></span> <span class='ocrx_word' id='word_1_365' title='bbox 662 3326 692 3377; x_wconf 90' lang='lat' dir='ltr'><strong>et</strong></span> <span class='ocrx_word' id='word_1_366' title='bbox 716 3317 753 3377; x_wconf 90' lang='lat' dir='ltr'><strong>de</strong></span> <span class='ocrx_word' id='word_1_367' title='bbox 770 3317 933 3397; x_wconf 91' lang='lat' dir='ltr'><strong>eclipsibus</strong></span> <span class='ocrx_word' id='word_1_368' title='bbox 958 3326 989 3377; x_wconf 90' lang='grc'><strong>31</strong></span> <span class='ocrx_word' id='word_1_369' title='bbox 1013 3319 1249 3380; x_wconf 88' lang='lat' dir='ltr'><strong>revolutionibus</strong></span> <span class='ocrx_word' id='word_1_370' title='bbox 1264 3317 1447 3378; x_wconf 89' lang='lat' dir='ltr'><strong>sententiam</strong></span> <span class='ocrx_word' id='word_1_371' title='bbox 1463 3315 1536 3378; x_wconf 80' lang='lat' dir='ltr'><strong>dixi</strong></span> 
     </span>
    </p>

    <p class='ocr_par' dir='ltr' id='par_1_11' title="bbox 175 3403 1538 3570">
     <span class='ocr_line' id='line_1_38' title="bbox 266 3403 1538 3486; baseline -0.002 -18"><span class='ocrx_word' id='word_1_372' title='bbox 266 3407 476 3486; x_wconf 87' lang='lat' dir='ltr'><strong>Sigismundus</strong></span> <span class='ocrx_word' id='word_1_373' title='bbox 498 3407 629 3466; x_wconf 90' lang='lat' dir='ltr'><strong>Polcnus</strong></span> <span class='ocrx_word' id='word_1_374' title='bbox 654 3408 742 3467; x_wconf 77' lang='lat' dir='ltr'><strong>natus</strong></span> <span class='ocrx_word' id='word_1_375' title='bbox 767 3415 817 3466; x_wconf 90' lang='lat' dir='ltr'><strong>est</strong></span> <span class='ocrx_word' id='word_1_376' title='bbox 838 3405 915 3466; x_wconf 80' lang='lat' dir='ltr'><strong>Jove</strong></span> <span class='ocrx_word' id='word_1_377' title='bbox 940 3406 1120 3469; x_wconf 87' lang='lat' dir='ltr'><strong>culminante</strong></span> <span class='ocrx_word' id='word_1_378' title='bbox 1144 3407 1173 3467; x_wconf 91' lang='lat' dir='ltr'><strong>iu</strong></span> <span class='ocrx_word' id='word_1_379' title='bbox 1205 3403 1320 3479; x_wconf 56' lang='grc' dir='ltr'><strong>ΙὯ,</strong></span> <span class='ocrx_word' id='word_1_380' title='bbox 1345 3405 1435 3467; x_wconf 87' lang='lat' dir='ltr'><strong>Luna</strong></span> <span class='ocrx_word' id='word_1_381' title='bbox 1458 3404 1538 3466; x_wconf 87' lang='lat' dir='ltr'><strong>iuter</strong></span> 
     </span>
     <span class='ocr_line' id='line_1_39' title="bbox 175 3492 1161 3570; baseline -0.002 -14"><span class='ocrx_word' id='word_1_382' title='bbox 175 3492 194 3569; x_wconf 76' lang='lat' dir='ltr'><strong>ii</strong></span> <span class='ocrx_word' id='word_1_383' title='bbox 220 3505 251 3557; x_wconf 91' lang='lat' dir='ltr'><strong>et</strong></span> <span class='ocrx_word' id='word_1_384' title='bbox 275 3505 300 3565; x_wconf 76' lang='lat'><strong>0·</strong></span> <span class='ocrx_word' id='word_1_385' title='bbox 323 3495 352 3557; x_wconf 93' lang='lat' dir='ltr'><strong>in</strong></span> <span class='ocrx_word' id='word_1_386' title='bbox 378 3497 492 3570; x_wconf 87' lang='lat' dir='ltr'><strong>Leone,</strong></span> <span class='ocrx_word' id='word_1_387' title='bbox 519 3502 620 3555; x_wconf 89' lang='lat' dir='ltr'><strong>stante</strong></span> <span class='ocrx_word' id='word_1_388' title='bbox 645 3495 673 3554; x_wconf 94' lang='lat' dir='ltr'><strong>in</strong></span> <span class='ocrx_word' id='word_1_389' title='bbox 692 3495 776 3556; x_wconf 92' lang='lat' dir='ltr'><strong>Vlll.</strong></span> <span class='ocrx_word' id='word_1_390' title='bbox 802 3503 854 3555; x_wconf 91' lang='lat' dir='ltr'><strong>aut</strong></span> <span class='ocrx_word' id='word_1_391' title='bbox 872 3494 944 3570; x_wconf 88' lang='lat' dir='ltr'><strong>lX.;</strong></span> <span class='ocrx_word' id='word_1_392' title='bbox 974 3493 1045 3556; x_wconf 87' lang='lat' dir='ltr'><strong>Sole</strong></span> <span class='ocrx_word' id='word_1_393' title='bbox 1068 3497 1098 3557; x_wconf 92' lang='lat' dir='ltr'><strong>iu</strong></span> <span class='ocrx_word' id='word_1_394' title='bbox 1114 3509 1161 3561; x_wconf 73' lang='grc'><strong>33.</strong></span> 
     </span>
    </p>

    <p class='ocr_par' dir='ltr' id='par_1_12' title="bbox 267 3580 964 3663">
     <span class='ocr_line' id='line_1_40' title="bbox 267 3580 964 3663; baseline -0.003 -17"><span class='ocrx_word' id='word_1_395' title='bbox 267 3586 316 3646; x_wconf 86' lang='lat' dir='ltr'><strong>nd</strong></span> <span class='ocrx_word' id='word_1_396' title='bbox 342 3606 404 3655; x_wconf 85' lang='lat' dir='ltr'><strong>eas,</strong></span> <span class='ocrx_word' id='word_1_397' title='bbox 430 3604 504 3663; x_wconf 87' lang='lat' dir='ltr'><strong>quas</strong></span> <span class='ocrx_word' id='word_1_398' title='bbox 528 3583 677 3662; x_wconf 87' lang='lat' dir='ltr'><strong>scripsisti</strong></span> <span class='ocrx_word' id='word_1_399' title='bbox 705 3580 753 3645; x_wconf 90' lang='grc'><strong>18.</strong></span> <span class='ocrx_word' id='word_1_400' title='bbox 779 3584 964 3645; x_wconf 79' lang='lat' dir='ltr'><strong>Decembris.</strong></span> 
     </span>
    </p>
   </div>
   <div class='ocr_carea' id='block_1_5' title="bbox 175 3686 1539 4038">
    <p class='ocr_par' dir='ltr' id='par_1_13' title="bbox 175 3686 1539 4038">
     <span class='ocr_line' id='line_1_41' title="bbox 196 3686 1538 3776; baseline -0.001 -35"><span class='ocrx_word' id='word_1_401' title='bbox 196 3765 213 3776; x_wconf 94' lang='lat'><strong>..</strong></span> <span class='ocrx_word' id='word_1_402' title='bbox 245 3693 291 3741; x_wconf 85' lang='lat' dir='ltr'><strong>His</strong></span> <span class='ocrx_word' id='word_1_403' title='bbox 311 3691 363 3774; x_wconf 24' lang='lat' dir='ltr'><strong>audit</strong></span> <span class='ocrx_word' id='word_1_404' title='bbox 381 3691 505 3755; x_wconf 86' lang='lat' dir='ltr'><strong>Keplerus</strong></span> <span class='ocrx_word' id='word_1_405' title='bbox 525 3689 662 3738; x_wconf 85' lang='lat' dir='ltr'><strong>Commeat.</strong></span> <span class='ocrx_word' id='word_1_406' title='bbox 683 3688 772 3738; x_wconf 87' lang='lat' dir='ltr'><strong>Martis</strong></span> <span class='ocrx_word' id='word_1_407' title='bbox 792 3686 883 3752; x_wconf 85' lang='lat' dir='ltr'><strong>(comp.</strong></span> <span class='ocrx_word' id='word_1_408' title='bbox 903 3691 950 3739; x_wconf 86' lang='lat' dir='ltr'><strong>rol.</strong></span> <span class='ocrx_word' id='word_1_409' title='bbox 970 3690 1044 3750; x_wconf 83' lang='grc'><strong>111),</strong></span> <span class='ocrx_word' id='word_1_410' title='bbox 1071 3691 1177 3755; x_wconf 89' lang='lat' dir='ltr'><strong>indeque</strong></span> <span class='ocrx_word' id='word_1_411' title='bbox 1195 3691 1284 3739; x_wconf 87' lang='lat' dir='ltr'><strong>transit</strong></span> <span class='ocrx_word' id='word_1_412' title='bbox 1309 3689 1343 3738; x_wconf 87' lang='lat' dir='ltr'><strong>ad</strong></span> <span class='ocrx_word' id='word_1_413' title='bbox 1361 3689 1538 3740; x_wconf 68' lang='grc'><strong>13313131-</strong></span> 
     </span>
     <span class='ocr_line' id='line_1_42' title="bbox 176 3769 1538 3896; baseline -0.002 -14"><span class='ocrx_word' id='word_1_414' title='bbox 176 3779 215 3812; x_wconf 61' lang='lat' dir='ltr'>m</span> <span class='ocrx_word' id='word_1_415' title='bbox 234 3769 452 3882; x_wconf 50' lang='lat' dir='ltr'><strong>qilbidtliibisnon</strong></span> <span class='ocrx_word' id='word_1_416' title='bbox 471 3835 582 3896; x_wconf 83' lang='lat' dir='ltr'><strong>ignotum</strong></span> <span class='ocrx_word' id='word_1_417' title='bbox 601 3846 655 3881; x_wconf 88' lang='lat' dir='ltr'><strong>esse</strong></span> <span class='ocrx_word' id='word_1_418' title='bbox 684 3831 815 3880; x_wconf 86' lang='lat' dir='ltr'><strong>artificium</strong></span> <span class='ocrx_word' id='word_1_419' title='bbox 835 3831 894 3892; x_wconf 85' lang='lat' dir='ltr'><strong>Byr</strong></span> <span class='ocrx_word' id='word_1_420' title='bbox 901 3833 1043 3896; x_wconf 85' lang='lat' dir='ltr'><strong>glanum,</strong></span> <span class='ocrx_word' id='word_1_421' title='bbox 1072 3833 1192 3883; x_wconf 87' lang='lat' dir='ltr'><strong>condendi</strong></span> <span class='ocrx_word' id='word_1_422' title='bbox 1218 3831 1328 3881; x_wconf 86' lang='lat' dir='ltr'><strong>tabulam</strong></span> <span class='ocrx_word' id='word_1_423' title='bbox 1347 3833 1446 3880; x_wconf 82' lang='lat' dir='ltr'><strong>sinuum</strong></span> <span class='ocrx_word' id='word_1_424' title='bbox 1463 3833 1538 3893; x_wconf 76' lang='lat' dir='ltr'><strong>lanta</strong></span> 
     </span>
     <span class='ocr_line' id='line_1_43' title="bbox 175 3900 1539 3968; baseline -0.001 -14"><span class='ocrx_word' id='word_1_425' title='bbox 175 3907 296 3954; x_wconf 88' lang='lat' dir='ltr'><strong>rationem</strong></span> <span class='ocrx_word' id='word_1_426' title='bbox 309 3906 334 3953; x_wconf 90' lang='lat' dir='ltr'><strong>in</strong></span> <span class='ocrx_word' id='word_1_427' title='bbox 347 3904 525 3954; x_wconf 87' lang='lat' dir='ltr'><strong>Fundamentis</strong></span> <span class='ocrx_word' id='word_1_428' title='bbox 538 3905 710 3953; x_wconf 80' lang='lat' dir='ltr'><strong>Astronomiue</strong></span> <span class='ocrx_word' id='word_1_429' title='bbox 722 3903 834 3952; x_wconf 87' lang='lat' dir='ltr'><strong>Raimari</strong></span> <span class='ocrx_word' id='word_1_430' title='bbox 848 3900 928 3962; x_wconf 80' lang='lat' dir='ltr'><strong>(Ursi)</strong></span> <span class='ocrx_word' id='word_1_431' title='bbox 941 3905 1043 3954; x_wconf 86' lang='lat' dir='ltr'><strong>obscure</strong></span> <span class='ocrx_word' id='word_1_432' title='bbox 1056 3906 1207 3959; x_wconf 71' lang='lat' dir='ltr'><strong>iudicatam:</strong></span> <span class='ocrx_word' id='word_1_433' title='bbox 1227 3917 1319 3968; x_wconf 87' lang='lat' dir='ltr'><strong>quaero</strong></span> <span class='ocrx_word' id='word_1_434' title='bbox 1337 3904 1412 3953; x_wconf 87' lang='lat' dir='ltr'><strong>unico</strong></span> <span class='ocrx_word' id='word_1_435' title='bbox 1425 3902 1539 3967; x_wconf 69' lang='lat' dir='ltr'><strong>campio</strong></span> 
     </span>
     <span class='ocr_line' id='line_1_44' title="bbox 175 3974 703 4038; baseline -0.008 -14"><span class='ocrx_word' id='word_1_436' title='bbox 175 3984 283 4025; x_wconf 87' lang='lat' dir='ltr'><strong>mentem</strong></span> <span class='ocrx_word' id='word_1_437' title='bbox 302 3976 459 4038; x_wconf 88' lang='lat' dir='ltr'><strong>problematis</strong></span> <span class='ocrx_word' id='word_1_438' title='bbox 480 3975 538 4024; x_wconf 87' lang='lat' dir='ltr'><strong>mibi</strong></span> <span class='ocrx_word' id='word_1_439' title='bbox 558 3974 703 4037; x_wconf 81' lang='lat' dir='ltr'><strong>patefacias.</strong></span> 
     </span>
    </p>
   </div>
   <div class='ocr_carea' id='block_1_6' title="bbox 175 4061 1540 4592">
    <p class='ocr_par' dir='ltr' id='par_1_14' title="bbox 175 4061 1540 4592">
     <span class='ocr_line' id='line_1_45' title="bbox 264 4061 1540 4148; baseline -0.002 -21"><span class='ocrx_word' id='word_1_440' title='bbox 264 4067 472 4145; x_wconf 79' lang='lat' dir='ltr'><strong>Keplerus:</strong></span> <span class='ocrx_word' id='word_1_441' title='bbox 498 4066 601 4148; x_wconf 84' lang='lat' dir='ltr'><strong>Byrgii</strong></span> <span class='ocrx_word' id='word_1_442' title='bbox 627 4066 783 4127; x_wconf 86' lang='lat' dir='ltr'><strong>artificium</strong></span> <span class='ocrx_word' id='word_1_443' title='bbox 808 4076 881 4145; x_wconf 89' lang='lat' dir='ltr'><strong>puto</strong></span> <span class='ocrx_word' id='word_1_444' title='bbox 905 4087 951 4128; x_wconf 91' lang='lat' dir='ltr'><strong>me</strong></span> <span class='ocrx_word' id='word_1_445' title='bbox 975 4067 1109 4146; x_wconf 82' lang='lat' dir='ltr'><strong>proxime</strong></span> <span class='ocrx_word' id='word_1_446' title='bbox 1125 4066 1276 4144; x_wconf 82' lang='lat' dir='ltr'><strong>attigisse.</strong></span> <span class='ocrx_word' id='word_1_447' title='bbox 1325 4061 1434 4125; x_wconf 85' lang='lat' dir='ltr'><strong>Scribe</strong></span> <span class='ocrx_word' id='word_1_448' title='bbox 1452 4063 1540 4125; x_wconf 80' lang='lat' dir='ltr'><strong>sinus</strong></span> 
     </span>
     <span class='ocr_line' id='line_1_46' title="bbox 176 4144 1538 4234; baseline -0.002 -18"><span class='ocrx_word' id='word_1_449' title='bbox 176 4158 358 4234; x_wconf 86' lang='lat' dir='ltr'><strong>integrorurn</strong></span> <span class='ocrx_word' id='word_1_450' title='bbox 383 4158 538 4234; x_wconf 86' lang='lat' dir='ltr'><strong>graduum,</strong></span> <span class='ocrx_word' id='word_1_451' title='bbox 565 4156 609 4215; x_wconf 85' lang='lat' dir='ltr'><strong>rel</strong></span> <span class='ocrx_word' id='word_1_452' title='bbox 636 4154 770 4215; x_wconf 88' lang='lat' dir='ltr'><strong>binorrnn</strong></span> <span class='ocrx_word' id='word_1_453' title='bbox 795 4156 842 4215; x_wconf 81' lang='lat' dir='ltr'><strong>rel</strong></span> <span class='ocrx_word' id='word_1_454' title='bbox 868 4157 1022 4225; x_wconf 89' lang='lat' dir='ltr'><strong>trinorurn,</strong></span> <span class='ocrx_word' id='word_1_455' title='bbox 1049 4156 1204 4234; x_wconf 89' lang='lat' dir='ltr'><strong>interpone</strong></span> <span class='ocrx_word' id='word_1_456' title='bbox 1229 4155 1266 4215; x_wconf 89' lang='lat' dir='ltr'><strong>ad</strong></span> <span class='ocrx_word' id='word_1_457' title='bbox 1287 4155 1367 4214; x_wconf 89' lang='lat' dir='ltr'><strong>latus</strong></span> <span class='ocrx_word' id='word_1_458' title='bbox 1391 4144 1538 4214; x_wconf 73' lang='lat' dir='ltr'><strong>differen-</strong></span> 
     </span>
     <span class='ocr_line' id='line_1_47' title="bbox 176 4243 1538 4322; baseline -0.001 -19"><span class='ocrx_word' id='word_1_459' title='bbox 176 4245 244 4317; x_wconf 85' lang='lat' dir='ltr'><strong>tias,</strong></span> <span class='ocrx_word' id='word_1_460' title='bbox 271 4245 316 4304; x_wconf 81' lang='lat' dir='ltr'><strong>his</strong></span> <span class='ocrx_word' id='word_1_461' title='bbox 341 4264 455 4306; x_wconf 88' lang='lat' dir='ltr'><strong>rursum</strong></span> <span class='ocrx_word' id='word_1_462' title='bbox 481 4247 518 4305; x_wconf 85' lang='lat' dir='ltr'><strong>ad</strong></span> <span class='ocrx_word' id='word_1_463' title='bbox 544 4245 622 4304; x_wconf 82' lang='lat' dir='ltr'><strong>letus</strong></span> <span class='ocrx_word' id='word_1_464' title='bbox 648 4243 796 4305; x_wconf 86' lang='lat' dir='ltr'><strong>secundas</strong></span> <span class='ocrx_word' id='word_1_465' title='bbox 822 4244 1016 4316; x_wconf 78' lang='lat' dir='ltr'><strong>differentias,</strong></span> <span class='ocrx_word' id='word_1_466' title='bbox 1043 4244 1086 4304; x_wconf 84' lang='lat' dir='ltr'><strong>sic</strong></span> <span class='ocrx_word' id='word_1_467' title='bbox 1112 4245 1229 4318; x_wconf 84' lang='grc'><strong>1331133,</strong></span> <span class='ocrx_word' id='word_1_468' title='bbox 1255 4250 1394 4322; x_wconf 87' lang='lat' dir='ltr'><strong>quartas,</strong></span> <span class='ocrx_word' id='word_1_469' title='bbox 1419 4258 1538 4321; x_wconf 84' lang='lat' dir='ltr'><strong>quous·</strong></span> 
     </span>
     <span class='ocr_line' id='line_1_48' title="bbox 175 4328 1540 4414; baseline -0.004 -19"><span class='ocrx_word' id='word_1_470' title='bbox 175 4355 240 4414; x_wconf 88' lang='lat' dir='ltr'><strong>que,</strong></span> <span class='ocrx_word' id='word_1_471' title='bbox 267 4335 356 4395; x_wconf 85' lang='grc'><strong>31111</strong></span> <span class='ocrx_word' id='word_1_472' title='bbox 380 4335 408 4393; x_wconf 92' lang='lat' dir='ltr'><strong>in</strong></span> <span class='ocrx_word' id='word_1_473' title='bbox 433 4332 634 4409; x_wconf 84' lang='lat' dir='ltr'><strong>Lansbergio,</strong></span> <span class='ocrx_word' id='word_1_474' title='bbox 661 4340 799 4392; x_wconf 87' lang='lat' dir='ltr'><strong>occurrat</strong></span> <span class='ocrx_word' id='word_1_475' title='bbox 823 4332 1033 4411; x_wconf 75' lang='lat' dir='ltr'><strong>inaequalitas.</strong></span> <span class='ocrx_word' id='word_1_476' title='bbox 1082 4333 1155 4394; x_wconf 90' lang='lat' dir='ltr'><strong>Inde</strong></span> <span class='ocrx_word' id='word_1_477' title='bbox 1178 4332 1352 4405; x_wconf 88' lang='lat' dir='ltr'><strong>considera,</strong></span> <span class='ocrx_word' id='word_1_478' title='bbox 1388 4328 1462 4409; x_wconf 89' lang='lat' dir='ltr'><strong>quid</strong></span> <span class='ocrx_word' id='word_1_479' title='bbox 1485 4329 1540 4391; x_wconf 76' lang='lat' dir='ltr'><strong>nst</strong></span> 
     </span>
     <span class='ocr_line' id='line_1_49' title="bbox 175 4417 1538 4501; baseline -0.002 -19"><span class='ocrx_word' id='word_1_480' title='bbox 175 4441 241 4482; x_wconf 87' lang='lat' dir='ltr'><strong>cnm</strong></span> <span class='ocrx_word' id='word_1_481' title='bbox 266 4423 370 4501; x_wconf 87' lang='lat' dir='ltr'><strong>primis</strong></span> <span class='ocrx_word' id='word_1_482' title='bbox 396 4431 426 4482; x_wconf 90' lang='grc'><strong>31</strong></span> <span class='ocrx_word' id='word_1_483' title='bbox 452 4421 591 4482; x_wconf 85' lang='lat' dir='ltr'><strong>secundis</strong></span> <span class='ocrx_word' id='word_1_484' title='bbox 616 4421 813 4493; x_wconf 78' lang='lat' dir='ltr'><strong>differentiis3</strong></span> <span class='ocrx_word' id='word_1_485' title='bbox 848 4421 926 4482; x_wconf 84' lang='lat' dir='ltr'><strong>idem</strong></span> <span class='ocrx_word' id='word_1_486' title='bbox 952 4422 1028 4482; x_wconf 87' lang='lat' dir='ltr'><strong>enirn</strong></span> <span class='ocrx_word' id='word_1_487' title='bbox 1063 4440 1129 4482; x_wconf 92' lang='lat' dir='ltr'><strong>cum</strong></span> <span class='ocrx_word' id='word_1_488' title='bbox 1154 4421 1252 4481; x_wconf 87' lang='lat' dir='ltr'><strong>tertiis</strong></span> <span class='ocrx_word' id='word_1_489' title='bbox 1277 4428 1308 4481; x_wconf 87' lang='lat' dir='ltr'><strong>et</strong></span> <span class='ocrx_word' id='word_1_490' title='bbox 1331 4419 1449 4498; x_wconf 89' lang='lat' dir='ltr'><strong>quartis</strong></span> <span class='ocrx_word' id='word_1_491' title='bbox 1473 4417 1538 4480; x_wconf 76' lang='lat' dir='ltr'><strong>cerr·</strong></span> 
     </span>
     <span class='ocr_line' id='line_1_50' title="bbox 175 4507 1539 4592; baseline -0.001 -21"><span class='ocrx_word' id='word_1_492' title='bbox 175 4511 273 4572; x_wconf 80' lang='lat' dir='ltr'><strong>debet.</strong></span> <span class='ocrx_word' id='word_1_493' title='bbox 323 4512 388 4572; x_wconf 89' lang='lat' dir='ltr'><strong>Hoc</strong></span> <span class='ocrx_word' id='word_1_494' title='bbox 423 4511 614 4571; x_wconf 78' lang='lat' dir='ltr'><strong>considerato</strong></span> <span class='ocrx_word' id='word_1_495' title='bbox 650 4510 780 4571; x_wconf 86' lang='lat' dir='ltr'><strong>fortasse</strong></span> <span class='ocrx_word' id='word_1_496' title='bbox 805 4510 934 4592; x_wconf 87' lang='lat' dir='ltr'><strong>Byrgius</strong></span> <span class='ocrx_word' id='word_1_497' title='bbox 966 4511 1084 4572; x_wconf 88' lang='lat' dir='ltr'><strong>modum</strong></span> <span class='ocrx_word' id='word_1_498' title='bbox 1108 4511 1237 4591; x_wconf 84' lang='lat' dir='ltr'><strong>aliquem</strong></span> <span class='ocrx_word' id='word_1_499' title='bbox 1261 4507 1464 4589; x_wconf 77' lang='lat' dir='ltr'><strong>excogitavit,</strong></span> <span class='ocrx_word' id='word_1_500' title='bbox 1500 4522 1539 4569; x_wconf 80' lang='lat' dir='ltr'><strong>ex</strong></span> 
     </span>
    </p>
   </div>
   <div class='ocr_carea' id='block_1_7' title="bbox 173 4597 1537 4770">
    <p class='ocr_par' dir='ltr' id='par_1_15' title="bbox 173 4597 1537 4770">
     <span class='ocr_line' id='line_1_51' title="bbox 173 4597 746 4679; baseline -0.002 -20"><span class='ocrx_word' id='word_1_501' title='bbox 173 4600 395 4679; x_wconf 83' lang='lat' dir='ltr'><strong>quibuscunque</strong></span> <span class='ocrx_word' id='word_1_502' title='bbox 421 4599 551 4661; x_wconf 81' lang='lat' dir='ltr'><strong>numeris</strong></span> <span class='ocrx_word' id='word_1_503' title='bbox 576 4597 746 4677; x_wconf 85' lang='lat' dir='ltr'><strong>incipiendi.</strong></span> 
     </span>
     <span class='ocr_line' id='line_1_52' title="bbox 244 4703 1537 4770; baseline -0.002 -17"><span class='ocrx_word' id='word_1_504' title='bbox 244 4705 429 4755; x_wconf 85' lang='lat' dir='ltr'><strong>Fabricius:</strong></span> <span class='ocrx_word' id='word_1_505' title='bbox 460 4703 485 4754; x_wconf 89' lang='lat' dir='ltr'><strong>Si</strong></span> <span class='ocrx_word' id='word_1_506' title='bbox 511 4703 569 4768; x_wconf 91' lang='lat' dir='ltr'><strong>qnid</strong></span> <span class='ocrx_word' id='word_1_507' title='bbox 595 4703 672 4752; x_wconf 86' lang='lat' dir='ltr'><strong>babes</strong></span> <span class='ocrx_word' id='word_1_508' title='bbox 698 4712 785 4755; x_wconf 89' lang='lat' dir='ltr'><strong>contra</strong></span> <span class='ocrx_word' id='word_1_509' title='bbox 817 4705 967 4770; x_wconf 83' lang='lat' dir='ltr'><strong>astrologiae</strong></span> <span class='ocrx_word' id='word_1_510' title='bbox 993 4706 1169 4762; x_wconf 78' lang='lat' dir='ltr'><strong>fundamenta,</strong></span> <span class='ocrx_word' id='word_1_511' title='bbox 1198 4705 1273 4755; x_wconf 89' lang='lat' dir='ltr'><strong>libere</strong></span> <span class='ocrx_word' id='word_1_512' title='bbox 1291 4715 1385 4768; x_wconf 85' lang='lat' dir='ltr'><strong>quaeso</strong></span> <span class='ocrx_word' id='word_1_513' title='bbox 1403 4715 1537 4768; x_wconf 73' lang='lat' dir='ltr'><strong>propensa</strong></span> 
     </span>
    </p>
   </div>
   <div class='ocr_carea' id='block_1_8' title="bbox 172 4773 1538 4915">
    <p class='ocr_par' dir='ltr' id='par_1_16' title="bbox 172 4773 1538 4915">
     <span class='ocr_line' id='line_1_53' title="bbox 172 4773 1538 4841; baseline -0.001 -17"><span class='ocrx_word' id='word_1_514' title='bbox 172 4774 284 4838; x_wconf 88' lang='lat' dir='ltr'><strong>Inprimis</strong></span> <span class='ocrx_word' id='word_1_515' title='bbox 304 4793 335 4825; x_wconf 85' lang='lat' dir='ltr'><strong>an</strong></span> <span class='ocrx_word' id='word_1_516' title='bbox 356 4777 598 4825; x_wconf 86' lang='lat' dir='ltr'><strong>inclinationes</strong></span> <span class='ocrx_word' id='word_1_517' title='bbox 624 4777 716 4840; x_wconf 85' lang='lat' dir='ltr'><strong>ingenii</strong></span> <span class='ocrx_word' id='word_1_518' title='bbox 735 4777 785 4825; x_wconf 87' lang='lat' dir='ltr'><strong>sint</strong></span> <span class='ocrx_word' id='word_1_519' title='bbox 814 4778 844 4826; x_wconf 92' lang='lat' dir='ltr'><strong>ab</strong></span> <span class='ocrx_word' id='word_1_520' title='bbox 863 4778 918 4839; x_wconf 86' lang='lat' dir='ltr'><strong>ipsa</strong></span> <span class='ocrx_word' id='word_1_521' title='bbox 936 4777 1063 4827; x_wconf 86' lang='lat' dir='ltr'><strong>humorum</strong></span> <span class='ocrx_word' id='word_1_522' title='bbox 1082 4785 1173 4827; x_wconf 86' lang='lat' dir='ltr'><strong>natura</strong></span> <span class='ocrx_word' id='word_1_523' title='bbox 1201 4784 1226 4826; x_wconf 89' lang='lat' dir='ltr'><strong>et</strong></span> <span class='ocrx_word' id='word_1_524' title='bbox 1244 4773 1356 4841; x_wconf 80' lang='lat' dir='ltr'><strong>ingenita</strong></span> <span class='ocrx_word' id='word_1_525' title='bbox 1373 4775 1538 4839; x_wconf 79' lang='lat' dir='ltr'><strong>proprietate,</strong></span> 
     </span>
     <span class='ocr_line' id='line_1_54' title="bbox 172 4845 1538 4915; baseline 0.001 -18"><span class='ocrx_word' id='word_1_526' title='bbox 172 4846 209 4897; x_wconf 84' lang='lat' dir='ltr'><strong>rel</strong></span> <span class='ocrx_word' id='word_1_527' title='bbox 229 4861 245 4898; x_wconf 88' lang='lat' dir='ltr'><strong>a</strong></span> <span class='ocrx_word' id='word_1_528' title='bbox 262 4848 341 4898; x_wconf 83' lang='lat' dir='ltr'><strong>stellis</strong></span> <span class='ocrx_word' id='word_1_529' title='bbox 359 4849 464 4914; x_wconf 86' lang='lat' dir='ltr'><strong>desuper</strong></span> <span class='ocrx_word' id='word_1_530' title='bbox 481 4848 506 4897; x_wconf 93' lang='lat' dir='ltr'><strong>in</strong></span> <span class='ocrx_word' id='word_1_531' title='bbox 525 4848 591 4913; x_wconf 85' lang='lat' dir='ltr'><strong>ipsos</strong></span> <span class='ocrx_word' id='word_1_532' title='bbox 608 4845 722 4898; x_wconf 78' lang='lat' dir='ltr'><strong>bumom</strong></span> <span class='ocrx_word' id='word_1_533' title='bbox 742 4846 833 4898; x_wconf 78' lang='grc'><strong>3113313</strong></span> <span class='ocrx_word' id='word_1_534' title='bbox 872 4846 925 4915; x_wconf 77' lang='lat' dir='ltr'><strong>Ego</strong></span> <span class='ocrx_word' id='word_1_535' title='bbox 937 4850 1042 4913; x_wconf 81' lang='lat' dir='ltr'><strong>primum</strong></span> <span class='ocrx_word' id='word_1_536' title='bbox 1056 4847 1138 4899; x_wconf 89' lang='lat' dir='ltr'><strong>credo.</strong></span> <span class='ocrx_word' id='word_1_537' title='bbox 1171 4847 1237 4912; x_wconf 76' lang='lat' dir='ltr'><strong>Quid</strong></span> <span class='ocrx_word' id='word_1_538' title='bbox 1255 4845 1286 4898; x_wconf 89' lang='lat' dir='ltr'><strong>de</strong></span> <span class='ocrx_word' id='word_1_539' title='bbox 1304 4847 1538 4915; x_wconf 64' lang='lat' dir='ltr'><strong>iuterrogatio·</strong></span> 
     </span>
    </p>
   </div>
   <div class='ocr_carea' id='block_1_9' title="bbox 0 0 1718 5542">
    <p class='ocr_par' dir='ltr' id='par_1_17' title="bbox 0 0 1718 5542">
     <span class='ocr_line' id='line_1_55' title="bbox 0 0 1718 5542; baseline 0 0"><span class='ocrx_word' id='word_1_540' title='bbox 0 0 1718 5542; x_wconf 95' lang='lat' dir='ltr'><strong> </strong></span> 
     </span>
    </p>
   </div>
  </div>
 </body>
</html>
