3428 5542
695 329 779 394 capot
794 328 876 383 nvn.
1170 396 1174 406 ι
1410 327 1471 401 163

110 484 302 547 nihilominus
326 479 466 567 ego‘non
490 487 614 562 dubito,
649 488 718 571 quin
748 496 868 555 creator
892 487 930 549 ad
954 487 1067 566 figurae
1091 487 1176 566 hujus
1199 487 1417 568 praescriptum
1440 488 1470 550 in

27 604 32 611 ·
110 572 242 635 motibus
265 574 415 636 Mercurio
439 574 607 637 tribuendis
631 577 808 656 respexerit.
856 572 924 647 Quo
948 574 1076 636 divinior
1099 574 1196 654 magis
1219 576 1375 656 magisque
1399 576 1471 639 mihi

109 669 141 721 et
165 662 352 724 astronomia
373 670 407 723 et
430 661 590 745 Copernici
612 664 727 745 placita
751 663 880 728 ethaeo
905 663 972 745 ips'a
995 661 1015 726 5
1040 682 1168 745 corpora
1191 663 1338 727 videntur.

199 746 357 820 Quaerant
379 750 441 825 alii,
466 751 516 832 qui
538 752 698 828 voluerint,
722 760 890 814 ceterarum
910 751 1002 815 etiam
1021 751 1282 814 eccentricitatum
1300 771 1410 814 causas
1434 772 1472 815 ex

110 838 173 900 suis
198 856 332 919 quasque
356 841 541 920 corporibus.
576 837 652 903 Cum
676 841 754 902 enim
778 859 874 921 neque
897 839 955 901 hae
979 840 1217 902 exorbitationes
1236 840 1334 903 aDeo
1357 851 1472 904 temere

108 935 141 988 et
165 925 229 989 siue
252 944 347 990 eausa
372 935 479 991 tantm
507 929 634 1010 unguis
661 929 794 1010 planetis
826 929 961 991 indultae
988 929 1076 990 sint:
1110 948 1168 993 nou
1202 929 1391 1008 desperanda
1424 939 1491 992 est,

108 1031 204 1096 nequa
227 1013 335 1077 barum
357 1035 516 1080 causarum
537 1017 745 1098 investigatio.
761 1021 788 1091 ⁰)

195 1101 300 1177 Porro,
325 1111 361 1167 ut
375 1106 510 1168 varietas
524 1106 665 1170 Mercurii
686 1106 724 1167 ad
748 1104 911 1168 octaddron
937 1103 1190 1178 accommodetur,
1215 1104 1259 1167 sio
1283 1105 1332 1186 agi
1355 1114 1470 1186 posset.
1528 1118 1535 1128 ·
1580 1151 1585 1157 -

108 1186 286 1254 Sumeretnr
306 1194 461 1273 proportio
485 1203 615 1259 eccentr.
641 1197 663 1273 b
687 1194 724 1257 ad
749 1192 927 1256 distantiam
951 1191 1082 1253 mediam
1110 1213 1129 1253 a
1153 1188 1193 1268 Θ
1225 1211 1279 1272 pro
1310 1203 1408 1267 certa,
1439 1202 1473 1259 ut

107 1279 179 1359 quia
199 1279 231 1341 in
254 1276 422 1360 Copernico
450 1282 599 1345 distantia
626 1283 722 1355 (sicut
743 1283 830 1345 vides
852 1280 882 1345 in
907 1280 1067 1342 schemate
1087 1277 1130 1343 23
1154 1289 1186 1342 et
1208 1277 1267 1355 24)
1296 1282 1473 1362 longissima

107 1375 157 1431 est
178 1364 264 1443 488,
296 1369 478 1433 brevissima
500 1367 585 1447 231,
617 1371 717 1434 media
744 1371 837 1450 igitur
859 1369 917 1431 erit
941 1364 1026 1440 360,
1059 1376 1091 1430 et
1119 1369 1275 1432 crassities
1305 1377 1371 1432 tota
1394 1367 1478 1434 257,

107 1451 194 1519 Haeo
212 1455 276 1535 jam
300 1459 459 1521 crassities
482 1459 685 1539 corrigeretur
712 1457 996 1539 proportionaliter,
1030 1465 1064 1517 ut
1091 1457 1161 1536 quia
1183 1458 1313 1519 circulus
1337 1458 1472 1522 octatdri

107 1561 162 1625 pro
183 1541 250 1609 488
259 1593 273 1621 ,.
292 1564 413 1609 numero
439 1545 621 1627 Copernici‚
650 1549 780 1628 largitur
802 1566 860 1609 nou
883 1546 950 1625 plus
974 1539 1053 1619 474,
1084 1563 1156 1624 ergo
1180 1546 1336 1608 crassities
1360 1546 1418 1611 erit
1441 1546 1470 1611 in

107 1631 166 1697 hac
192 1633 386 1714 proportione
410 1633 496 1710 250,
529 1645 562 1697 et
591 1637 690 1699 media
717 1643 854 1699 correcta
882 1632 1030 1696 distantia
1057 1628 1133 1696 349.
1180 1634 1250 1695 Jarn
1278 1635 1366 1710 vide,
1401 1634 1472 1716 quid

106 1721 189 1785 orbis
212 1723 241 1784 in
265 1724 410 1786 octaedro
434 1725 588 1800 admittat,
612 1726 731 1788 scilicet
750 1720 825 1787 387.
863 1722 1044 1785 Differentia
1066 1721 1158 1800 igitur
1180 1722 1259 1783 inter
1280 1717 1355 1799 387,
1380 1724 1470 1787 altia-

106 1810 214 1875 timam
237 1810 318 1874 orbis
342 1821 375 1875 et
398 1808 640 1888 3⁴19mediam,
672 1822 720 1876 est
744 1808 805 1884 38,
839 1822 870 1875 et
901 1810 1022 1890 duplum
1047 1807 1109 1884 76,
1141 1810 1298 1873 crassities
1327 1813 1408 1874 orbis
1431 1813 1471 1877 ad

106 1899 226 1983 modum
249 1907 436 1977 ceterorum,
466 1902 563 1982 maJ'or
587 1902 706 1982 quidem
730 1901 827 1963 adhuc
851 1918 939 1981 quam
963 1899 1113 1972 Veneris,
1142 1898 1195 1959 sed
1220 1907 1320 1961 minen
1345 1920 1403 1963 non
1427 1900 1472 1963 ita

107 1986 256 2051 immanis.
296 1987 430 2070 Reliqua
452 1990 621 2052 differentia
644 1991 724 2052 inter
747 1989 927 2050 altissimam
951 1987 1031 2048 orbis
1060 1985 1124 2051 387
1149 1987 1384 2051 stultissimam
1408 1989 1470 2052 cir·

105 2076 165 2139 euti
189 2071 269 2151 474,
300 2095 376 2157 quae
401 2086 451 2140 est
473 2075 531 2154 87,
561 2078 689 2142 debetur
715 2077 860 2157 peculiari
883 2075 1097 2137 exorbitationi
1122 2076 1274 2138 Mercurii.
1320 2077 1387 2139 Hoc
1412 2075 1468 2141 s'ru·

104 2167 229 2249 pemque
251 2182 289 2229 au
314 2165 523 2247 abjiciendum,
547 2187 585 2229 an
609 2167 829 2229 conciliandum
853 2183 919 2226 cnm
942 2159 1082 2240 ὑποθιτφ
1108 2165 1203 2226 forma
1226 2173 1360 2227 motuum
1383 2166 1413 2228 iu
1437 2168 1468 2245 p,

105 2256 142 2317 tu
172 2272 252 2317 nova
278 2262 412 2317 motuum
441 2254 519 2318 ratio
537 2255 782 2330 constituenda,
816 2254 1008 2316 considerent
1041 2253 1184 2314 artitlces.
1230 2253 1295 2315 Nec
1319 2254 1398 2316 eninr
1422 2254 1468 2323 ita

104 2340 180 2405 bene
195 2343 345 2423 explorati
358 2352 430 2405 sunt
443 2362 560 2408 errores
573 2345 664 2425 hujus
682 2343 800 2419 sideris,
825 2350 860 2405 nt
881 2341 947 2421 ejus
970 2341 1052 2409 orbis
1075 2341 1262 2404 correctione
1281 2361 1339 2405 non
1365 2351 1465 2423 egeat.
1552 2349 1555 2353 ’

452 2519 496 2582 IN
521 2517 662 2584 CAPUT
684 2518 881 2583 DECIMUM
904 2514 1120 2580 SEPT1MUM

632 2639 747 2691 noras
766 2637 943 2690 aucrorus.

185 2743 218 2817 a)
240 2747 330 2813 Quale
360 2747 397 2802 ait
418 2747 500 2812 illud,
531 2752 601 2820 quod
633 2748 752 2804 artifices
781 2749 961 2819 peculiariter
991 2749 1150 2804 adscribunt
1176 2750 1326 2817 Mercurio,
1363 2753 1466 2809 rectius

104 2834 184 2900 petes
220 2845 258 2882 ex
285 2825 447 2883 Ptolemaeo
476 2829 550 2899 ipso,
585 2846 676 2899 exque
706 2828 854 2884 Purbachii
881 2837 912 2882 et
940 2829 1082 2883 Maeatlini
1111 2828 1265 2885 Theoricis:
1283 2824 1320 2902 ⁸⁸)
1350 2833 1467 2905 deniquo

104 2909 238 2979 quomodo
261 2907 428 2978 Copernicua
456 2908 526 2962 illud
557 2908 657 2980 duplici
686 2909 732 2962 via
763 2909 839 2979 (quia
867 2909 920 2962 sibi
949 2910 1008 2979 ipse
1038 2927 1093 2962 non
1112 2907 1264 2979 satisfecit)
1294 2912 1322 2966 in
1352 2913 1467 2968 formam

104 3003 215 3042 anamm
235 2988 431 3059 hypothesium
451 2988 642 3051 transtulerit,
674 3006 704 3041 aa
725 2989 814 3058 ipsum
835 2995 929 3043 tamen
956 2989 1122 3052 condiderit,
1154 2991 1217 3060 plus
1248 2992 1351 3063 aliquid
1383 3009 1466 3063 prae·

104 3075 183 3122 staua
222 3065 284 3138 (per
312 3083 377 3122 snos
405 3074 497 3122 motus
531 3068 757 3140 triangulationia
794 3068 911 3140 alicujus
947 3065 1084 3141 aemulos)
1116 3086 1198 3140 quam
1233 3089 1271 3127 ex
1304 3073 1465 3129 Ptolemaeo

103 3147 157 3202 sibi
182 3155 368 3218 proposuerat
395 3147 614 3218 exprimendum:
645 3148 672 3202 id
700 3155 788 3203 totum
813 3166 865 3203 neo
886 3151 955 3203 adeo
980 3149 1164 3204 necessarium
1189 3157 1233 3204 est
1253 3152 1305 3206 hoo
1332 3153 1394 3207 loeo
1415 3171 1464 3209 ex·

102 3228 215 3298 plicari,
246 3243 306 3282 arm
331 3227 369 3281 sit
393 3228 427 3281 de
455 3227 628 3297 opinionibus
649 3229 799 3292 hominum,
828 3231 936 3283 nonde
956 3229 1076 3284 veritate
1096 3247 1200 3294 rerum
1231 3237 1261 3285 et
1281 3232 1305 3285 si
1326 3233 1389 3302 quid
1409 3232 1464 3286 uti·

103 3309 170 3363 liter
190 3307 244 3362 diei
263 3313 372 3379 potest,
403 3306 506 3362 rectius
528 3308 659 3363 aliorsum
680 3307 812 3378 rejicitur.
855 3309 886 3362 ln
906 3327 937 3362 re
957 3310 1038 3373 enim,
1060 3310 1113 3363 hoc
1133 3316 1190 3375 eat,
1220 3313 1290 3380 quod
1310 3313 1462 3367 Mercurius

103 3388 174 3442 iacit
195 3403 332 3442 enormem
361 3387 596 3443 ecoentricitatsm
622 3388 717 3443 circuli
738 3388 780 3441 sui
810 3404 828 3441 a
847 3387 926 3453 Sole,
957 3406 1037 3460 quem
1057 3389 1188 3444 circulum
1207 3391 1384 3446 Ptolemaeus
1405 3393 1463 3462 epi·

102 3469 225 3539 cyclum,
247 3483 302 3539 ego
322 3465 505 3522 eoeentricum
525 3468 597 3531 dico,
621 3469 746 3539 quodque
766 3467 793 3520 in
815 3467 863 3520 illo
885 3467 970 3522 etiam
990 3470 1142 3523 ecoentrico
1163 3476 1288 3524 moretur
1308 3471 1462 3542 inaequali·

101 3555 154 3612 ter,
176 3549 213 3602 ad
233 3547 438 3618 proportionem
457 3547 682 3602 eccentricitatis.
723 3548 769 3601 Ex
790 3547 832 3600 his
853 3547 994 3617 principiis
1016 3555 1046 3602 et
1065 3566 1103 3603 ex
1121 3549 1328 3603 eccentricitate
1343 3550 1462 3604 Telluris

101 3629 237 3699 quomodo
267 3627 388 3681 condato
416 3627 453 3681 ait
481 3628 634 3698 phantasia
654 3627 705 3681 illa
724 3626 840 3696 duplicis
871 3627 900 3681 in
919 3627 1055 3682 Mercurio
1085 3627 1225 3698 perigaei,
1257 3635 1287 3682 et
1312 3630 1351 3681 sie
1372 3635 1461 3682 motus
1536 3622 1543 3634 ‘

101 3708 182 3779 quasi
203 3705 399 3778 triangularis:
431 3706 457 3760 id
478 3708 665 3777 explicabitur
685 3707 713 3760 in
734 3706 967 3761 demonstratione
989 3714 1111 3761 motuum
1131 3707 1275 3770 Mercurii;
1306 3725 1356 3761 nec
1376 3707 1462 3777 plane

98 3794 250 3859 praetereo
271 3802 404 3842 summam
424 3786 465 3841 rei
486 3787 514 3841 iu
534 3787 610 3858 Epit.
632 3792 707 3841 Astr.
729 3786 778 3841 lib.
799 3787 846 3840 Vl.
888 3786 996 3840 Sufficit
1015 3787 1068 3840 hoc
1088 3787 1148 3839 loco
1169 3787 1237 3839 illud
1257 3804 1380 3850 monere,
1406 3803 1460 3847 non

102 3885 166 3922 esse
196 3865 281 3936 hujus
312 3865 519 3937 singularitatis
539 3866 712 3921 Mercurialis
734 3882 846 3920 oausam
867 3866 989 3937 aliquam
1020 3865 1228 3934 archetypioam
1259 3884 1296 3920 ex
1317 3867 1458 3929 octa'edro,

99 3964 191 4018 eoque
210 3947 312 4001 falsam
332 3945 415 4016 hrrjns
436 3947 536 4017 capitis
557 3947 740 4016 hypothesin:
766 3946 994 4015 jucundissimam
1023 3951 1116 3999 tamen
1137 3945 1355 4001 recordationem
1375 3944 1459 4013 hosius

98 4025 320 4098 epichirematis,
348 4033 383 4081 ut
400 4032 551 4097 appareat,
579 4027 676 4097 quibus
697 4026 874 4099 ignorantiae
894 4027 1028 4100 gradibus
1052 4027 1086 4081 ad
1108 4025 1294 4081 astronomiae
1315 4025 1459 4081 scientiam

99 4113 132 4161 et
151 4105 378 4162 constitutionem
398 4106 575 4160 ascenderim.

180 4184 211 4253 b)
233 4187 330 4258 Neque
349 4186 403 4240 hoo
421 4186 596 4257 undiquaque
618 4186 657 4239 ric
677 4186 777 4239 habet:
809 4185 921 4240 Saturni
942 4185 1049 4256 quidem
1069 4201 1138 4239 rara
1159 4182 1349 4238 ecoentrieitas
1371 4181 1461 4252 major
1532 4184 1534 4188 '

98 4272 145 4322 eat
163 4267 281 4332 Joviali,
301 4266 378 4321 Joria
398 4284 464 4321 vero
484 4267 571 4322 multo
591 4265 679 4320 minor
698 4264 823 4320 Martiali
843 4264 974 4319 inferiori.

180 4343 208 4413 o)
228 4346 316 4401 Nemo
345 4346 454 4411 extitit,
486 4345 532 4417 qui
553 4351 708 4418 quaereret.
751 4345 883 4408 Quaerite
913 4352 943 4400 et
971 4344 1127 4399 invenietis.
1170 4341 1314 4405 Quaesivi,
1345 4347 1374 4394 et
1394 4358 1458 4395 ecoe
1568 4379 1584 4399 ,

99 4425 203 4491 inveni,
223 4425 272 4485 lib.
294 4426 329 4481 V.
349 4426 588 4491 Harmonicorum,
610 4442 708 4481 musas
728 4425 994 4496 praestantissimas.
1036 4427 1113 4477 Adeo
1136 4425 1236 4476 bonum
1257 4427 1286 4475 et
1306 4421 1385 4474 lidum
1406 4421 1460 4474 hoc

100 4523 181 4560 omen
204 4505 275 4559 ruis:
303 4505 377 4559 Non
398 4506 597 4577 desperare:
626 4508 696 4560 adeo
716 4505 825 4575 pollens
846 4512 876 4559 et
896 4519 1057 4578 praegnans
1078 4502 1191 4572 axioma
1214 4500 1260 4555 hio
1280 4507 1457 4570 usurpatumr

100 4585 203 4641 Nihil
224 4601 243 4640 a
262 4584 336 4640 Deo
356 4590 489 4640 temere
509 4586 749 4642 constitutum.

693 4811 865 4827 —ae
