3428 5542
248 282 313 348 218
846 287 1009 338 Prooemium.

246 444 296 525 agi
319 451 457 522 coeptum
482 446 596 520 luerat,
627 447 683 508 3131
709 466 804 524 mors
824 450 918 510 feram
947 448 1028 510 illam
1065 447 1208 528 singulari
1237 448 1380 510 beneficio
1405 447 1556 510 affecisset
1580 458 1614 509 et

245 553 361 613 poenae
386 534 581 595 subduxisset
605 534 852 598 meritissimae.“

334 623 609 705 UrsusTychonis
644 626 805 686 adventum
838 627 866 686 iu
897 626 997 686 aulam
1027 625 1215 703 Pragensem
1248 625 1343 687 noluit
1376 625 1522 705 opperiri,
1558 627 1612 686 sed

247 720 327 773 metu
356 711 484 773 actionis
523 713 669 774 adversus
703 734 735 773 se
768 715 896 775 sorensis
935 733 1158 793 poenarumque
1191 713 1407 776 imminentium
1436 716 1536 794 Praga
1567 735 1610 788 33,

246 800 360 879 aliquot
385 809 548 881 antequam
571 803 762 864 adversarius
788 804 865 864 11333
890 803 1098 882 ingrederetur
1129 802 1320 881 septimanis,
1353 804 1430 866 clam
1451 804 1510 865 3113
1535 804 1611 864 sub-

245 889 339 952 duxit.
397 890 489 950 Teste
522 891 662 951 Jessenio
696 892 854 971 profugum
889 893 999 954 Ursum
1031 893 1121 970 paulo
1168 900 1238 970 post
1275 894 1380 954 3313111
1412 912 1489 955 anno
1525 889 1612 957 1599

245 978 389 1039 incertum
413 998 470 1056 quo
495 979 523 1039 iu
552 980 616 1041 loco
641 999 720 1041 mors
745 983 897 1060 oppressit
921 981 1058 1059 virisque
1083 981 1203 1042 eremit.

333 1067 449 1129 Ansam
481 1069 685 1131 simultatibus
713 1071 791 1131 inter
821 1091 887 1131 eum
918 1079 949 1130 31
972 1069 1144 1151 Tychoneru
1177 1069 1316 1149 praebuit
1348 1079 1496 1149 systema,
1531 1071 1612 1149 quod

244 1156 341 1218 Ursus
374 1157 526 1218 inventum
556 1178 629 1218 ase
662 1178 729 1219 esse
754 1160 913 1238 jactabat,
947 1158 1049 1240 Tycho
1078 1166 1179 1219 autem
1203 1158 1260 1218 sibi
1291 1158 1329 1218 ab
1358 1159 1409 1219 illo
1440 1165 1612 1239 surreptum

245 1246 448 1307 contendebat
477 1249 725 1321 astronomicum,
758 1248 788 1311 in
815 1248 1045 1324 ,Fundameuto
1078 1247 1299 1309 astronomico“
1326 1269 1354 1309 a.
1384 1246 1467 1311 1588
1491 1249 1610 1309 descri-

125 1342 130 1353 '
244 1342 343 1414 ptum,
372 1335 400 1395 in
438 1336 674 1416 „hypothesibus
709 1336 939 1397 astronomicis“
975 1354 1053 1396 anno
1087 1333 1170 1399 1597
1206 1337 1337 1397 11311333
1371 1336 1462 1398 131133
1492 1337 1610 1399 scurrili

244 1424 409 1485 defensum.
457 1425 522 1485 Hoc
547 1426 576 1485 in
602 1427 744 1487 extremis
760 1426 957 1488 Pomeraniae
981 1425 1087 1485 finibus
1107 1425 1177 1485 Kal.
1195 1423 1264 1485 Oct.
1289 1423 1383 1497 1585,
1407 1445 1474 1487 cum
1490 1425 1610 1505 (loper-

243 1511 300 1574 nici
324 1512 556 1574 Revolutionum
585 1515 676 1575 libros
709 1516 883 1593 diligentius
912 1514 1092 1597 evolvisset,
1128 1523 1288 1593 ternasque
1313 1514 1498 1590 Ptolemaei,
1530 1515 1608 1576 Ari-

244 1602 357 1663 starchi
384 1611 415 1661 et
438 1602 592 1680 Apollonii
616 1603 744 1681 Pergaei
769 1605 953 1685 hypotheses
980 1604 1057 1663 inter
1081 1622 1113 1662 se
1138 1603 1317 1663 contulisset
1345 1611 1376 1662 et
1405 1603 1510 1664 harum
1533 1603 1609 1664 ulti-

243 1706 323 1753 131131
355 1691 545 1762 invertisset,
577 1693 782 1770 excogitatum
814 1716 832 1754 a
859 1713 892 1754 se
923 1711 990 1753 esse
1022 1691 1170 1770 perhibet.
1222 1694 1312 1754 Anno
1346 1688 1429 1755 15811
1459 1691 1609 1754 Caesellis

245 1777 408 1841 Guilielmo
432 1779 624 1857 Landgravio
649 1781 730 1842 istud
764 1802 839 1843 333
864 1788 969 1843 331131
991 1781 1161 1851 detectum,
1194 1801 1214 1840 a
1236 1781 1476 1843 Rothmanno
1505 1783 1610 1862 (quem

243 1866 414 1931 Rbtzmann
438 1870 571 1946 sceptice
595 1889 714 1948 semper
738 1872 887 1949 appellat)
913 1877 1039 1930 exeunte
1064 1891 1092 1930 a.
1120 1866 1203 1931 1587
1224 1869 1387 1951 Tyehoni
1411 1889 1478 1933 esse
1501 1871 1608 1952 prodi·

245 1964 318 2018 tum.
365 1956 509 2019 Ultimum
542 1959 709 2019 3333331333
741 1960 827 2020 addit
849 1959 1066 2020 Helisaeum
1090 1958 1305 2020 Roeslinum
1337 1959 1422 2020 etin
1447 1960 1522 2020 libro
1549 1959 1608 2032 ,de

244 2062 334 2124 opere
360 2044 551 2107 Creationis“
581 2045 663 2111 1597
688 2049 856 2127 publicato,
888 2047 1014 2107 eandem
1037 2046 1193 2125 Apollonii
1223 2057 1254 2108 et
1277 2047 1429 2128 Tychonis
1454 2049 1606 2130 hypothe-

243 2133 290 2197 sin
313 2134 414 2214 plagio
438 2134 601 2213 impudenti
625 2157 678 2216 pro
703 2159 758 2198 333
782 2138 933 2199 1111113313
963 2145 994 2195 31
1016 2135 1193 2197 1131313133]
1217 2136 1305 2198 simul
1329 2137 1470 2198 convitiis
1494 2137 1609 2199 adoriri

244 2242 302 2285 non
328 2222 495 2285 erubuisse.

333 2314 416 2373 Haec
441 2313 630 2375 Mollerus.
678 2313 760 2375 Idem
794 2314 872 2374 iuter
900 2312 1015 2390 scripta
1042 2313 1113 2374 Ursi
1143 2312 1266 2374 exbibet
1297 2312 1402 2373 librum
1432 2313 1608 2392 germanico

245 2420 381 2463 sermone
396 2402 622 2463 concinnatum:
650 2400 862 2463 Geodnesia
877 2401 1118 2463 Ranzoviana
1137 2402 1221 2480 Lips.
1245 2397 1344 2473 1583,
1374 2401 1504 2481 incujus
1519 2404 1609 2465 titulo

245 2490 358 2554 autoris
382 2510 488 2552 nomen
508 2500 540 2553 et
562 2492 663 2569 patria
687 2492 768 2554 hisce
793 2491 892 2552 verbis
918 2491 1139 2569 exprimuntur:
1175 2490 1324 2551 Nicolai
1349 2489 1524 2572 Reymers
1550 2512 1609 2552 ron

244 2580 399 2645 Henstede
424 2581 452 2641 in
477 2580 709 2642 Ditlrmarscben
734 2581 952 2643 Landrecbnen
977 2581 1035 2640 und
1059 2580 1256 2641 Feldmessen
1281 2580 1333 2640 113.

334 2669 410 2731 Huic
440 2669 530 2749 igitur
553 2670 632 2732 Urso
656 2671 855 2748 Keplerus,
889 2670 1018 2730 nondum
1057 2669 1133 2730 satis
1156 2667 1342 2747 perspiciens
1366 2668 1420 2729 riri
1445 2667 1608 2748 ingenium,

245 2766 316 2820 ente
339 2759 452 2820 editum
477 2760 670 2821 l‘rodromum
695 2760 817 2839 scripsit
840 2759 917 2819 hune
940 2758 970 2818 in
993 2759 1113 2818 13313111
1137 2759 1175 2818 13
1199 2778 1255 2818 333
1279 2757 1466 2818 1313311333;

335 2846 393 2917 Qui
409 2849 503 2926 ignoti
519 2850 556 2909 ad
577 2849 693 2927 ignotos
711 2849 739 2908 in
761 2849 938 2926 longinquas
954 2847 1093 2923 regiones
1109 2847 1318 2907 transmittunt
1339 2846 1496 2925 3111313133,
1514 2845 1609 2907 31113-

244 2935 320 2997 biles
339 2947 410 2997 sunt
428 2937 571 2998 homines.
607 2939 649 2998 Te
671 2937 740 2999 311111
764 2946 866 2998 331313
886 2936 1000 3014 pridem
1022 2937 1094 2996 feeit
1113 2936 1320 2997 illustrissima
1339 2943 1392 2995 tua
1411 2936 1517 3013 gloria
1548 2955 1609 3013 qua

245 3025 475 3087 mathematicos
506 3026 591 3104 hujus
620 3028 686 3087 aevi
710 3026 868 3107 praecedis
899 3044 988 3096 unus,
1026 3033 1167 3103 quantum
1197 3024 1355 3086 Phoebeus
1384 3024 1465 3085 orbis
1493 3023 1610 3085 minuta

244 3112 355 3174 sidera.
404 3113 466 3176 Sed
493 3134 547 3177 nec
579 3125 697 3195 tempus
729 3116 816 3194 plura
849 3115 922 3186 fert,
957 3133 1010 3174 nec
1040 3115 1320 3175 mathematicorum
1353 3121 1402 3173 est
1434 3112 1608 3191 garrulitas.

244 3203 310 3265 Hoc
335 3221 423 3264 33331
446 3203 534 3278 habe,
558 3205 635 3265 tanti
658 3212 690 3265 te
714 3225 733 3264 a
756 3224 803 3265 rue
827 3203 899 3275 lieri,
926 3204 1030 3281 quanti
1045 3222 1148 3264 omnes
1172 3203 1254 3264 docti
1279 3209 1310 3263 13
1335 3202 1458 3275 1331331,
1483 3220 1609 3282 quorum

240 3291 387 3372 judicium
411 3294 565 3372 aspernari
589 3292 759 3370 arrogantis
784 3300 845 3364 est,
882 3292 1053 3352 collaudare
1078 3293 1207 3354 modesti
1227 3292 1358 3370 juvenis.
1408 3287 1483 3352 Cum
1506 3292 1610 3369 itaque

244 3390 440 3460 praeceptore
465 3392 509 3456 13,
538 3383 568 3443 11
593 3391 641 3443 331
664 3382 749 3444 libris
773 3381 847 3452 tuis,
878 3381 933 3442 hoc
958 3382 1134 3461 quantulum
1160 3390 1206 3441 est
1230 3380 1410 3460 cognitionis
1435 3380 1609 3460 acquisive-

245 3469 300 3531 rim
326 3470 355 3530 in
379 3471 588 3544 mathematis,
621 3489 746 3550 aequum
771 3469 855 3543 duxi,
886 3479 920 3529 ut
952 3479 981 3530 te
1018 3471 1047 3530 in
1072 3489 1104 3530 re
1128 3471 1222 3532 31133
1251 3489 1304 3530 333
1333 3479 1368 3530 31
1394 3468 1468 3530 mibi
1491 3469 1612 3531 videtur

244 3561 463 3621 contemnenda
487 3561 651 3621 consulam.
700 3558 735 3620 Si
758 3559 974 3641 approbaveris
999 3559 1078 3638 quod
1097 3578 1168 3638 ago,
1195 3559 1317 3620 beatum
1341 3577 1387 3620 me
1411 3558 1606 3638 praedicabo,

244 3648 410 3730 proximum
434 3649 590 3711 felicitatis
613 3649 738 3728 gradum
763 3648 792 3709 in
817 3667 851 3706 eo
876 3656 987 3720 statuo,
1014 3656 1046 3707 31
1071 3668 1089 3709 3
1112 3658 1141 3709 13
1162 3648 1304 3727 corrigar.
1352 3647 1440 3708 Tanti
1466 3654 1515 3709 est
1537 3647 1611 3708 mihi

244 3746 327 3799 tuum
353 3737 513 3815 judicium,
547 3738 730 3819 hypotheses
761 3747 829 3798 tuas
853 3756 936 3809 aruo;
970 3738 1023 3798 sed
1048 3735 1248 3816 Copernicum
1278 3737 1355 3797 33113
1378 3735 1521 3798 3111111311
1549 3755 1610 3797 non

244 3844 382 3905 possum,
417 3829 500 3905 cujus
529 3828 712 3908 hypotheses
737 3827 792 3888 1133
817 3826 948 3900 habent,
982 3827 1061 3904 quod
1092 3827 1137 3887 his
1166 3825 1302 3886 versibus
1331 3825 1505 3905 complexus
1529 3844 1608 3887 sum.

246 3911 400 3980 (Sequuntur
418 3931 509 3973 sersus,
529 3931 589 3980 quos
608 3917 707 3966 exhibet
725 3932 749 3979 p.
769 3912 818 3963 96:
847 3914 929 3974 „Quid
946 3915 1067 3964 mundusu
1088 3912 1146 3974 dte.)

334 4003 414 4065 ham
437 4004 515 4065 inter
539 4004 700 4065 Saturnum
724 4013 756 4065 et
779 4004 887 4064 ,1313111
911 4011 959 4064 331
982 4004 1084 4077 cubus,
1109 4005 1152 4065 sic
1177 4014 1210 4064 ut
1234 4002 1295 4063 ima
1318 4001 1443 4064 Saturni
1466 4000 1610 4080 periodus

245 4089 288 4155 sit
316 4092 396 4154 orbis
424 4093 682 4172 circumscriptus,
712 4113 828 4155 summa
850 4092 938 4154 13113
968 4091 1145 4172 13331111133;
1175 4094 1253 4154 13131
1279 4091 1387 4154 Josenr
1415 4100 1447 4152 et
1475 4091 1609 4154 Martem

243 4182 430 4254 tetra'edron,
456 4181 533 4243 inter
556 4183 687 4243 Martem
712 4192 745 4244 et
766 4184 890 4244 Terram
916 4181 1135 4251 dodeca'edrou,
1160 4183 1238 4242 13131
1262 4182 1384 4242 Terram
1409 4191 1441 4242 et
1457 4181 1609 4242 Venerem

244 4269 430 4342 1333311133,
457 4270 534 4331 13131
558 4271 707 4332 Venerem
734 4282 766 4332 et
789 4270 969 4333 Mercurium
993 4273 1168 4333 octa'e'dron.
1216 4269 1360 4332 Ordinem
1390 4270 1466 4331 hunc
1496 4288 1607 4348 corpo·

244 4377 308 4421 rum
331 4378 425 4439 neque
451 4360 650 4441 metaphysici
674 4380 769 4440 neque
793 4360 998 4421 mathematici
1023 4380 1088 4424 3313
1112 4359 1230 4421 1311333
1255 4359 1489 4420 immutaverint
1537 4356 1608 4421 Jam

245 4455 277 4508 31
300 4448 388 4509 medii
413 4458 511 4509 motus
536 4470 568 4510 se
589 4451 832 4523 accommodant;
853 4458 902 4510 est
925 4450 1004 4511 enirn
1024 4469 1126 4511 eornm
1150 4449 1242 4529 dupla
1265 4448 1342 4509 13113
1366 4449 1405 4508 31
1429 4447 1606 4521 distantias,

244 4536 362 4599 scilicet
385 4536 455 4616 quia
479 4538 526 4599 vel
551 4540 655 4599 eadem
679 4548 763 4600 esset
785 4539 921 4600 incitatio
946 4541 1074 4618 partium
1099 4540 1128 4600 iu
1153 4539 1305 4612 omnibus,
1327 4536 1374 4598 131
1398 4545 1520 4616 propter
1538 4556 1606 4599 1113·

241 4623 340 4704 jorem
365 4627 590 4705 amplitudinem
614 4627 732 4707 quidem
758 4629 872 4689 tardius
895 4628 1039 4689 redirent.
1086 4628 1129 4689 Et
1152 4629 1216 4707 jam
1239 4627 1358 4689 accedit
1385 4625 1557 4688 debilitatio
1577 4627 1607 4689 in

245 4714 459 4790 exterior-ibus,
492 4717 589 4795 qualis
613 4717 725 4777 accidit
749 4718 776 4779 in
802 4717 891 4778 lucidi
916 4717 991 4778 radii
1016 4718 1240 4779 extenuatione.
1289 4718 1396 4778 Parum
1425 4715 1563 4794 utrinque
1588 4736 1608 4776 a

247 4798 415 4882 (lopernico
439 4803 613 4882 disceditur,
639 4806 707 4885 pius
731 4814 844 4880 tamen,
866 4806 894 4867 si
917 4827 955 4868 ex
978 4807 1109 4870 motibus
1123 4806 1230 4883 prediis
1246 4806 1468 4868 constituantur
1483 4803 1605 4869 dietan-
