3428 5542
782 279 941 333 Prooemim.
991 245 993 248 Α
1495 283 1534 349 13

188 439 366 523 aphaeresin
406 441 536 503 eccentri
571 459 628 502 non
663 459 729 502 esse
760 441 975 520 adjungendam
1003 442 1040 502 ad
1068 441 1249 521 0000110110
1275 443 1355 506 orbis
1382 462 1436 523 pro
1462 464 1534 507 ¹areu

186 531 241 593 illo
264 531 429 610 capiendo,
462 531 545 610 cujus
568 531 650 591 sinus
674 530 713 590 sit
737 530 881 593 distantia
903 530 1031 592 Telluris
1055 552 1073 591 a
1096 541 1208 593 centro.
1254 532 1331 593 liam
1356 534 1380 593 si
1405 533 1533 605 additur,

187 630 256 682 tota
278 620 561 700 pr·osthaphseresis
585 637 642 679 nou
666 618 817 680 exhibebit
837 619 996 681 maximam
1024 620 1179 699 planetae,
1217 620 1281 681 sive
1310 622 1409 702 potins
1442 622 1533 684 mini-

186 727 267 771 mam
290 709 403 769 Terrae
428 709 618 781 distantiam,
643 707 696 770 sed
720 707 817 783 illam,
842 727 928 789 quam
952 708 1042 770 habet
1064 709 1093 770 10
1117 709 1168 771 1110
1192 710 1256 771 1000
1280 718 1362 772 certo
1386 712 1533 773 00000101-

187 797 302 860 0110110.
351 796 598 860 Commodissima
622 796 712 876 igitur
734 796 892 858 maximam
911 797 1050 876 planetae
1066 798 1242 861 distantiam
1256 799 1391 861 elicimus
1405 814 1443 860 ex
1457 818 1532 880 apo-

186 904 267 968 gaea
288 886 564 966 prosthaphaeresi.
612 882 800 947 Contrarium
824 896 924 948 autern
947 887 976 947 in
992 886 1178 950 inferioribus
1193 887 1420 950 observandum.
1453 888 1532 951 narn

188 974 248 1052 1111,
281 976 352 1038 dnm
379 985 539 1037 censentur
562 975 590 1036 10
614 974 711 1036 media
734 974 934 1052 longitudine,
964 976 1084 1037 suntin
1110 974 1440 1054 &pangornensis
1465 979 1533 1039 drrm

187 1073 337 1146 apparent
360 1063 535 1144 10000100
557 1064 606 1125 vel
629 1085 766 1143 uspryerqr,
789 1064 910 1125 suntin
934 1064 1032 1126 media
1055 1065 1209 1127 distantia.
1256 1065 1352 1145 Igitur
1366 1084 1419 1146 pro
1434 1066 1532 1129 media

187 1172 289 1217 eorum
320 1153 468 1216 distantia
499 1152 612 1215 aSole
644 1152 845 1232 computandi.
877 1152 1012 1214 existimo
1035 1154 1241 1217 conferendam
1264 1155 1432 1234 parallaxin
1455 1174 1530 1236 apo·

185 1260 297 1324 gaeam
320 1261 386 1305 curn
408 1242 567 1323 perigaeri:
591 1261 666 1322 quae
690 1261 747 1302 non
769 1260 822 1321 per
844 1241 1029 1304 differentiae
1052 1261 1181 1317 arcuum,
1206 1244 1258 1304 sed
1277 1262 1331 1323 per
1345 1243 1531 1307 differentiae

185 1330 304 1395 sinuum
326 1331 521 1393 bisectionem
545 1331 750 1409 investigatur.
795 1330 928 1392 Maxima
959 1338 1059 1393 autern
1091 1331 1237 1392 distantia
1269 1330 1381 1394 aSole
1404 1333 1530 1396 habetur

186 1438 226 1483 ex
246 1421 378 1483 maxima
401 1419 609 1498 elongatione;
643 1419 793 1499 elongatio
815 1419 962 1494 maxima,
987 1419 1013 1481 si
1036 1419 1315 1500 prosthaphaeresis
1338 1422 1468 1483 eccentri
1492 1423 1530 1484 ad
1592 1475 1598 1487 .

184 1509 315 1573 mediam
336 1509 506 1589 parallaxin
529 1508 609 1570 orbis
633 1509 819 1588 adjungatur.

274 1597 345 1661 darn
367 1617 513 1660 summam
536 1616 645 1672 eorum,
670 1617 745 1678 quae
768 1597 897 1676 scriptas
920 1597 1022 1658 theses
1044 1610 1218 1677 sequnntur,
1242 1597 1424 1678 subjungam
1459 1600 1528 1662 Mo-

184 1688 246 1751 trix
269 1688 387 1760 anima,
411 1695 445 1748 01
467 1686 539 1759 dixi,
563 1686 592 1747 in
616 1686 697 1748 Sole.
744 1685 777 1748 Si
800 1695 897 1747 motus
921 1686 1087 1766 aequalitas
1110 1696 1143 1747 et
1164 1685 1243 1747 idern
1265 1687 1351 1766 vigor
1373 1687 1488 1750 veniret
1511 1710 1529 1750 a

184 1775 258 1841 Sole
279 1778 311 1840 in
335 1794 439 1838 omnes
461 1777 566 1848 orbes,
589 1786 688 1837 tamen
712 1794 786 1836 unus
809 1774 868 1836 alio
892 1776 1006 1837 tardius
1028 1774 1211 1850 circumiret,
1234 1784 1358 1854 propter
1382 1777 1527 1858 inaequa-

183 1866 302 1929 litatem
325 1865 465 1928 ambitus.
512 1865 658 1944 Tempora
680 1863 831 1942 periodica
853 1874 964 1937 essent,
988 1874 1019 1926 nt
1038 1864 1151 1926 circuli.
1196 1864 1277 1927 Nam
1292 1866 1446 1945 quantitas
1461 1885 1525 1928 nro-

182 1964 247 2017 tunr
269 1954 400 2017 metitur.
448 1952 560 2016 Circuli
583 1963 681 2016 autem
705 1961 738 2014 ut
759 1953 983 2026 semidiametri,
1006 1954 1122 2015 scilicet
1137 1952 1356 2016 utdistautiae.
1403 1953 1526 2017 81010-

182 2043 293 2107 cillime
317 2043 567 2105 constitueremus
591 2062 628 2104 ex
649 2041 778 2103 motibus
802 2042 907 2103 mediis
923 2052 1005 2103 certo
1020 2041 1147 2121 coguitis
1171 2041 1285 2104 medias
1300 2043 1391 2104 etiam
1406 2043 1525 2106 distan-

182 2134 254 2196 tias.
301 2132 363 2195 Sed
387 2131 504 2194 accedit
523 2132 583 2194 0110
606 2151 714 2202 cansa,
744 2151 819 2211 quae
848 2132 994 2192 tardiores
1018 2132 1110 2193 eflicit
1132 2131 1317 2192 remotiores.
1364 2129 1525 2212 capiamus

183 2242 204 2285 a
226 2223 292 2285 luce
314 2222 559 2301 experimentum.
604 2220 682 2283 Nam
705 2220 754 2281 lux
777 2230 809 2281 et
823 2231 920 2282 motus
935 2220 1034 2300 utique
1049 2230 1083 2281 ut
1109 2219 1220 2299 origine
1245 2219 1288 2281 sio
1303 2220 1395 2283 etiarn
1409 2216 1525 2284 actibus

180 2310 351 2393 conjuncti,
383 2321 416 2372 et
445 2311 547 2372 forsan
576 2310 642 2393 ipsa
671 2309 719 2369 lux
743 2309 909 2371 vehiculum
933 2318 1029 2371 nrotus
1054 2316 1111 2377 ast.
1157 2309 1253 2389 Igitur
1275 2309 1304 2370 in
1327 2328 1420 2389 parvo
1443 2312 1524 2384 orbe,

182 2408 215 2463 et
242 2400 287 2462 sic
315 2399 407 2462 etiam
435 2400 463 2462 10
492 2417 583 2479 parvo
612 2398 720 2460 circulo
747 2417 837 2478 prope
868 2398 969 2461 Solem
993 2407 1110 2460 tantum
1133 2407 1181 2459 est
1204 2397 1296 2472 lucis,
1331 2400 1525 2479 quantumin

181 2508 291 2570 magm
315 2498 348 2551 et
369 2488 536 2550 remotiore.
582 2488 709 2549 Tennior
732 2486 822 2566 igitur
845 2488 894 2549 lux
917 2488 945 2547 in
969 2505 1087 2567 magno,
1112 2487 1141 2547 in
1173 2496 1300 2566 angusto
1322 2489 1483 2551 confertior
1496 2500 1528 2551 et

181 2579 298 2641 tortior.
346 2579 391 2640 At
421 2579 496 2639 haec
528 2577 671 2639 fortitudo
703 2594 817 2637 rursum
849 2586 896 2637 est
919 2577 946 2638 in
971 2576 1147 2638 circulorum
1170 2576 1377 2656 proportione,
1409 2577 1474 2638 sive
1497 2579 1525 2640 iu

182 2667 403 2730 distantiarum.
450 2665 483 2728 Si
502 2666 564 2746 jam
588 2665 693 2727 eadem
716 2665 792 2726 ratio
815 2673 912 2726 motus
936 2678 983 2725 est
1016 2666 1090 2745 (qua
1113 2663 1232 2743 quidem
1254 2683 1284 2725 re
1308 2664 1381 2727 nihil
1404 2667 1525 2727 000010-

181 2757 249 2819 nius
272 2756 344 2836 llngi
368 2759 496 2837 potest),
520 2761 660 2834 sequetur
679 2753 839 2815 distantias
862 2753 908 2815 bia
934 2756 1031 2815 iacere
1056 2753 1094 2813 ad
1113 2763 1211 2815 motus
1236 2753 1410 2816 tarditatem
1439 2755 1526 2816 1000-

181 2845 317 2908 cendam.
366 2842 467 2916 Quare
495 2844 616 2905 dimidia
644 2841 809 2905 differentia
836 2853 967 2905 motuum
995 2843 1118 2903 duorum
1141 2842 1283 2920 adjuncta
1305 2842 1411 2905 minori
1433 2845 1525 2906 motui
1584 2868 1592 2889 ι

181 2935 242 2999 erit
263 2934 411 2997 distantia
434 2933 617 2997 remotioris:
642 2941 737 2993 motus
761 2932 825 3011 ipse
849 2933 944 2994 minor
959 2932 1016 2993 erit
1031 2931 1176 2993 distantia
1188 2930 1414 3011 propinquioris.
1448 2933 1526 2994 Vide

182 3023 255 3106 qnid
277 3032 421 3105 sequatur
443 3022 472 3085 in
498 3023 551 3084 000
576 3022 799 3101 diagrammate.

1041 3162 1079 3213 Ex
1096 3169 1164 3213 motu
1204 3127 1241 3177 Β*
1258 3126 1345 3177 “m
1380 3160 1528 3214 Differentia

1253 3205 1298 3248 tua

640 3264 660 3347 11
1045 3266 1162 3344 atta
1242 3264 1306 3334 569
1397 3267 1439 3349 -1-
1465 3268 1501 3333 11

638 3357 669 3433 ll
728 3355 902 3432 0011000,
935 3367 998 3421 tum
1048 3355 1162 3429 <5274
1242 3354 1306 3423 294
1397 3390 1438 3402 -
1462 3357 1505 3423 20

270 3447 305 3510 Si
330 3448 474 3511 distantia
496 3449 595 3510 media
639 3455 664 3517 (1
727 3447 785 3509 erit
815 3447 914 3509 media
948 3447 996 3510 di·
1049 3442 1160 3523 6094
1241 3443 1307 3512 658
1397 3447 1439 3527 -1-
1463 3444 1505 3512 36

639 3540 664 3612 ὃ
801 3536 916 3598 stantia
1051 3533 1156 3609 9761
1243 3533 1306 3599 719
1397 3536 1439 3616 -1-
1462 3535 1505 3601 42

641 3624 665 3699 Ω
1050 3622 1157 3702 0503
1239 3622 1304 3689 549
1397 3623 1438 3705 -1-
1465 3624 1504 3690 14

268 3732 348 3794 Ecce
373 3750 460 3812 quarn
481 3748 572 3809 prope
596 3730 753 3791 veritatem
779 3729 917 3791 venerim.
962 3729 1004 3791 Et
1028 3730 1123 3792 adhuc
1147 3729 1284 3803 dubitas,
1318 3731 1434 3809 quoties
1462 3733 1524 3793 1010

178 3821 251 3903 qnid
274 3821 420 3895 1001001,
439 3839 486 3882 me
520 3819 599 3895 large
633 3820 799 3881 lachrnmas
824 3818 954 3880 fundere.
1000 3819 1078 3880 Nam
1101 3819 1200 3880 hercle
1225 3819 1298 3880 haec
1321 3820 1371 3881 via
1393 3841 1412 3882 a
1434 3822 1524 3900 priori

178 3921 228 3973 001
251 3910 290 3971 00
312 3920 411 3971 motos
434 3908 643 3987 corrigendos;
676 3927 730 3969 nec
754 3908 836 3969 nulla
853 3925 922 3986 spes
942 3908 968 3968 si
991 3908 1042 3969 alii
1065 3908 1258 3983 annitantnr,
1283 3907 1387 3988 quibus
1411 3928 1523 3989 suppe-

177 4007 248 4063 tunt
270 3998 506 4061 observationes.
554 3997 588 4058 In
612 3997 713 4058 ordine
733 3997 821 4059 tertio
846 4005 917 4057 sunt
939 3997 1123 4058 differentiae
1142 3996 1221 4058 inter
1235 3997 1410 4061 distantiam
1424 4018 1525 4062 veram

178 4085 338 4169 copemiei
372 4096 403 4148 et
435 4087 512 4148 inter
543 4086 709 4165 conjectam
732 4105 769 4147 ex
791 4094 882 4147 motu.
929 4083 1016 4156 Quae
1040 4086 1175 4166 quamvis
1198 4086 1342 4148 immanes
1366 4088 1521 4151 videntur:

177 4185 280 4239 tamen
304 4175 385 4238 inest
407 4176 436 4238 iu
460 4176 520 4237 illis
543 4176 711 4255 aequalitas
735 4176 897 4256 quaedam,
922 4185 955 4236 ut
977 4174 1056 4237 sicut
1078 4174 1169 4236 cubus
1193 4176 1349 4247 00100000,
1373 4177 1522 4240 0000000-

178 4266 252 4328 dron
278 4265 432 4327 100000οτ0
456 4265 561 4326 similis
576 4273 633 4339 est,
656 4265 700 4326 ita
723 4265 815 4326 etiarn
838 4264 1023 4327 differentiae
1046 4264 1257 4344 propemodum
1280 4265 1309 4326 in
1333 4262 1353 4342 ij
1377 4266 1416 4340 ll,
1443 4265 1467 4339 Q
1492 4270 1521 4344 11,

178 4356 251 4418 item
275 4354 306 4416 10
329 4361 354 4425 <5
378 4356 414 4431 ὅ,
441 4352 507 4430 &Q
532 4354 593 4416 sint
616 4353 739 4416 similes.
786 4353 902 4415 Deinde
926 4360 960 4415 ut
982 4353 1134 4433 proportio
1152 4353 1230 4415 iuter
1248 4353 1380 4428 ildest
1395 4355 1522 4416 solitarii

176 4443 327 4524 corporis,
352 4461 394 4504 sc.
419 4443 578 4504 tetraedri:
611 4442 655 4505 ita
669 4442 825 4529 peculiare
849 4443 904 4505 hoc
928 4442 1019 4503 habet
1038 4442 1205 4504 differentia
1228 4444 1312 4522 ejus,
1336 4445 1458 4523 utplus
1482 4443 1523 4504 sit

174 4533 207 4595 in
232 4530 410 4613 Copemico‚
436 4551 501 4592 cum
524 4532 574 4594 ille
592 4532 755 4594 incetoris
778 4533 873 4593 minus
897 4550 1015 4611 semper
1038 4531 1182 4593 obtineat.
1221 4530 1321 4593 Tertio
1336 4531 1540 4612 quiplaneta·

175 4622 216 4685 ad
239 4621 423 4702 superiorem
446 4619 573 4683 vicinum
595 4621 715 4701 propius
734 4621 880 4693 ascendit,
904 4639 1021 4699 semper
1043 4621 1136 4683 habet
1155 4622 1299 4700 majorem
1313 4621 1519 4683 differentiam.

177 4708 281 4785 942,
307 4713 333 4786 ὅ
358 4705 410 4784 96,
435 4714 455 4787 t)
482 4705 530 4785 14,
555 4710 585 4785 ’11
610 4709 663 4784 11,
688 4718 713 4781 d
736 4707 778 4773 20
802 4709 925 4771 alterins
948 4709 1068 4790 speciei.
1115 4710 1171 4772 Η10
1190 4711 1255 4790 jam
1278 4710 1421 4772 hactenus
1445 4710 1519 4772 hae·

173 4819 239 4867 reo.
287 4801 365 4862 Nam
387 4799 539 4879 piaculare
564 4799 711 4876 existimo,
736 4798 887 4862 distantiis
910 4799 1015 4862 mediis
1030 4800 1059 4862 in
1074 4800 1256 4862 correctione
1271 4807 1385 4862 tantum
1401 4800 1520 4877 addere,
