<?xml version="1.0" encoding="UTF-8"?>
<!DOCTYPE html PUBLIC "-//W3C//DTD XHTML 1.0 Transitional//EN"
    "http://www.w3.org/TR/xhtml1/DTD/xhtml1-transitional.dtd">
<html xmlns="http://www.w3.org/1999/xhtml" xml:lang="en" lang="en">
 <head>
  <title>
</title>
<meta http-equiv="Content-Type" content="text/html;charset=utf-8" />
  <meta name='ocr-system' content='tesseract 3.04.00' />
  <meta name='ocr-capabilities' content='ocr_page ocr_carea ocr_par ocr_line ocrx_word'/>
</head>
<body>
  <div class='ocr_page' id='page_1' title='image "./joanniskepleria10frisgoog/joanniskepleria10frisgoog_0074.png"; bbox 0 0 3428 5542; ppageno 0'>
   <div class='ocr_carea' id='block_1_1' title="bbox 711 246 1484 380">
    <p class='ocr_par' dir='ltr' id='par_1_1' title="bbox 711 246 1484 380">
     <span class='ocr_line' id='line_1_1' title="bbox 711 246 1484 380; baseline 0 0"><span class='ocrx_word' id='word_1_1' title='bbox 711 314 873 366; x_wconf 64' lang='lat' dir='ltr'><strong>mmmm</strong></span> <span class='ocrx_word' id='word_1_2' title='bbox 1072 246 1074 251; x_wconf 23' lang='grc' dir='ltr'>Ι</span> <span class='ocrx_word' id='word_1_3' title='bbox 1428 312 1484 380; x_wconf 78' lang='grc'><strong>53·</strong></span> 
     </span>
    </p>
   </div>
   <div class='ocr_carea' id='block_1_2' title="bbox 107 474 1472 3237">
    <p class='ocr_par' dir='ltr' id='par_1_2' title="bbox 107 474 1472 3237">
     <span class='ocr_line' id='line_1_2' title="bbox 113 474 1472 556; baseline 0.002 -20"><span class='ocrx_word' id='word_1_4' title='bbox 113 475 172 537; x_wconf 87' lang='lat' dir='ltr'><strong>erit</strong></span> <span class='ocrx_word' id='word_1_5' title='bbox 194 494 262 538; x_wconf 91' lang='lat' dir='ltr'><strong>cum</strong></span> <span class='ocrx_word' id='word_1_6' title='bbox 285 475 435 552; x_wconf 90' lang='lat' dir='ltr'><strong>utilitate,</strong></span> <span class='ocrx_word' id='word_1_7' title='bbox 459 476 548 538; x_wconf 88' lang='lat' dir='ltr'><strong>rebus</strong></span> <span class='ocrx_word' id='word_1_8' title='bbox 567 475 633 554; x_wconf 88' lang='lat' dir='ltr'><strong>jam</strong></span> <span class='ocrx_word' id='word_1_9' title='bbox 655 474 832 556; x_wconf 78' lang='lat' dir='ltr'>prostratis,</span> <span class='ocrx_word' id='word_1_10' title='bbox 865 475 946 538; x_wconf 91' lang='lat' dir='ltr'><strong>nulla</strong></span> <span class='ocrx_word' id='word_1_11' title='bbox 969 474 1042 537; x_wconf 91' lang='lat' dir='ltr'><strong>mibi</strong></span> <span class='ocrx_word' id='word_1_12' title='bbox 1067 475 1125 538; x_wconf 92' lang='lat' dir='ltr'><strong>nisi</strong></span> <span class='ocrx_word' id='word_1_13' title='bbox 1154 475 1242 538; x_wconf 88' lang='lat' dir='ltr'><strong>valde</strong></span> <span class='ocrx_word' id='word_1_14' title='bbox 1266 474 1416 538; x_wconf 88' lang='lat' dir='ltr'><strong>laboriosa</strong></span> <span class='ocrx_word' id='word_1_15' title='bbox 1439 484 1472 539; x_wconf 89' lang='lat' dir='ltr'><strong>et</strong></span> 
     </span>
     <span class='ocr_line' id='line_1_3' title="bbox 112 564 1470 647; baseline 0.001 -20"><span class='ocrx_word' id='word_1_16' title='bbox 112 564 244 627; x_wconf 89' lang='lat' dir='ltr'><strong>molesta</strong></span> <span class='ocrx_word' id='word_1_17' title='bbox 267 564 422 647; x_wconf 89' lang='lat' dir='ltr'><strong>provincia</strong></span> <span class='ocrx_word' id='word_1_18' title='bbox 445 564 617 627; x_wconf 89' lang='lat' dir='ltr'><strong>demandari</strong></span> <span class='ocrx_word' id='word_1_19' title='bbox 640 565 762 644; x_wconf 89' lang='lat' dir='ltr'><strong>poterit,</strong></span> <span class='ocrx_word' id='word_1_20' title='bbox 788 564 906 645; x_wconf 85' lang='lat' dir='ltr'><strong>qualern</strong></span> <span class='ocrx_word' id='word_1_21' title='bbox 930 565 1032 627; x_wconf 87' lang='lat' dir='ltr'>forsan</span> <span class='ocrx_word' id='word_1_22' title='bbox 1056 573 1087 627; x_wconf 90' lang='lat' dir='ltr'><strong>et</strong></span> <span class='ocrx_word' id='word_1_23' title='bbox 1105 566 1277 644; x_wconf 85' lang='lat' dir='ltr'><strong>provisores</strong></span> <span class='ocrx_word' id='word_1_24' title='bbox 1297 564 1390 627; x_wconf 90' lang='lat' dir='ltr'><strong>vestri</strong></span> <span class='ocrx_word' id='word_1_25' title='bbox 1413 566 1470 628; x_wconf 90' lang='lat' dir='ltr'><strong>de-</strong></span> 
     </span>
     <span class='ocr_line' id='line_1_4' title="bbox 112 653 1471 736; baseline -0.002 -17"><span class='ocrx_word' id='word_1_26' title='bbox 112 663 268 719; x_wconf 86' lang='lat' dir='ltr'><strong>trectant:</strong></span> <span class='ocrx_word' id='word_1_27' title='bbox 293 654 340 716; x_wconf 92' lang='lat' dir='ltr'><strong>cui</strong></span> <span class='ocrx_word' id='word_1_28' title='bbox 364 674 482 735; x_wconf 78' lang='lat' dir='ltr'>operae,</span> <span class='ocrx_word' id='word_1_29' title='bbox 507 653 533 715; x_wconf 90' lang='lat' dir='ltr'><strong>ei</strong></span> <span class='ocrx_word' id='word_1_30' title='bbox 556 654 653 716; x_wconf 90' lang='lat' dir='ltr'><strong>minus</strong></span> <span class='ocrx_word' id='word_1_31' title='bbox 677 673 733 733; x_wconf 91' lang='lat' dir='ltr'><strong>ego</strong></span> <span class='ocrx_word' id='word_1_32' title='bbox 756 661 878 734; x_wconf 89' lang='lat' dir='ltr'><strong>propter</strong></span> <span class='ocrx_word' id='word_1_33' title='bbox 902 654 1084 736; x_wconf 90' lang='lat' dir='ltr'><strong>superbiam,</strong></span> <span class='ocrx_word' id='word_1_34' title='bbox 1109 662 1191 716; x_wconf 91' lang='lat' dir='ltr'><strong>certe</strong></span> <span class='ocrx_word' id='word_1_35' title='bbox 1214 662 1336 735; x_wconf 89' lang='lat' dir='ltr'><strong>propter</strong></span> <span class='ocrx_word' id='word_1_36' title='bbox 1358 654 1471 735; x_wconf 91' lang='lat' dir='ltr'><strong>ingenii</strong></span> 
     </span>
     <span class='ocr_line' id='line_1_5' title="bbox 112 742 1469 824; baseline 0.003 -22"><span class='ocrx_word' id='word_1_37' title='bbox 112 744 336 806; x_wconf 77' lang='lat' dir='ltr'><strong>volubilitatem</strong></span> <span class='ocrx_word' id='word_1_38' title='bbox 360 752 392 806; x_wconf 88' lang='lat' dir='ltr'><strong>et</strong></span> <span class='ocrx_word' id='word_1_39' title='bbox 410 744 544 806; x_wconf 90' lang='lat' dir='ltr'><strong>laborum</strong></span> <span class='ocrx_word' id='word_1_40' title='bbox 565 743 782 824; x_wconf 85' lang='lat' dir='ltr'><strong>impatientiam</strong></span> <span class='ocrx_word' id='word_1_41' title='bbox 801 743 920 823; x_wconf 90' lang='lat' dir='ltr'><strong>ineptus</strong></span> <span class='ocrx_word' id='word_1_42' title='bbox 939 762 1015 816; x_wconf 90' lang='lat' dir='ltr'><strong>sum,</strong></span> <span class='ocrx_word' id='word_1_43' title='bbox 1040 742 1091 805; x_wconf 91' lang='lat' dir='ltr'><strong>alii</strong></span> <span class='ocrx_word' id='word_1_44' title='bbox 1109 743 1220 805; x_wconf 91' lang='lat' dir='ltr'><strong>rectius</strong></span> <span class='ocrx_word' id='word_1_45' title='bbox 1240 742 1469 806; x_wconf 91' lang='lat' dir='ltr'><strong>adhibebuntur.</strong></span> 
     </span>
     <span class='ocr_line' id='line_1_6' title="bbox 115 831 1470 914; baseline 0.001 -20"><span class='ocrx_word' id='word_1_46' title='bbox 115 835 180 895; x_wconf 81' lang='lat' dir='ltr'><strong>Non</strong></span> <span class='ocrx_word' id='word_1_47' title='bbox 206 833 283 895; x_wconf 91' lang='lat' dir='ltr'><strong>latet</strong></span> <span class='ocrx_word' id='word_1_48' title='bbox 305 833 492 913; x_wconf 85' lang='lat' dir='ltr'><strong>inspectores</strong></span> <span class='ocrx_word' id='word_1_49' title='bbox 516 852 598 894; x_wconf 90' lang='lat' dir='ltr'><strong>meos</strong></span> <span class='ocrx_word' id='word_1_50' title='bbox 622 852 671 894; x_wconf 88' lang='lat' dir='ltr'><strong>res</strong></span> <span class='ocrx_word' id='word_1_51' title='bbox 696 833 775 894; x_wconf 90' lang='lat' dir='ltr'><strong>ista:</strong></span> <span class='ocrx_word' id='word_1_52' title='bbox 801 852 894 914; x_wconf 89' lang='lat' dir='ltr'><strong>eoque</strong></span> <span class='ocrx_word' id='word_1_53' title='bbox 914 833 956 908; x_wconf 88' lang='lat' dir='ltr'><strong>iit,</strong></span> <span class='ocrx_word' id='word_1_54' title='bbox 982 840 1015 894; x_wconf 94' lang='lat' dir='ltr'><strong>ut</strong></span> <span class='ocrx_word' id='word_1_55' title='bbox 1037 852 1074 892; x_wconf 94' lang='lat' dir='ltr'><strong>ne</strong></span> <span class='ocrx_word' id='word_1_56' title='bbox 1096 832 1214 914; x_wconf 87' lang='lat' dir='ltr'><strong>quidem</strong></span> <span class='ocrx_word' id='word_1_57' title='bbox 1237 831 1470 912; x_wconf 82' lang='lat' dir='ltr'><strong>cogitationibus</strong></span> 
     </span>
     <span class='ocr_line' id='line_1_7' title="bbox 113 920 1469 1004; baseline 0 -20"><span class='ocrx_word' id='word_1_58' title='bbox 113 923 176 984; x_wconf 91' lang='lat' dir='ltr'><strong>sule</strong></span> <span class='ocrx_word' id='word_1_59' title='bbox 199 942 247 984; x_wconf 89' lang='lat' dir='ltr'><strong>me</strong></span> <span class='ocrx_word' id='word_1_60' title='bbox 271 923 423 985; x_wconf 90' lang='lat' dir='ltr'><strong>destinent</strong></span> <span class='ocrx_word' id='word_1_61' title='bbox 445 922 597 984; x_wconf 85' lang='lat' dir='ltr'><strong>laboribus</strong></span> <span class='ocrx_word' id='word_1_62' title='bbox 622 921 822 984; x_wconf 86' lang='lat' dir='ltr'><strong>scholasticis.</strong></span> <span class='ocrx_word' id='word_1_63' title='bbox 862 920 993 1001; x_wconf 87' lang='lat' dir='ltr'><strong>Cupiunt</strong></span> <span class='ocrx_word' id='word_1_64' title='bbox 1016 941 1062 983; x_wconf 92' lang='lat' dir='ltr'><strong>me</strong></span> <span class='ocrx_word' id='word_1_65' title='bbox 1087 922 1129 984; x_wconf 92' lang='lat' dir='ltr'><strong>uti</strong></span> <span class='ocrx_word' id='word_1_66' title='bbox 1152 923 1210 984; x_wconf 93' lang='lat' dir='ltr'><strong>hoc</strong></span> <span class='ocrx_word' id='word_1_67' title='bbox 1230 921 1291 984; x_wconf 92' lang='lat' dir='ltr'><strong>otio</strong></span> <span class='ocrx_word' id='word_1_68' title='bbox 1310 941 1376 984; x_wconf 87' lang='lat' dir='ltr'><strong>meo</strong></span> <span class='ocrx_word' id='word_1_69' title='bbox 1399 922 1469 1004; x_wconf 92' lang='lat' dir='ltr'><strong>phi-</strong></span> 
     </span>
     <span class='ocr_line' id='line_1_8' title="bbox 114 1011 1468 1093; baseline 0.001 -20"><span class='ocrx_word' id='word_1_70' title='bbox 114 1013 268 1093; x_wconf 90' lang='lat' dir='ltr'><strong>losophico</strong></span> <span class='ocrx_word' id='word_1_71' title='bbox 284 1012 323 1073; x_wconf 94' lang='lat' dir='ltr'><strong>ad</strong></span> <span class='ocrx_word' id='word_1_72' title='bbox 341 1011 536 1075; x_wconf 89' lang='lat' dir='ltr'><strong>illustrandas</strong></span> <span class='ocrx_word' id='word_1_73' title='bbox 551 1012 725 1091; x_wconf 91' lang='lat' dir='ltr'><strong>disciplinas</strong></span> <span class='ocrx_word' id='word_1_74' title='bbox 740 1011 986 1073; x_wconf 89' lang='lat' dir='ltr'><strong>mathematicas:</strong></span> <span class='ocrx_word' id='word_1_75' title='bbox 1012 1020 1043 1073; x_wconf 88' lang='lat' dir='ltr'><strong>et</strong></span> <span class='ocrx_word' id='word_1_76' title='bbox 1066 1011 1091 1073; x_wconf 94' lang='lat' dir='ltr'><strong>si</strong></span> <span class='ocrx_word' id='word_1_77' title='bbox 1116 1030 1208 1091; x_wconf 91' lang='lat' dir='ltr'><strong>penes</strong></span> <span class='ocrx_word' id='word_1_78' title='bbox 1233 1012 1315 1092; x_wconf 90' lang='lat' dir='ltr'><strong>ipsos</strong></span> <span class='ocrx_word' id='word_1_79' title='bbox 1338 1012 1468 1086; x_wconf 76' lang='lat' dir='ltr'><strong>steterit,</strong></span> 
     </span>
     <span class='ocr_line' id='line_1_9' title="bbox 114 1098 1471 1182; baseline 0.001 -20"><span class='ocrx_word' id='word_1_80' title='bbox 114 1121 265 1182; x_wconf 91' lang='lat' dir='ltr'><strong>uunquam</strong></span> <span class='ocrx_word' id='word_1_81' title='bbox 288 1098 360 1163; x_wconf 90' lang='lat' dir='ltr'><strong>mihi</strong></span> <span class='ocrx_word' id='word_1_82' title='bbox 388 1099 531 1163; x_wconf 87' lang='lat' dir='ltr'><strong>salarium</strong></span> <span class='ocrx_word' id='word_1_83' title='bbox 559 1119 655 1163; x_wconf 90' lang='lat' dir='ltr'><strong>meum</strong></span> <span class='ocrx_word' id='word_1_84' title='bbox 684 1101 888 1182; x_wconf 90' lang='lat' dir='ltr'><strong>abrogabitur.</strong></span> <span class='ocrx_word' id='word_1_85' title='bbox 936 1098 997 1162; x_wconf 83' lang='lat' dir='ltr'><strong>Sed</strong></span> <span class='ocrx_word' id='word_1_86' title='bbox 1025 1100 1060 1161; x_wconf 87' lang='lat' dir='ltr'><strong>fit</strong></span> <span class='ocrx_word' id='word_1_87' title='bbox 1086 1100 1195 1180; x_wconf 87' lang='lat' dir='ltr'><strong>injuria</strong></span> <span class='ocrx_word' id='word_1_88' title='bbox 1222 1111 1402 1181; x_wconf 89' lang='lat' dir='ltr'><strong>temporum,</strong></span> <span class='ocrx_word' id='word_1_89' title='bbox 1435 1109 1471 1164; x_wconf 92' lang='lat' dir='ltr'><strong>nt</strong></span> 
     </span>
     <span class='ocr_line' id='line_1_10' title="bbox 113 1188 1468 1273; baseline 0.001 -21"><span class='ocrx_word' id='word_1_90' title='bbox 113 1191 171 1252; x_wconf 85' lang='lat' dir='ltr'><strong>frui</strong></span> <span class='ocrx_word' id='word_1_91' title='bbox 194 1191 252 1261; x_wconf 86' lang='lat' dir='ltr'><strong>hac</strong></span> <span class='ocrx_word' id='word_1_92' title='bbox 275 1191 407 1273; x_wconf 89' lang='lat' dir='ltr'><strong>ipsomm</strong></span> <span class='ocrx_word' id='word_1_93' title='bbox 431 1189 544 1273; x_wconf 91' lang='lat' dir='ltr'><strong>optima</strong></span> <span class='ocrx_word' id='word_1_94' title='bbox 566 1191 719 1252; x_wconf 89' lang='lat' dir='ltr'><strong>voluntate</strong></span> <span class='ocrx_word' id='word_1_95' title='bbox 744 1189 793 1252; x_wconf 93' lang='lat' dir='ltr'><strong>diu</strong></span> <span class='ocrx_word' id='word_1_96' title='bbox 816 1210 874 1252; x_wconf 91' lang='lat' dir='ltr'><strong>uon</strong></span> <span class='ocrx_word' id='word_1_97' title='bbox 898 1189 1020 1268; x_wconf 90' lang='lat' dir='ltr'><strong>possim.</strong></span> <span class='ocrx_word' id='word_1_98' title='bbox 1055 1188 1168 1270; x_wconf 88' lang='lat' dir='ltr'><strong>Siqua</strong></span> <span class='ocrx_word' id='word_1_99' title='bbox 1190 1192 1236 1253; x_wconf 91' lang='lat' dir='ltr'><strong>vis</strong></span> <span class='ocrx_word' id='word_1_100' title='bbox 1260 1211 1298 1252; x_wconf 84' lang='lat' dir='ltr'><strong>ex</strong></span> <span class='ocrx_word' id='word_1_101' title='bbox 1316 1191 1386 1252; x_wconf 93' lang='lat' dir='ltr'><strong>aula</strong></span> <span class='ocrx_word' id='word_1_102' title='bbox 1409 1191 1468 1254; x_wconf 83' lang='lat' dir='ltr'><strong>usi·</strong></span> 
     </span>
     <span class='ocr_line' id='line_1_11' title="bbox 113 1279 1469 1360; baseline 0 -18"><span class='ocrx_word' id='word_1_103' title='bbox 113 1280 218 1343; x_wconf 89' lang='lat' dir='ltr'><strong>nistris</strong></span> <span class='ocrx_word' id='word_1_104' title='bbox 241 1298 396 1360; x_wconf 89' lang='lat' dir='ltr'><strong>procerum</strong></span> <span class='ocrx_word' id='word_1_105' title='bbox 418 1279 543 1358; x_wconf 87' lang='lat' dir='ltr'><strong>iugmit,</strong></span> <span class='ocrx_word' id='word_1_106' title='bbox 573 1279 601 1341; x_wconf 89' lang='lat' dir='ltr'><strong>ei</strong></span> <span class='ocrx_word' id='word_1_107' title='bbox 628 1280 685 1360; x_wconf 89' lang='lat' dir='ltr'><strong>ipsi</strong></span> <span class='ocrx_word' id='word_1_108' title='bbox 710 1298 825 1360; x_wconf 90' lang='lat' dir='ltr'><strong>quoque</strong></span> <span class='ocrx_word' id='word_1_109' title='bbox 848 1289 919 1343; x_wconf 90' lang='lat' dir='ltr'><strong>suut</strong></span> <span class='ocrx_word' id='word_1_110' title='bbox 941 1279 1074 1354; x_wconf 78' lang='lat' dir='ltr'><strong>obnoxii,</strong></span> <span class='ocrx_word' id='word_1_111' title='bbox 1103 1287 1221 1343; x_wconf 88' lang='lat' dir='ltr'><strong>tantum</strong></span> <span class='ocrx_word' id='word_1_112' title='bbox 1250 1279 1338 1344; x_wconf 88' lang='lat' dir='ltr'><strong>abest</strong></span> <span class='ocrx_word' id='word_1_113' title='bbox 1366 1287 1399 1341; x_wconf 94' lang='lat' dir='ltr'><strong>ut</strong></span> <span class='ocrx_word' id='word_1_114' title='bbox 1421 1298 1469 1342; x_wconf 89' lang='lat' dir='ltr'><strong>me</strong></span> 
     </span>
     <span class='ocr_line' id='line_1_12' title="bbox 113 1368 1468 1450; baseline 0.001 -19"><span class='ocrx_word' id='word_1_115' title='bbox 113 1370 288 1431; x_wconf 83' lang='lat' dir='ltr'><strong>defendant.</strong></span> <span class='ocrx_word' id='word_1_116' title='bbox 334 1368 382 1430; x_wconf 83' lang='lat' dir='ltr'><strong>Ex</strong></span> <span class='ocrx_word' id='word_1_117' title='bbox 406 1371 503 1431; x_wconf 88' lang='lat' dir='ltr'><strong>altera</strong></span> <span class='ocrx_word' id='word_1_118' title='bbox 525 1376 611 1450; x_wconf 87' lang='lat' dir='ltr'><strong>parte</strong></span> <span class='ocrx_word' id='word_1_119' title='bbox 640 1377 709 1431; x_wconf 91' lang='lat' dir='ltr'><strong>sunt</strong></span> <span class='ocrx_word' id='word_1_120' title='bbox 732 1369 810 1430; x_wconf 90' lang='lat' dir='ltr'><strong>iuter</strong></span> <span class='ocrx_word' id='word_1_121' title='bbox 832 1387 990 1449; x_wconf 87' lang='lat' dir='ltr'><strong>proceres,</strong></span> <span class='ocrx_word' id='word_1_122' title='bbox 1024 1368 1074 1448; x_wconf 90' lang='lat' dir='ltr'><strong>qui</strong></span> <span class='ocrx_word' id='word_1_123' title='bbox 1106 1369 1184 1450; x_wconf 91' lang='lat' dir='ltr'><strong>quod</strong></span> <span class='ocrx_word' id='word_1_124' title='bbox 1212 1368 1382 1433; x_wconf 89' lang='lat' dir='ltr'><strong>academias</strong></span> <span class='ocrx_word' id='word_1_125' title='bbox 1410 1369 1468 1432; x_wconf 90' lang='lat' dir='ltr'><strong>ad-</strong></span> 
     </span>
     <span class='ocr_line' id='line_1_13' title="bbox 112 1457 1468 1540; baseline -0.001 -19"><span class='ocrx_word' id='word_1_126' title='bbox 112 1459 224 1521; x_wconf 84' lang='lat' dir='ltr'><strong>iverint</strong></span> <span class='ocrx_word' id='word_1_127' title='bbox 247 1458 415 1540; x_wconf 90' lang='lat' dir='ltr'><strong>opinionem</strong></span> <span class='ocrx_word' id='word_1_128' title='bbox 438 1457 551 1520; x_wconf 90' lang='lat' dir='ltr'><strong>babent</strong></span> <span class='ocrx_word' id='word_1_129' title='bbox 574 1458 758 1532; x_wconf 87' lang='lat' dir='ltr'><strong>eruditionis,</strong></span> <span class='ocrx_word' id='word_1_130' title='bbox 784 1458 890 1540; x_wconf 87' lang='lat' dir='ltr'><strong>quibus</strong></span> <span class='ocrx_word' id='word_1_131' title='bbox 909 1458 965 1520; x_wconf 91' lang='lat' dir='ltr'><strong>hoc</strong></span> <span class='ocrx_word' id='word_1_132' title='bbox 985 1466 1122 1537; x_wconf 83' lang='lat' dir='ltr'><strong>praestat</strong></span> <span class='ocrx_word' id='word_1_133' title='bbox 1145 1458 1312 1533; x_wconf 85' lang='lat' dir='ltr'><strong>literatura,</strong></span> <span class='ocrx_word' id='word_1_134' title='bbox 1337 1467 1371 1520; x_wconf 90' lang='lat' dir='ltr'><strong>ut</strong></span> <span class='ocrx_word' id='word_1_135' title='bbox 1394 1477 1468 1521; x_wconf 93' lang='lat' dir='ltr'><strong>con-</strong></span> 
     </span>
     <span class='ocr_line' id='line_1_14' title="bbox 112 1546 1466 1630; baseline 0.001 -21"><span class='ocrx_word' id='word_1_136' title='bbox 112 1548 238 1610; x_wconf 84' lang='lat' dir='ltr'><strong>fidentia</strong></span> <span class='ocrx_word' id='word_1_137' title='bbox 257 1547 387 1630; x_wconf 92' lang='lat' dir='ltr'><strong>quadam</strong></span> <span class='ocrx_word' id='word_1_138' title='bbox 400 1554 524 1610; x_wconf 89' lang='lat' dir='ltr'><strong>utantur</strong></span> <span class='ocrx_word' id='word_1_139' title='bbox 546 1547 576 1609; x_wconf 92' lang='lat' dir='ltr'><strong>iu</strong></span> <span class='ocrx_word' id='word_1_140' title='bbox 600 1548 825 1610; x_wconf 84' lang='lat' dir='ltr'><strong>contemnendis</strong></span> <span class='ocrx_word' id='word_1_141' title='bbox 847 1548 930 1609; x_wconf 89' lang='lat' dir='ltr'><strong>hisce</strong></span> <span class='ocrx_word' id='word_1_142' title='bbox 953 1546 1176 1610; x_wconf 88' lang='lat' dir='ltr'><strong>mathematicis</strong></span> <span class='ocrx_word' id='word_1_143' title='bbox 1199 1548 1466 1629; x_wconf 89' lang='lat' dir='ltr'><strong>speculationibus.</strong></span> 
     </span>
     <span class='ocr_line' id='line_1_15' title="bbox 111 1636 1467 1718; baseline -0.001 -19"><span class='ocrx_word' id='word_1_144' title='bbox 111 1639 212 1699; x_wconf 89' lang='lat' dir='ltr'><strong>Penes</strong></span> <span class='ocrx_word' id='word_1_145' title='bbox 235 1656 310 1718; x_wconf 91' lang='lat' dir='ltr'><strong>qnos</strong></span> <span class='ocrx_word' id='word_1_146' title='bbox 334 1656 400 1699; x_wconf 91' lang='lat' dir='ltr'><strong>cum</strong></span> <span class='ocrx_word' id='word_1_147' title='bbox 423 1636 465 1698; x_wconf 92' lang='lat' dir='ltr'><strong>sit</strong></span> <span class='ocrx_word' id='word_1_148' title='bbox 488 1636 531 1698; x_wconf 90' lang='lat' dir='ltr'><strong>rei</strong></span> <span class='ocrx_word' id='word_1_149' title='bbox 554 1656 679 1712; x_wconf 89' lang='lat' dir='ltr'><strong>summa,</strong></span> <span class='ocrx_word' id='word_1_150' title='bbox 704 1637 814 1712; x_wconf 86' lang='lat' dir='ltr'><strong>nescio,</strong></span> <span class='ocrx_word' id='word_1_151' title='bbox 839 1656 927 1717; x_wconf 90' lang='lat' dir='ltr'><strong>quam</strong></span> <span class='ocrx_word' id='word_1_152' title='bbox 952 1637 1002 1698; x_wconf 92' lang='lat' dir='ltr'><strong>din</strong></span> <span class='ocrx_word' id='word_1_153' title='bbox 1021 1655 1068 1698; x_wconf 86' lang='lat' dir='ltr'><strong>rue</strong></span> <span class='ocrx_word' id='word_1_154' title='bbox 1087 1644 1224 1699; x_wconf 82' lang='lat' dir='ltr'><strong>tutatuta</strong></span> <span class='ocrx_word' id='word_1_155' title='bbox 1247 1636 1288 1699; x_wconf 91' lang='lat' dir='ltr'><strong>eit</strong></span> <span class='ocrx_word' id='word_1_156' title='bbox 1311 1637 1467 1718; x_wconf 88' lang='lat' dir='ltr'><strong>iuspecto-</strong></span> 
     </span>
     <span class='ocr_line' id='line_1_16' title="bbox 112 1725 1468 1807; baseline -0.001 -18"><span class='ocrx_word' id='word_1_157' title='bbox 112 1747 176 1789; x_wconf 90' lang='lat' dir='ltr'><strong>rum</strong></span> <span class='ocrx_word' id='word_1_158' title='bbox 201 1726 350 1789; x_wconf 86' lang='lat' dir='ltr'><strong>autoritas</strong></span> <span class='ocrx_word' id='word_1_159' title='bbox 374 1734 479 1788; x_wconf 88' lang='lat' dir='ltr'><strong>contra</strong></span> <span class='ocrx_word' id='word_1_160' title='bbox 501 1725 617 1788; x_wconf 92' lang='lat' dir='ltr'><strong>illorum</strong></span> <span class='ocrx_word' id='word_1_161' title='bbox 640 1725 791 1801; x_wconf 90' lang='lat' dir='ltr'><strong>invidiam,</strong></span> <span class='ocrx_word' id='word_1_162' title='bbox 816 1727 875 1807; x_wconf 92' lang='lat' dir='ltr'><strong>qui,</strong></span> <span class='ocrx_word' id='word_1_163' title='bbox 899 1734 932 1787; x_wconf 91' lang='lat' dir='ltr'><strong>ut</strong></span> <span class='ocrx_word' id='word_1_164' title='bbox 956 1725 1025 1787; x_wconf 92' lang='lat' dir='ltr'><strong>olim</strong></span> <span class='ocrx_word' id='word_1_165' title='bbox 1043 1726 1207 1798; x_wconf 89' lang='lat' dir='ltr'><strong>Florentiui</strong></span> <span class='ocrx_word' id='word_1_166' title='bbox 1230 1733 1336 1788; x_wconf 89' lang='lat' dir='ltr'><strong>contra</strong></span> <span class='ocrx_word' id='word_1_167' title='bbox 1350 1726 1468 1788; x_wconf 91' lang='lat' dir='ltr'><strong>Philel-</strong></span> 
     </span>
     <span class='ocr_line' id='line_1_17' title="bbox 111 1815 1467 1897; baseline 0 -18"><span class='ocrx_word' id='word_1_168' title='bbox 111 1818 214 1897; x_wconf 92' lang='lat' dir='ltr'><strong>phum,</strong></span> <span class='ocrx_word' id='word_1_169' title='bbox 240 1816 284 1879; x_wconf 91' lang='lat' dir='ltr'><strong>sic</strong></span> <span class='ocrx_word' id='word_1_170' title='bbox 307 1815 395 1877; x_wconf 90' lang='lat' dir='ltr'><strong>hodie</strong></span> <span class='ocrx_word' id='word_1_171' title='bbox 419 1824 525 1877; x_wconf 79' lang='lat' dir='ltr'><strong>contm</strong></span> <span class='ocrx_word' id='word_1_172' title='bbox 547 1834 594 1877; x_wconf 90' lang='lat' dir='ltr'><strong>me</strong></span> <span class='ocrx_word' id='word_1_173' title='bbox 618 1816 783 1890; x_wconf 88' lang='lat' dir='ltr'><strong>clamitant,</strong></span> <span class='ocrx_word' id='word_1_174' title='bbox 808 1818 856 1879; x_wconf 92' lang='lat' dir='ltr'><strong>vel</strong></span> <span class='ocrx_word' id='word_1_175' title='bbox 879 1824 961 1877; x_wconf 90' lang='lat' dir='ltr'><strong>certe</strong></span> <span class='ocrx_word' id='word_1_176' title='bbox 985 1816 1160 1890; x_wconf 89' lang='lat' dir='ltr'><strong>mussitant,</strong></span> <span class='ocrx_word' id='word_1_177' title='bbox 1185 1836 1243 1879; x_wconf 92' lang='lat' dir='ltr'><strong>non</strong></span> <span class='ocrx_word' id='word_1_178' title='bbox 1263 1817 1326 1897; x_wconf 90' lang='lat' dir='ltr'><strong>jam</strong></span> <span class='ocrx_word' id='word_1_179' title='bbox 1350 1824 1467 1897; x_wconf 90' lang='lat' dir='ltr'><strong>tempus</strong></span> 
     </span>
     <span class='ocr_line' id='line_1_18' title="bbox 113 1902 1468 1988; baseline 0.001 -21"><span class='ocrx_word' id='word_1_180' title='bbox 113 1925 179 1968; x_wconf 88' lang='lat' dir='ltr'><strong>esse</strong></span> <span class='ocrx_word' id='word_1_181' title='bbox 210 1905 360 1981; x_wconf 88' lang='lat' dir='ltr'><strong>discendi,</strong></span> <span class='ocrx_word' id='word_1_182' title='bbox 391 1904 445 1965; x_wconf 90' lang='lat' dir='ltr'><strong>sed</strong></span> <span class='ocrx_word' id='word_1_183' title='bbox 472 1904 689 1984; x_wconf 89' lang='lat' dir='ltr'><strong>belligerandi;</strong></span> <span class='ocrx_word' id='word_1_184' title='bbox 716 1905 791 1967; x_wconf 90' lang='lat' dir='ltr'><strong>irem</strong></span> <span class='ocrx_word' id='word_1_185' title='bbox 818 1905 918 1985; x_wconf 91' lang='lat' dir='ltr'><strong>potius</strong></span> <span class='ocrx_word' id='word_1_186' title='bbox 947 1905 977 1967; x_wconf 94' lang='lat' dir='ltr'><strong>in</strong></span> <span class='ocrx_word' id='word_1_187' title='bbox 1002 1902 1210 1981; x_wconf 87' lang='lat' dir='ltr'><strong>Germaniam,</strong></span> <span class='ocrx_word' id='word_1_188' title='bbox 1227 1920 1317 1988; x_wconf 84' lang='lat' dir='ltr'><strong>&#39;quae</strong></span> <span class='ocrx_word' id='word_1_189' title='bbox 1341 1925 1399 1967; x_wconf 93' lang='lat' dir='ltr'><strong>uon</strong></span> <span class='ocrx_word' id='word_1_190' title='bbox 1422 1905 1468 1968; x_wconf 92' lang='lat' dir='ltr'><strong>ita</strong></span> 
     </span>
     <span class='ocr_line' id='line_1_19' title="bbox 111 1993 1466 2075; baseline -0.001 -17"><span class='ocrx_word' id='word_1_191' title='bbox 111 2001 265 2075; x_wconf 87' lang='lat' dir='ltr'><strong>prematur</strong></span> <span class='ocrx_word' id='word_1_192' title='bbox 288 1993 504 2057; x_wconf 84' lang='lat' dir='ltr'><strong>incursionibus</strong></span> <span class='ocrx_word' id='word_1_193' title='bbox 528 1993 672 2056; x_wconf 82' lang='lat' dir='ltr'><strong>Tuscicis.</strong></span> <span class='ocrx_word' id='word_1_194' title='bbox 720 1993 835 2066; x_wconf 83' lang='lat' dir='ltr'><strong>Quibus</strong></span> <span class='ocrx_word' id='word_1_195' title='bbox 860 1995 994 2057; x_wconf 89' lang='lat' dir='ltr'><strong>omnibus</strong></span> <span class='ocrx_word' id='word_1_196' title='bbox 1018 1994 1144 2074; x_wconf 91' lang='lat' dir='ltr'><strong>aliisque</strong></span> <span class='ocrx_word' id='word_1_197' title='bbox 1168 1995 1204 2057; x_wconf 93' lang='lat' dir='ltr'><strong>de</strong></span> <span class='ocrx_word' id='word_1_198' title='bbox 1228 1995 1327 2057; x_wconf 88' lang='lat' dir='ltr'><strong>causis</strong></span> <span class='ocrx_word' id='word_1_199' title='bbox 1351 1995 1466 2075; x_wconf 90' lang='lat' dir='ltr'><strong>opinor,</strong></span> 
     </span>
     <span class='ocr_line' id='line_1_20' title="bbox 112 2082 1465 2165; baseline 0 -20"><span class='ocrx_word' id='word_1_200' title='bbox 112 2094 288 2147; x_wconf 81' lang='lat' dir='ltr'><strong>excusatam</strong></span> <span class='ocrx_word' id='word_1_201' title='bbox 311 2104 378 2146; x_wconf 89' lang='lat' dir='ltr'><strong>esse</strong></span> <span class='ocrx_word' id='word_1_202' title='bbox 403 2084 482 2165; x_wconf 92' lang='lat' dir='ltr'><strong>apud</strong></span> <span class='ocrx_word' id='word_1_203' title='bbox 506 2092 536 2145; x_wconf 89' lang='lat' dir='ltr'><strong>te</strong></span> <span class='ocrx_word' id='word_1_204' title='bbox 559 2083 635 2145; x_wconf 93' lang='lat' dir='ltr'><strong>hanc</strong></span> <span class='ocrx_word' id='word_1_205' title='bbox 658 2084 892 2164; x_wconf 88' lang='lat' dir='ltr'><strong>inquietudinem</strong></span> <span class='ocrx_word' id='word_1_206' title='bbox 916 2092 946 2146; x_wconf 87' lang='lat' dir='ltr'><strong>et</strong></span> <span class='ocrx_word' id='word_1_207' title='bbox 969 2083 1190 2164; x_wconf 89' lang='lat' dir='ltr'><strong>impatientiam</strong></span> <span class='ocrx_word' id='word_1_208' title='bbox 1209 2104 1314 2147; x_wconf 90' lang='lat' dir='ltr'><strong>meam.</strong></span> <span class='ocrx_word' id='word_1_209' title='bbox 1355 2082 1465 2159; x_wconf 86' lang='lat' dir='ltr'><strong>Quare,</strong></span> 
     </span>
     <span class='ocr_line' id='line_1_21' title="bbox 113 2172 1466 2254; baseline 0.001 -20"><span class='ocrx_word' id='word_1_210' title='bbox 113 2183 147 2234; x_wconf 92' lang='lat' dir='ltr'><strong>ut</strong></span> <span class='ocrx_word' id='word_1_211' title='bbox 170 2173 358 2246; x_wconf 89' lang='lat' dir='ltr'><strong>concludam,</strong></span> <span class='ocrx_word' id='word_1_212' title='bbox 387 2192 524 2235; x_wconf 86' lang='lat' dir='ltr'><strong>reversus</strong></span> <span class='ocrx_word' id='word_1_213' title='bbox 552 2172 591 2234; x_wconf 91' lang='lat' dir='ltr'><strong>ad</strong></span> <span class='ocrx_word' id='word_1_214' title='bbox 618 2172 805 2254; x_wconf 89' lang='lat' dir='ltr'><strong>principium,</strong></span> <span class='ocrx_word' id='word_1_215' title='bbox 835 2193 901 2237; x_wconf 92' lang='lat' dir='ltr'><strong>cum</strong></span> <span class='ocrx_word' id='word_1_216' title='bbox 930 2191 987 2234; x_wconf 93' lang='lat' dir='ltr'><strong>non</strong></span> <span class='ocrx_word' id='word_1_217' title='bbox 1015 2173 1115 2253; x_wconf 89' lang='lat' dir='ltr'><strong>possit</strong></span> <span class='ocrx_word' id='word_1_218' title='bbox 1138 2193 1205 2236; x_wconf 87' lang='lat' dir='ltr'><strong>esee</strong></span> <span class='ocrx_word' id='word_1_219' title='bbox 1230 2174 1370 2237; x_wconf 91' lang='lat' dir='ltr'><strong>diuturna</strong></span> <span class='ocrx_word' id='word_1_220' title='bbox 1392 2174 1466 2236; x_wconf 89' lang='lat' dir='ltr'><strong>haec</strong></span> 
     </span>
     <span class='ocr_line' id='line_1_22' title="bbox 111 2261 1466 2345; baseline -0.001 -20"><span class='ocrx_word' id='word_1_221' title='bbox 111 2283 181 2325; x_wconf 88' lang='lat' dir='ltr'><strong>mea</strong></span> <span class='ocrx_word' id='word_1_222' title='bbox 204 2262 344 2337; x_wconf 86' lang='lat' dir='ltr'><strong>conditio,</strong></span> <span class='ocrx_word' id='word_1_223' title='bbox 369 2262 503 2325; x_wconf 89' lang='lat' dir='ltr'><strong>omnibus</strong></span> <span class='ocrx_word' id='word_1_224' title='bbox 527 2261 623 2325; x_wconf 89' lang='lat' dir='ltr'><strong>modis</strong></span> <span class='ocrx_word' id='word_1_225' title='bbox 647 2284 666 2324; x_wconf 90' lang='lat' dir='ltr'><strong>a</strong></span> <span class='ocrx_word' id='word_1_226' title='bbox 689 2270 719 2324; x_wconf 91' lang='lat' dir='ltr'><strong>te</strong></span> <span class='ocrx_word' id='word_1_227' title='bbox 742 2272 828 2342; x_wconf 91' lang='lat' dir='ltr'><strong>peto,</strong></span> <span class='ocrx_word' id='word_1_228' title='bbox 855 2270 888 2324; x_wconf 94' lang='lat' dir='ltr'><strong>ut</strong></span> <span class='ocrx_word' id='word_1_229' title='bbox 911 2281 1000 2343; x_wconf 90' lang='lat' dir='ltr'><strong>super</strong></span> <span class='ocrx_word' id='word_1_230' title='bbox 1022 2263 1079 2324; x_wconf 90' lang='lat' dir='ltr'><strong>hac</strong></span> <span class='ocrx_word' id='word_1_231' title='bbox 1103 2282 1169 2324; x_wconf 89' lang='lat' dir='ltr'><strong>mea</strong></span> <span class='ocrx_word' id='word_1_232' title='bbox 1192 2281 1335 2345; x_wconf 89' lang='lat' dir='ltr'><strong>perquam</strong></span> <span class='ocrx_word' id='word_1_233' title='bbox 1358 2281 1466 2324; x_wconf 89' lang='lat' dir='ltr'><strong>ueces-</strong></span> 
     </span>
     <span class='ocr_line' id='line_1_23' title="bbox 110 2351 1466 2434; baseline -0.001 -21"><span class='ocrx_word' id='word_1_234' title='bbox 110 2353 193 2414; x_wconf 88' lang='lat' dir='ltr'><strong>saria</strong></span> <span class='ocrx_word' id='word_1_235' title='bbox 217 2352 435 2414; x_wconf 89' lang='lat' dir='ltr'><strong>consultatione</strong></span> <span class='ocrx_word' id='word_1_236' title='bbox 460 2351 532 2414; x_wconf 91' lang='lat' dir='ltr'><strong>mihi</strong></span> <span class='ocrx_word' id='word_1_237' title='bbox 555 2351 645 2413; x_wconf 90' lang='lat' dir='ltr'><strong>animi</strong></span> <span class='ocrx_word' id='word_1_238' title='bbox 668 2351 711 2413; x_wconf 91' lang='lat' dir='ltr'><strong>tui</strong></span> <span class='ocrx_word' id='word_1_239' title='bbox 735 2371 826 2413; x_wconf 91' lang='lat' dir='ltr'><strong>seusa</strong></span> <span class='ocrx_word' id='word_1_240' title='bbox 849 2352 985 2432; x_wconf 86' lang='lat' dir='ltr'><strong>aporiae:</strong></span> <span class='ocrx_word' id='word_1_241' title='bbox 1011 2360 1099 2433; x_wconf 90' lang='lat' dir='ltr'><strong>teque</strong></span> <span class='ocrx_word' id='word_1_242' title='bbox 1119 2353 1215 2433; x_wconf 90' lang='lat' dir='ltr'><strong>ipsum</strong></span> <span class='ocrx_word' id='word_1_243' title='bbox 1237 2353 1374 2434; x_wconf 89' lang='lat' dir='ltr'><strong>fingendo</strong></span> <span class='ocrx_word' id='word_1_244' title='bbox 1399 2370 1466 2414; x_wconf 92' lang='lat' dir='ltr'><strong>meo</strong></span> 
     </span>
     <span class='ocr_line' id='line_1_24' title="bbox 110 2441 1466 2522; baseline -0.001 -19"><span class='ocrx_word' id='word_1_245' title='bbox 110 2443 138 2503; x_wconf 93' lang='lat' dir='ltr'><strong>in</strong></span> <span class='ocrx_word' id='word_1_246' title='bbox 153 2442 222 2504; x_wconf 90' lang='lat' dir='ltr'><strong>loco</strong></span> <span class='ocrx_word' id='word_1_247' title='bbox 237 2442 414 2515; x_wconf 90' lang='lat' dir='ltr'><strong>constituas,</strong></span> <span class='ocrx_word' id='word_1_248' title='bbox 439 2450 479 2517; x_wconf 91' lang='lat' dir='ltr'><strong>et,</strong></span> <span class='ocrx_word' id='word_1_249' title='bbox 505 2441 576 2522; x_wconf 92' lang='lat' dir='ltr'><strong>quid</strong></span> <span class='ocrx_word' id='word_1_250' title='bbox 591 2450 623 2502; x_wconf 91' lang='lat' dir='ltr'><strong>tu</strong></span> <span class='ocrx_word' id='word_1_251' title='bbox 639 2442 773 2502; x_wconf 89' lang='lat' dir='ltr'><strong>facturus</strong></span> <span class='ocrx_word' id='word_1_252' title='bbox 790 2441 826 2502; x_wconf 93' lang='lat' dir='ltr'><strong>de</strong></span> <span class='ocrx_word' id='word_1_253' title='bbox 841 2441 1020 2522; x_wconf 84' lang='lat' dir='ltr'><strong>migratione</strong></span> <span class='ocrx_word' id='word_1_254' title='bbox 1037 2460 1131 2516; x_wconf 89' lang='lat' dir='ltr'><strong>esses,</strong></span> <span class='ocrx_word' id='word_1_255' title='bbox 1157 2443 1279 2505; x_wconf 89' lang='lat' dir='ltr'><strong>iudices.</strong></span> <span class='ocrx_word' id='word_1_256' title='bbox 1319 2443 1466 2505; x_wconf 83' lang='lat' dir='ltr'><strong>Totumne</strong></span> 
     </span>
     <span class='ocr_line' id='line_1_25' title="bbox 111 2528 1466 2612; baseline 0 -21"><span class='ocrx_word' id='word_1_257' title='bbox 111 2532 207 2593; x_wconf 89' lang='lat' dir='ltr'><strong>sitet</strong></span> <span class='ocrx_word' id='word_1_258' title='bbox 231 2530 401 2611; x_wconf 84' lang='lat' dir='ltr'><strong>expeditum</strong></span> <span class='ocrx_word' id='word_1_259' title='bbox 425 2538 544 2593; x_wconf 89' lang='lat' dir='ltr'><strong>etcum</strong></span> <span class='ocrx_word' id='word_1_260' title='bbox 568 2549 621 2608; x_wconf 92' lang='lat' dir='ltr'><strong>spe</strong></span> <span class='ocrx_word' id='word_1_261' title='bbox 645 2528 839 2609; x_wconf 89' lang='lat' dir='ltr'><strong>promotionis</strong></span> <span class='ocrx_word' id='word_1_262' title='bbox 864 2530 1012 2605; x_wconf 87' lang='lat' dir='ltr'><strong>futurum,</strong></span> <span class='ocrx_word' id='word_1_263' title='bbox 1049 2531 1075 2592; x_wconf 89' lang='lat' dir='ltr'><strong>si</strong></span> <span class='ocrx_word' id='word_1_264' title='bbox 1108 2531 1275 2612; x_wconf 87' lang='lat' dir='ltr'><strong>Tubingam</strong></span> <span class='ocrx_word' id='word_1_265' title='bbox 1307 2550 1353 2593; x_wconf 91' lang='lat' dir='ltr'><strong>me</strong></span> <span class='ocrx_word' id='word_1_266' title='bbox 1391 2550 1466 2592; x_wconf 89' lang='lat' dir='ltr'><strong>con·</strong></span> 
     </span>
     <span class='ocr_line' id='line_1_26' title="bbox 115 2619 1466 2700; baseline 0 -20"><span class='ocrx_word' id='word_1_267' title='bbox 115 2621 224 2693; x_wconf 86' lang='lat' dir='ltr'><strong>leram;</strong></span> <span class='ocrx_word' id='word_1_268' title='bbox 258 2640 296 2682; x_wconf 87' lang='lat' dir='ltr'><strong>an</strong></span> <span class='ocrx_word' id='word_1_269' title='bbox 328 2627 465 2700; x_wconf 88' lang='lat' dir='ltr'><strong>praestet</strong></span> <span class='ocrx_word' id='word_1_270' title='bbox 494 2619 524 2681; x_wconf 91' lang='lat' dir='ltr'><strong>in</strong></span> <span class='ocrx_word' id='word_1_271' title='bbox 557 2619 648 2681; x_wconf 91' lang='lat' dir='ltr'><strong>aliam</strong></span> <span class='ocrx_word' id='word_1_272' title='bbox 680 2619 809 2680; x_wconf 88' lang='lat' dir='ltr'><strong>transire</strong></span> <span class='ocrx_word' id='word_1_273' title='bbox 842 2619 1051 2682; x_wconf 88' lang='lat' dir='ltr'><strong>academiam?</strong></span> <span class='ocrx_word' id='word_1_274' title='bbox 1097 2619 1131 2682; x_wconf 92' lang='lat' dir='ltr'><strong>Si</strong></span> <span class='ocrx_word' id='word_1_275' title='bbox 1159 2621 1255 2683; x_wconf 88' lang='lat' dir='ltr'><strong>miuus</strong></span> <span class='ocrx_word' id='word_1_276' title='bbox 1284 2628 1386 2681; x_wconf 89' lang='lat' dir='ltr'><strong>cetera</strong></span> <span class='ocrx_word' id='word_1_277' title='bbox 1408 2619 1466 2680; x_wconf 93' lang='lat' dir='ltr'><strong>huc</strong></span> 
     </span>
     <span class='ocr_line' id='line_1_27' title="bbox 116 2708 1465 2790; baseline 0 -20"><span class='ocrx_word' id='word_1_278' title='bbox 116 2708 257 2775; x_wconf 83' lang='lat' dir='ltr'><strong>facientia</strong></span> <span class='ocrx_word' id='word_1_279' title='bbox 281 2709 319 2770; x_wconf 87' lang='lat' dir='ltr'><strong>ad</strong></span> <span class='ocrx_word' id='word_1_280' title='bbox 341 2728 388 2770; x_wconf 90' lang='lat' dir='ltr'><strong>me</strong></span> <span class='ocrx_word' id='word_1_281' title='bbox 410 2709 457 2770; x_wconf 88' lang='lat' dir='ltr'><strong>vis</strong></span> <span class='ocrx_word' id='word_1_282' title='bbox 479 2709 672 2789; x_wconf 89' lang='lat' dir='ltr'><strong>perscribere,</strong></span> <span class='ocrx_word' id='word_1_283' title='bbox 697 2726 825 2787; x_wconf 88' lang='lat' dir='ltr'><strong>parcens</strong></span> <span class='ocrx_word' id='word_1_284' title='bbox 840 2709 970 2770; x_wconf 75' lang='lat' dir='ltr'><strong>fortasse</strong></span> <span class='ocrx_word' id='word_1_285' title='bbox 990 2709 1118 2789; x_wconf 86' lang='lat' dir='ltr'><strong>privatis</strong></span> <span class='ocrx_word' id='word_1_286' title='bbox 1142 2709 1290 2790; x_wconf 91' lang='lat' dir='ltr'><strong>aliquibus</strong></span> <span class='ocrx_word' id='word_1_287' title='bbox 1315 2716 1368 2773; x_wconf 93' lang='lat' dir='ltr'><strong>aut</strong></span> <span class='ocrx_word' id='word_1_288' title='bbox 1390 2728 1465 2770; x_wconf 90' lang='lat' dir='ltr'><strong>aca-</strong></span> 
     </span>
     <span class='ocr_line' id='line_1_28' title="bbox 114 2797 1463 2880; baseline -0.001 -21"><span class='ocrx_word' id='word_1_289' title='bbox 114 2798 227 2861; x_wconf 89' lang='lat' dir='ltr'><strong>demiae</strong></span> <span class='ocrx_word' id='word_1_290' title='bbox 251 2798 328 2873; x_wconf 89' lang='lat' dir='ltr'><strong>toti,</strong></span> <span class='ocrx_word' id='word_1_291' title='bbox 353 2806 406 2859; x_wconf 90' lang='lat' dir='ltr'><strong>aut</strong></span> <span class='ocrx_word' id='word_1_292' title='bbox 429 2798 586 2859; x_wconf 86' lang='lat' dir='ltr'><strong>consulens</strong></span> <span class='ocrx_word' id='word_1_293' title='bbox 612 2816 787 2859; x_wconf 89' lang='lat' dir='ltr'><strong>arcanorum</strong></span> <span class='ocrx_word' id='word_1_294' title='bbox 811 2797 1031 2860; x_wconf 90' lang='lat' dir='ltr'><strong>conscientiae:</strong></span> <span class='ocrx_word' id='word_1_295' title='bbox 1064 2806 1097 2860; x_wconf 90' lang='lat' dir='ltr'><strong>at</strong></span> <span class='ocrx_word' id='word_1_296' title='bbox 1120 2798 1171 2861; x_wconf 91' lang='lat' dir='ltr'><strong>illa</strong></span> <span class='ocrx_word' id='word_1_297' title='bbox 1195 2798 1334 2880; x_wconf 89' lang='lat' dir='ltr'><strong>vulgaria</strong></span> <span class='ocrx_word' id='word_1_298' title='bbox 1356 2797 1463 2873; x_wconf 89' lang='lat' dir='ltr'><strong>scribe,</strong></span> 
     </span>
     <span class='ocr_line' id='line_1_29' title="bbox 110 2885 1466 2969; baseline -0.001 -20"><span class='ocrx_word' id='word_1_299' title='bbox 110 2888 189 2968; x_wconf 94' lang='lat' dir='ltr'><strong>qnod</strong></span> <span class='ocrx_word' id='word_1_300' title='bbox 211 2887 341 2969; x_wconf 89' lang='lat' dir='ltr'><strong>pretium</strong></span> <span class='ocrx_word' id='word_1_301' title='bbox 363 2888 434 2962; x_wconf 90' lang='lat' dir='ltr'><strong>vini,</strong></span> <span class='ocrx_word' id='word_1_302' title='bbox 461 2886 613 2960; x_wconf 80' lang='lat' dir='ltr'><strong>frumenti,</strong></span> <span class='ocrx_word' id='word_1_303' title='bbox 638 2887 686 2968; x_wconf 92' lang='lat' dir='ltr'><strong>qui</strong></span> <span class='ocrx_word' id='word_1_304' title='bbox 710 2894 895 2949; x_wconf 88' lang='lat' dir='ltr'><strong>commeatus</strong></span> <span class='ocrx_word' id='word_1_305' title='bbox 919 2887 1107 2969; x_wconf 83' lang='lat' dir='ltr'><strong>cupediarios</strong></span> <span class='ocrx_word' id='word_1_306' title='bbox 1131 2890 1204 2961; x_wconf 88' lang='lat' dir='ltr'><strong>(non</strong></span> <span class='ocrx_word' id='word_1_307' title='bbox 1229 2888 1307 2950; x_wconf 84' lang='lat' dir='ltr'><strong>enirn</strong></span> <span class='ocrx_word' id='word_1_308' title='bbox 1330 2885 1466 2950; x_wconf 85' lang='lat' dir='ltr'><strong>assuevit</strong></span> 
     </span>
     <span class='ocr_line' id='line_1_30' title="bbox 108 2975 1463 3056; baseline -0.001 -19"><span class='ocrx_word' id='word_1_309' title='bbox 108 2995 184 3038; x_wconf 81' lang='lat' dir='ltr'><strong>uxor</strong></span> <span class='ocrx_word' id='word_1_310' title='bbox 207 2995 275 3038; x_wconf 88' lang='lat' dir='ltr'><strong>mea</strong></span> <span class='ocrx_word' id='word_1_311' title='bbox 297 2975 375 3037; x_wconf 86' lang='lat' dir='ltr'><strong>sabis</strong></span> <span class='ocrx_word' id='word_1_312' title='bbox 398 2977 551 3049; x_wconf 84' lang='lat' dir='ltr'><strong>victitare)</strong></span> <span class='ocrx_word' id='word_1_313' title='bbox 576 2976 625 3056; x_wconf 91' lang='lat' dir='ltr'><strong>qui</strong></span> <span class='ocrx_word' id='word_1_314' title='bbox 648 2977 752 3039; x_wconf 92' lang='lat' dir='ltr'><strong>modus</strong></span> <span class='ocrx_word' id='word_1_315' title='bbox 780 2977 1037 3040; x_wconf 78' lang='lat' dir='ltr'><strong>conducendorum</strong></span> <span class='ocrx_word' id='word_1_316' title='bbox 1065 2978 1196 3052; x_wconf 89' lang='lat' dir='ltr'><strong>aedium,</strong></span> <span class='ocrx_word' id='word_1_317' title='bbox 1226 2986 1257 3039; x_wconf 89' lang='lat' dir='ltr'><strong>et</strong></span> <span class='ocrx_word' id='word_1_318' title='bbox 1284 2975 1314 3038; x_wconf 92' lang='lat' dir='ltr'><strong>iu</strong></span> <span class='ocrx_word' id='word_1_319' title='bbox 1343 2994 1463 3056; x_wconf 88' lang='lat' dir='ltr'><strong>genere,</strong></span> 
     </span>
     <span class='ocr_line' id='line_1_31' title="bbox 107 3065 1462 3147; baseline 0 -21"><span class='ocrx_word' id='word_1_320' title='bbox 107 3073 222 3146; x_wconf 83' lang='lat' dir='ltr'><strong>quanto</strong></span> <span class='ocrx_word' id='word_1_321' title='bbox 246 3074 344 3127; x_wconf 89' lang='lat' dir='ltr'><strong>sumtu</strong></span> <span class='ocrx_word' id='word_1_322' title='bbox 367 3065 431 3128; x_wconf 87' lang='lat' dir='ltr'><strong>vita</strong></span> <span class='ocrx_word' id='word_1_323' title='bbox 454 3073 580 3147; x_wconf 90' lang='lat' dir='ltr'><strong>quatuor</strong></span> <span class='ocrx_word' id='word_1_324' title='bbox 602 3065 650 3127; x_wconf 89' lang='lat' dir='ltr'><strong>vel</strong></span> <span class='ocrx_word' id='word_1_325' title='bbox 678 3065 804 3147; x_wconf 86' lang='lat' dir='ltr'><strong>quinque</strong></span> <span class='ocrx_word' id='word_1_326' title='bbox 833 3067 983 3129; x_wconf 87' lang='lat' dir='ltr'><strong>hominurn</strong></span> <span class='ocrx_word' id='word_1_327' title='bbox 1011 3067 1174 3147; x_wconf 87' lang='lat' dir='ltr'><strong>vulgariter</strong></span> <span class='ocrx_word' id='word_1_328' title='bbox 1197 3067 1226 3129; x_wconf 94' lang='lat' dir='ltr'><strong>in</strong></span> <span class='ocrx_word' id='word_1_329' title='bbox 1251 3085 1359 3128; x_wconf 91' lang='lat' dir='ltr'><strong>annum</strong></span> <span class='ocrx_word' id='word_1_330' title='bbox 1382 3067 1462 3129; x_wconf 91' lang='lat' dir='ltr'><strong>tole-</strong></span> 
     </span>
     <span class='ocr_line' id='line_1_32' title="bbox 108 3152 1464 3237; baseline -0.001 -20"><span class='ocrx_word' id='word_1_331' title='bbox 108 3155 216 3217; x_wconf 88' lang='lat' dir='ltr'><strong>retur?</strong></span> <span class='ocrx_word' id='word_1_332' title='bbox 252 3155 310 3216; x_wconf 90' lang='lat' dir='ltr'><strong>Hic</strong></span> <span class='ocrx_word' id='word_1_333' title='bbox 333 3163 399 3218; x_wconf 90' lang='lat' dir='ltr'><strong>esto</strong></span> <span class='ocrx_word' id='word_1_334' title='bbox 423 3155 610 3217; x_wconf 86' lang='lat' dir='ltr'><strong>necessarius</strong></span> <span class='ocrx_word' id='word_1_335' title='bbox 635 3155 838 3235; x_wconf 86' lang='lat' dir='ltr'><strong>responsionis</strong></span> <span class='ocrx_word' id='word_1_336' title='bbox 862 3165 932 3220; x_wconf 91' lang='lat' dir='ltr'><strong>tuae</strong></span> <span class='ocrx_word' id='word_1_337' title='bbox 957 3176 1075 3237; x_wconf 91' lang='lat' dir='ltr'><strong>scopus.</strong></span> <span class='ocrx_word' id='word_1_338' title='bbox 1123 3157 1173 3218; x_wconf 90' lang='lat' dir='ltr'><strong>Ad</strong></span> <span class='ocrx_word' id='word_1_339' title='bbox 1196 3163 1298 3218; x_wconf 90' lang='lat' dir='ltr'><strong>cetera</strong></span> <span class='ocrx_word' id='word_1_340' title='bbox 1323 3175 1382 3218; x_wconf 92' lang='lat' dir='ltr'><strong>non</strong></span> <span class='ocrx_word' id='word_1_341' title='bbox 1406 3152 1464 3217; x_wconf 89' lang='lat' dir='ltr'><strong>ulei</strong></span> 
     </span>
    </p>
   </div>
   <div class='ocr_carea' id='block_1_3' title="bbox 108 3243 1573 3326">
    <p class='ocr_par' dir='ltr' id='par_1_3' title="bbox 108 3243 1573 3326">
     <span class='ocr_line' id='line_1_33' title="bbox 108 3243 1573 3326; baseline 0 -21"><span class='ocrx_word' id='word_1_342' title='bbox 108 3263 165 3324; x_wconf 92' lang='lat' dir='ltr'><strong>per</strong></span> <span class='ocrx_word' id='word_1_343' title='bbox 189 3244 292 3306; x_wconf 91' lang='lat' dir='ltr'><strong>otium.</strong></span> <span class='ocrx_word' id='word_1_344' title='bbox 325 3243 453 3326; x_wconf 90' lang='lat' dir='ltr'><strong>Jamque</strong></span> <span class='ocrx_word' id='word_1_345' title='bbox 477 3245 599 3306; x_wconf 91' lang='lat' dir='ltr'><strong>tandem</strong></span> <span class='ocrx_word' id='word_1_346' title='bbox 617 3245 694 3318; x_wconf 92' lang='lat' dir='ltr'><strong>vale,</strong></span> <span class='ocrx_word' id='word_1_347' title='bbox 719 3253 750 3306; x_wconf 91' lang='lat' dir='ltr'><strong>et</strong></span> <span class='ocrx_word' id='word_1_348' title='bbox 772 3243 818 3307; x_wconf 90' lang='lat' dir='ltr'><strong>Cl.</strong></span> <span class='ocrx_word' id='word_1_349' title='bbox 840 3247 881 3308; x_wconf 91' lang='lat' dir='ltr'><strong>V.</strong></span> <span class='ocrx_word' id='word_1_350' title='bbox 896 3247 935 3307; x_wconf 91' lang='lat' dir='ltr'><strong>D.</strong></span> <span class='ocrx_word' id='word_1_351' title='bbox 954 3244 1082 3309; x_wconf 82' lang='lat' dir='ltr'><strong>Gellium</strong></span> <span class='ocrx_word' id='word_1_352' title='bbox 1105 3246 1225 3308; x_wconf 88' lang='lat' dir='ltr'><strong>affinem</strong></span> <span class='ocrx_word' id='word_1_353' title='bbox 1247 3266 1345 3308; x_wconf 90' lang='lat' dir='ltr'><strong>meum</strong></span> <span class='ocrx_word' id='word_1_354' title='bbox 1368 3247 1465 3308; x_wconf 89' lang='lat' dir='ltr'><strong>hono·</strong></span> <span class='ocrx_word' id='word_1_355' title='bbox 1570 3284 1573 3289; x_wconf 89' lang='lat'>-</span> 
     </span>
    </p>
   </div>
   <div class='ocr_carea' id='block_1_4' title="bbox 109 3334 1464 3861">
    <p class='ocr_par' dir='ltr' id='par_1_4' title="bbox 109 3334 1464 3861">
     <span class='ocr_line' id='line_1_34' title="bbox 109 3334 1221 3414; baseline 0.002 -20"><span class='ocrx_word' id='word_1_356' title='bbox 109 3334 192 3395; x_wconf 80' lang='lat' dir='ltr'><strong>silice</strong></span> <span class='ocrx_word' id='word_1_357' title='bbox 216 3334 326 3395; x_wconf 91' lang='lat' dir='ltr'><strong>saluta.</strong></span> <span class='ocrx_word' id='word_1_358' title='bbox 370 3335 403 3395; x_wconf 92' lang='lat' dir='ltr'><strong>lu</strong></span> <span class='ocrx_word' id='word_1_359' title='bbox 427 3353 536 3413; x_wconf 90' lang='lat' dir='ltr'><strong>genere</strong></span> <span class='ocrx_word' id='word_1_360' title='bbox 560 3352 630 3396; x_wconf 88' lang='lat' dir='ltr'><strong>vero</strong></span> <span class='ocrx_word' id='word_1_361' title='bbox 655 3353 701 3394; x_wconf 91' lang='lat' dir='ltr'><strong>me</strong></span> <span class='ocrx_word' id='word_1_362' title='bbox 726 3335 862 3396; x_wconf 89' lang='lat' dir='ltr'><strong>omnibus</strong></span> <span class='ocrx_word' id='word_1_363' title='bbox 887 3335 1012 3414; x_wconf 89' lang='lat' dir='ltr'><strong>collegis</strong></span> <span class='ocrx_word' id='word_1_364' title='bbox 1037 3336 1221 3396; x_wconf 87' lang='lat' dir='ltr'><strong>commenda.</strong></span> 
     </span>
     <span class='ocr_line' id='line_1_35' title="bbox 205 3418 1148 3504; baseline 0 -20"><span class='ocrx_word' id='word_1_365' title='bbox 205 3419 254 3487; x_wconf 85' lang='lat'><strong>19.</strong></span> <span class='ocrx_word' id='word_1_366' title='bbox 279 3418 332 3486; x_wconf 82' lang='lat'><strong>29.</strong></span> <span class='ocrx_word' id='word_1_367' title='bbox 356 3424 434 3504; x_wconf 84' lang='lat' dir='ltr'><strong>Aug.</strong></span> <span class='ocrx_word' id='word_1_368' title='bbox 460 3418 511 3487; x_wconf 89' lang='grc'><strong>99.</strong></span> <span class='ocrx_word' id='word_1_369' title='bbox 727 3425 765 3485; x_wconf 88' lang='grc' dir='ltr'><strong>Η.</strong></span> <span class='ocrx_word' id='word_1_370' title='bbox 791 3424 826 3484; x_wconf 90' lang='grc' dir='ltr'><strong>Τ.</strong></span> <span class='ocrx_word' id='word_1_371' title='bbox 874 3422 960 3487; x_wconf 87' lang='lat' dir='ltr'><strong>Grat.</strong></span> <span class='ocrx_word' id='word_1_372' title='bbox 986 3424 1148 3504; x_wconf 90' lang='lat' dir='ltr'><strong>discipulus</strong></span> 
     </span>
     <span class='ocr_line' id='line_1_36' title="bbox 1165 3508 1422 3594; baseline -0.012 -19"><span class='ocrx_word' id='word_1_373' title='bbox 1165 3508 1211 3575; x_wconf 84' lang='grc' dir='ltr'><strong>Μ.</strong></span> <span class='ocrx_word' id='word_1_374' title='bbox 1235 3511 1267 3574; x_wconf 92' lang='lat' dir='ltr'><strong>J.</strong></span> <span class='ocrx_word' id='word_1_375' title='bbox 1291 3509 1422 3594; x_wconf 78' lang='lat' dir='ltr'><strong>Kepler.</strong></span> 
     </span>
     <span class='ocr_line' id='line_1_37' title="bbox 179 3600 1464 3684; baseline 0.001 -22"><span class='ocrx_word' id='word_1_376' title='bbox 179 3600 311 3663; x_wconf 88' lang='lat' dir='ltr'><strong>Nuncins</strong></span> <span class='ocrx_word' id='word_1_377' title='bbox 333 3601 363 3662; x_wconf 92' lang='lat' dir='ltr'><strong>in</strong></span> <span class='ocrx_word' id='word_1_378' title='bbox 386 3600 537 3664; x_wconf 89' lang='lat' dir='ltr'><strong>mandatis</strong></span> <span class='ocrx_word' id='word_1_379' title='bbox 562 3609 592 3663; x_wconf 90' lang='lat' dir='ltr'><strong>et</strong></span> <span class='ocrx_word' id='word_1_380' title='bbox 615 3609 684 3664; x_wconf 88' lang='lat' dir='ltr'><strong>aute</strong></span> <span class='ocrx_word' id='word_1_381' title='bbox 703 3601 808 3666; x_wconf 91' lang='lat' dir='ltr'><strong>babuit</strong></span> <span class='ocrx_word' id='word_1_382' title='bbox 827 3603 867 3675; x_wconf 89' lang='lat' dir='ltr'><strong>(si</strong></span> <span class='ocrx_word' id='word_1_383' title='bbox 882 3602 1052 3684; x_wconf 90' lang='lat' dir='ltr'><strong>postulatus</strong></span> <span class='ocrx_word' id='word_1_384' title='bbox 1072 3602 1203 3676; x_wconf 85' lang='lat' dir='ltr'><strong>fuisset),</strong></span> <span class='ocrx_word' id='word_1_385' title='bbox 1229 3610 1260 3663; x_wconf 91' lang='lat' dir='ltr'><strong>et</strong></span> <span class='ocrx_word' id='word_1_386' title='bbox 1277 3601 1342 3681; x_wconf 88' lang='lat' dir='ltr'><strong>jam</strong></span> <span class='ocrx_word' id='word_1_387' title='bbox 1361 3601 1464 3676; x_wconf 91' lang='lat' dir='ltr'><strong>habet,</strong></span> 
     </span>
     <span class='ocr_line' id='line_1_38' title="bbox 109 3689 1464 3773; baseline 0 -21"><span class='ocrx_word' id='word_1_388' title='bbox 109 3692 149 3752; x_wconf 92' lang='lat' dir='ltr'><strong>de</strong></span> <span class='ocrx_word' id='word_1_389' title='bbox 174 3701 246 3773; x_wconf 87' lang='lat' dir='ltr'><strong>typo</strong></span> <span class='ocrx_word' id='word_1_390' title='bbox 269 3690 487 3766; x_wconf 81' lang='lat' dir='ltr'><strong>satisfaciendi,</strong></span> <span class='ocrx_word' id='word_1_391' title='bbox 512 3711 578 3752; x_wconf 86' lang='lat' dir='ltr'><strong>curn</strong></span> <span class='ocrx_word' id='word_1_392' title='bbox 602 3691 766 3772; x_wconf 88' lang='lat' dir='ltr'><strong>gratiarum</strong></span> <span class='ocrx_word' id='word_1_393' title='bbox 789 3692 918 3754; x_wconf 90' lang='lat' dir='ltr'><strong>actione.</strong></span> <span class='ocrx_word' id='word_1_394' title='bbox 956 3693 993 3754; x_wconf 94' lang='lat' dir='ltr'><strong>Id</strong></span> <span class='ocrx_word' id='word_1_395' title='bbox 1016 3691 1167 3772; x_wconf 90' lang='lat' dir='ltr'><strong>negotium</strong></span> <span class='ocrx_word' id='word_1_396' title='bbox 1189 3689 1278 3751; x_wconf 89' lang='lat' dir='ltr'><strong>unica</strong></span> <span class='ocrx_word' id='word_1_397' title='bbox 1300 3689 1464 3753; x_wconf 92' lang='lat' dir='ltr'><strong>monitinn-</strong></span> 
     </span>
     <span class='ocr_line' id='line_1_39' title="bbox 110 3780 496 3861; baseline -0.003 -19"><span class='ocrx_word' id='word_1_398' title='bbox 110 3780 182 3842; x_wconf 90' lang='lat' dir='ltr'><strong>cula</strong></span> <span class='ocrx_word' id='word_1_399' title='bbox 203 3798 378 3859; x_wconf 87' lang='lat' dir='ltr'><strong>promovere</strong></span> <span class='ocrx_word' id='word_1_400' title='bbox 401 3787 496 3861; x_wconf 90' lang='lat' dir='ltr'><strong>potes.</strong></span> 
     </span>
    </p>
   </div>
   <div class='ocr_carea' id='block_1_5' title="bbox 110 3928 1471 4939">
    <p class='ocr_par' dir='ltr' id='par_1_5' title="bbox 110 3928 1471 4364">
     <span class='ocr_line' id='line_1_40' title="bbox 185 3928 1471 4006; baseline 0.001 -18"><span class='ocrx_word' id='word_1_401' title='bbox 185 3939 227 3989; x_wconf 79' lang='lat' dir='ltr'><strong>Ad</strong></span> <span class='ocrx_word' id='word_1_402' title='bbox 242 3939 307 3991; x_wconf 86' lang='lat' dir='ltr'><strong>haec</strong></span> <span class='ocrx_word' id='word_1_403' title='bbox 325 3939 515 3991; x_wconf 81' lang='lat' dir='ltr'><strong>Maestliuus</strong></span> <span class='ocrx_word' id='word_1_404' title='bbox 534 3940 659 4003; x_wconf 88' lang='lat' dir='ltr'><strong>respondit</strong></span> <span class='ocrx_word' id='word_1_405' title='bbox 677 3939 776 3990; x_wconf 90' lang='lat' dir='ltr'><strong>demum</strong></span> <span class='ocrx_word' id='word_1_406' title='bbox 793 3940 817 3989; x_wconf 86' lang='lat' dir='ltr'><strong>d.</strong></span> <span class='ocrx_word' id='word_1_407' title='bbox 840 3938 881 3990; x_wconf 81' lang='lat'><strong>15.</strong></span> <span class='ocrx_word' id='word_1_408' title='bbox 901 3939 943 3990; x_wconf 80' lang='lat'><strong>25.</strong></span> <span class='ocrx_word' id='word_1_409' title='bbox 960 3941 1018 3992; x_wconf 88' lang='lat' dir='ltr'><strong>Jau.</strong></span> <span class='ocrx_word' id='word_1_410' title='bbox 1040 3937 1122 3989; x_wconf 81' lang='lat'><strong>1600:</strong></span> <span class='ocrx_word' id='word_1_411' title='bbox 1151 3938 1273 4006; x_wconf 82' lang='lat' dir='ltr'><strong>Magnum</strong></span> <span class='ocrx_word' id='word_1_412' title='bbox 1289 3938 1406 4004; x_wconf 86' lang='lat' dir='ltr'><strong>mihique,</strong></span> <span class='ocrx_word' id='word_1_413' title='bbox 1425 3928 1471 4005; x_wconf 68' lang='lat' dir='ltr'><strong>qnl&#39;</strong></span> 
     </span>
     <span class='ocr_line' id='line_1_41' title="bbox 111 4010 1466 4077; baseline 0.003 -18"><span class='ocrx_word' id='word_1_414' title='bbox 111 4011 227 4075; x_wconf 90' lang='lat' dir='ltr'><strong>politicus</strong></span> <span class='ocrx_word' id='word_1_415' title='bbox 245 4011 311 4062; x_wconf 87' lang='lat' dir='ltr'><strong>nullo</strong></span> <span class='ocrx_word' id='word_1_416' title='bbox 329 4012 402 4061; x_wconf 91' lang='lat' dir='ltr'><strong>modo</strong></span> <span class='ocrx_word' id='word_1_417' title='bbox 420 4027 483 4070; x_wconf 90' lang='lat' dir='ltr'><strong>sum,</strong></span> <span class='ocrx_word' id='word_1_418' title='bbox 501 4012 648 4076; x_wconf 87' lang='lat' dir='ltr'><strong>impossibile</strong></span> <span class='ocrx_word' id='word_1_419' title='bbox 666 4012 830 4076; x_wconf 90' lang='lat' dir='ltr'><strong>respondendi</strong></span> <span class='ocrx_word' id='word_1_420' title='bbox 849 4013 999 4077; x_wconf 89' lang='lat' dir='ltr'><strong>postulatum</strong></span> <span class='ocrx_word' id='word_1_421' title='bbox 1016 4013 1159 4076; x_wconf 85' lang='lat' dir='ltr'><strong>imposuisti.</strong></span> <span class='ocrx_word' id='word_1_422' title='bbox 1191 4012 1223 4062; x_wconf 92' lang='lat' dir='ltr'><strong>D.</strong></span> <span class='ocrx_word' id='word_1_423' title='bbox 1243 4010 1276 4061; x_wconf 91' lang='lat' dir='ltr'><strong>D.</strong></span> <span class='ocrx_word' id='word_1_424' title='bbox 1297 4011 1420 4061; x_wconf 87' lang='lat' dir='ltr'><strong>Gerlachii</strong></span> <span class='ocrx_word' id='word_1_425' title='bbox 1439 4017 1466 4063; x_wconf 86' lang='lat' dir='ltr'><strong>et</strong></span> 
     </span>
     <span class='ocr_line' id='line_1_42' title="bbox 111 4082 1465 4149; baseline 0.001 -18"><span class='ocrx_word' id='word_1_426' title='bbox 111 4082 278 4133; x_wconf 79' lang='lat' dir='ltr'><strong>Hatenrefferi</strong></span> <span class='ocrx_word' id='word_1_427' title='bbox 297 4083 423 4134; x_wconf 88' lang='lat' dir='ltr'><strong>consilium</strong></span> <span class='ocrx_word' id='word_1_428' title='bbox 443 4089 488 4142; x_wconf 86' lang='lat' dir='ltr'><strong>est,</strong></span> <span class='ocrx_word' id='word_1_429' title='bbox 508 4091 536 4132; x_wconf 88' lang='lat' dir='ltr'><strong>ut</strong></span> <span class='ocrx_word' id='word_1_430' title='bbox 553 4099 596 4147; x_wconf 89' lang='lat' dir='ltr'><strong>per</strong></span> <span class='ocrx_word' id='word_1_431' title='bbox 613 4083 720 4133; x_wconf 89' lang='lat' dir='ltr'><strong>libellum</strong></span> <span class='ocrx_word' id='word_1_432' title='bbox 739 4084 872 4148; x_wconf 85' lang='lat' dir='ltr'><strong>supplicem</strong></span> <span class='ocrx_word' id='word_1_433' title='bbox 886 4084 1077 4135; x_wconf 87' lang='lat' dir='ltr'><strong>Illustrissimum</strong></span> <span class='ocrx_word' id='word_1_434' title='bbox 1089 4092 1200 4134; x_wconf 86' lang='lat' dir='ltr'><strong>uostmm</strong></span> <span class='ocrx_word' id='word_1_435' title='bbox 1218 4084 1248 4134; x_wconf 88' lang='lat' dir='ltr'><strong>de</strong></span> <span class='ocrx_word' id='word_1_436' title='bbox 1267 4098 1380 4149; x_wconf 86' lang='lat' dir='ltr'><strong>regressu</strong></span> <span class='ocrx_word' id='word_1_437' title='bbox 1398 4083 1465 4133; x_wconf 89' lang='lat' dir='ltr'><strong>solli·</strong></span> 
     </span>
     <span class='ocr_line' id='line_1_43' title="bbox 111 4155 1465 4220; baseline 0 -16"><span class='ocrx_word' id='word_1_438' title='bbox 111 4156 212 4210; x_wconf 67' lang='lat' dir='ltr'><strong>chares,</strong></span> <span class='ocrx_word' id='word_1_439' title='bbox 231 4155 346 4205; x_wconf 83' lang='lat' dir='ltr'><strong>lorsanis</strong></span> <span class='ocrx_word' id='word_1_440' title='bbox 361 4155 459 4205; x_wconf 85' lang='lat' dir='ltr'><strong>deloco</strong></span> <span class='ocrx_word' id='word_1_441' title='bbox 478 4155 611 4204; x_wconf 87' lang='lat' dir='ltr'><strong>clementer</strong></span> <span class='ocrx_word' id='word_1_442' title='bbox 628 4155 765 4218; x_wconf 88' lang='lat' dir='ltr'><strong>pmspiciet.</strong></span> <span class='ocrx_word' id='word_1_443' title='bbox 796 4155 934 4206; x_wconf 84' lang='lat' dir='ltr'><strong>Consentii</strong></span> <span class='ocrx_word' id='word_1_444' title='bbox 952 4157 1108 4206; x_wconf 85' lang='lat' dir='ltr'><strong>instrumenti</strong></span> <span class='ocrx_word' id='word_1_445' title='bbox 1126 4171 1170 4206; x_wconf 89' lang='lat' dir='ltr'><strong>sen</strong></span> <span class='ocrx_word' id='word_1_446' title='bbox 1189 4156 1268 4220; x_wconf 88' lang='lat' dir='ltr'><strong>operis</strong></span> <span class='ocrx_word' id='word_1_447' title='bbox 1286 4155 1465 4212; x_wconf 81' lang='lat' dir='ltr'><strong>mathematici,</strong></span> 
     </span>
     <span class='ocr_line' id='line_1_44' title="bbox 110 4223 1466 4292; baseline 0.001 -18"><span class='ocrx_word' id='word_1_448' title='bbox 110 4240 156 4288; x_wconf 88' lang='lat' dir='ltr'><strong>per</strong></span> <span class='ocrx_word' id='word_1_449' title='bbox 173 4225 239 4289; x_wconf 86' lang='lat' dir='ltr'><strong>qnod</strong></span> <span class='ocrx_word' id='word_1_450' title='bbox 256 4226 315 4289; x_wconf 85' lang='lat' dir='ltr'><strong>Ejus</strong></span> <span class='ocrx_word' id='word_1_451' title='bbox 335 4226 418 4277; x_wconf 83' lang='lat' dir='ltr'><strong>Celsit.</strong></span> <span class='ocrx_word' id='word_1_452' title='bbox 437 4227 565 4276; x_wconf 90' lang='lat' dir='ltr'><strong>innotuisti</strong></span> <span class='ocrx_word' id='word_1_453' title='bbox 584 4223 650 4288; x_wconf 83' lang='lat' dir='ltr'><strong>(ride</strong></span> <span class='ocrx_word' id='word_1_454' title='bbox 668 4224 745 4287; x_wconf 83' lang='lat' dir='ltr'><strong>inira)</strong></span> <span class='ocrx_word' id='word_1_455' title='bbox 769 4227 823 4278; x_wconf 89' lang='lat' dir='ltr'><strong>lieri</strong></span> <span class='ocrx_word' id='word_1_456' title='bbox 840 4243 911 4290; x_wconf 86' lang='lat' dir='ltr'><strong>posse</strong></span> <span class='ocrx_word' id='word_1_457' title='bbox 929 4231 1087 4278; x_wconf 87' lang='lat' dir='ltr'><strong>mentionem.</strong></span> <span class='ocrx_word' id='word_1_458' title='bbox 1125 4228 1228 4279; x_wconf 86' lang='lat' dir='ltr'><strong>Utinam</strong></span> <span class='ocrx_word' id='word_1_459' title='bbox 1251 4226 1421 4292; x_wconf 82' lang='lat' dir='ltr'><strong>prudentiores</strong></span> <span class='ocrx_word' id='word_1_460' title='bbox 1440 4232 1466 4277; x_wconf 91' lang='lat' dir='ltr'><strong>et</strong></span> 
     </span>
     <span class='ocr_line' id='line_1_45' title="bbox 110 4297 1465 4364; baseline -0.001 -18"><span class='ocrx_word' id='word_1_461' title='bbox 110 4299 137 4346; x_wconf 89' lang='lat' dir='ltr'><strong>iu</strong></span> <span class='ocrx_word' id='word_1_462' title='bbox 154 4297 227 4347; x_wconf 89' lang='lat' dir='ltr'><strong>rebus</strong></span> <span class='ocrx_word' id='word_1_463' title='bbox 239 4298 344 4362; x_wconf 82' lang='lat' dir='ltr'><strong>politicis</strong></span> <span class='ocrx_word' id='word_1_464' title='bbox 356 4299 559 4364; x_wconf 85' lang='lat' dir='ltr'><strong>intelligentiores</strong></span> <span class='ocrx_word' id='word_1_465' title='bbox 577 4312 652 4362; x_wconf 87' lang='lat' dir='ltr'><strong>quam</strong></span> <span class='ocrx_word' id='word_1_466' title='bbox 668 4313 708 4348; x_wconf 86' lang='lat' dir='ltr'><strong>rue</strong></span> <span class='ocrx_word' id='word_1_467' title='bbox 726 4300 899 4356; x_wconf 86' lang='lat' dir='ltr'><strong>consuluisses,</strong></span> <span class='ocrx_word' id='word_1_468' title='bbox 919 4301 977 4364; x_wconf 85' lang='lat' dir='ltr'><strong>quia</strong></span> <span class='ocrx_word' id='word_1_469' title='bbox 989 4314 1045 4350; x_wconf 89' lang='lat' dir='ltr'><strong>vere</strong></span> <span class='ocrx_word' id='word_1_470' title='bbox 1057 4300 1189 4349; x_wconf 73' lang='lat' dir='ltr'><strong>infantiam</strong></span> <span class='ocrx_word' id='word_1_471' title='bbox 1200 4299 1241 4349; x_wconf 90' lang='lat' dir='ltr'><strong>hic</strong></span> <span class='ocrx_word' id='word_1_472' title='bbox 1254 4312 1335 4349; x_wconf 87' lang='lat' dir='ltr'><strong>meam</strong></span> <span class='ocrx_word' id='word_1_473' title='bbox 1349 4312 1465 4363; x_wconf 84' lang='lat' dir='ltr'><strong>agnosco.</strong></span> 
     </span>
    </p>

    <p class='ocr_par' dir='ltr' id='par_1_6' title="bbox 111 4368 1466 4939">
     <span class='ocr_line' id='line_1_46' title="bbox 183 4368 1466 4435; baseline 0.002 -18"><span class='ocrx_word' id='word_1_474' title='bbox 183 4368 310 4420; x_wconf 67' lang='lat' dir='ltr'><strong>immenti</strong></span> <span class='ocrx_word' id='word_1_475' title='bbox 333 4373 439 4435; x_wconf 88' lang='lat' dir='ltr'><strong>pretium</strong></span> <span class='ocrx_word' id='word_1_476' title='bbox 462 4370 527 4434; x_wconf 86' lang='lat' dir='ltr'><strong>apud</strong></span> <span class='ocrx_word' id='word_1_477' title='bbox 551 4385 596 4420; x_wconf 89' lang='lat' dir='ltr'><strong>uos</strong></span> <span class='ocrx_word' id='word_1_478' title='bbox 618 4376 670 4419; x_wconf 85' lang='lat' dir='ltr'><strong>eet:</strong></span> <span class='ocrx_word' id='word_1_479' title='bbox 697 4371 835 4420; x_wconf 88' lang='lat' dir='ltr'><strong>medimnus</strong></span> <span class='ocrx_word' id='word_1_480' title='bbox 863 4373 917 4435; x_wconf 89' lang='lat' dir='ltr'><strong>plus</strong></span> <span class='ocrx_word' id='word_1_481' title='bbox 941 4374 1069 4435; x_wconf 88' lang='lat' dir='ltr'><strong>minusque</strong></span> <span class='ocrx_word' id='word_1_482' title='bbox 1095 4372 1110 4420; x_wconf 85' lang='lat'>5</span> <span class='ocrx_word' id='word_1_483' title='bbox 1133 4372 1157 4420; x_wconf 86' lang='lat' dir='ltr'><strong>fl.</strong></span> <span class='ocrx_word' id='word_1_484' title='bbox 1184 4377 1298 4428; x_wconf 85' lang='lat' dir='ltr'><strong>constat;</strong></span> <span class='ocrx_word' id='word_1_485' title='bbox 1325 4384 1390 4420; x_wconf 89' lang='lat' dir='ltr'><strong>uma</strong></span> <span class='ocrx_word' id='word_1_486' title='bbox 1415 4369 1466 4419; x_wconf 81' lang='lat' dir='ltr'><strong>viui</strong></span> 
     </span>
     <span class='ocr_line' id='line_1_47' title="bbox 115 4436 1465 4507; baseline 0.001 -20"><span class='ocrx_word' id='word_1_487' title='bbox 115 4436 218 4489; x_wconf 79' lang='lat' dir='ltr'><strong>ta-la</strong></span> <span class='ocrx_word' id='word_1_488' title='bbox 238 4442 334 4491; x_wconf 88' lang='lat' dir='ltr'><strong>circiter</strong></span> <span class='ocrx_word' id='word_1_489' title='bbox 350 4443 457 4492; x_wconf 85' lang='lat' dir='ltr'><strong>florenis.</strong></span> <span class='ocrx_word' id='word_1_490' title='bbox 485 4441 524 4491; x_wconf 89' lang='lat' dir='ltr'><strong>Dc</strong></span> <span class='ocrx_word' id='word_1_491' title='bbox 543 4444 630 4492; x_wconf 89' lang='lat' dir='ltr'><strong>ceteris</strong></span> <span class='ocrx_word' id='word_1_492' title='bbox 648 4442 713 4491; x_wconf 88' lang='lat' dir='ltr'><strong>malo</strong></span> <span class='ocrx_word' id='word_1_493' title='bbox 727 4443 808 4500; x_wconf 90' lang='lat' dir='ltr'><strong>silere,</strong></span> <span class='ocrx_word' id='word_1_494' title='bbox 827 4458 901 4507; x_wconf 88' lang='lat' dir='ltr'><strong>quam</strong></span> <span class='ocrx_word' id='word_1_495' title='bbox 919 4445 1001 4507; x_wconf 88' lang='lat' dir='ltr'><strong>inepte</strong></span> <span class='ocrx_word' id='word_1_496' title='bbox 1020 4443 1176 4507; x_wconf 87' lang='lat' dir='ltr'><strong>respondere,</strong></span> <span class='ocrx_word' id='word_1_497' title='bbox 1193 4444 1253 4507; x_wconf 87' lang='lat' dir='ltr'><strong>quia</strong></span> <span class='ocrx_word' id='word_1_498' title='bbox 1270 4442 1300 4491; x_wconf 91' lang='lat' dir='ltr'><strong>de</strong></span> <span class='ocrx_word' id='word_1_499' title='bbox 1318 4440 1465 4491; x_wconf 81' lang='lat' dir='ltr'><strong>victualibus</strong></span> 
     </span>
     <span class='ocr_line' id='line_1_48' title="bbox 111 4512 1466 4580; baseline -0.001 -20"><span class='ocrx_word' id='word_1_500' title='bbox 111 4512 250 4561; x_wconf 85' lang='lat' dir='ltr'><strong>rudioribus</strong></span> <span class='ocrx_word' id='word_1_501' title='bbox 263 4518 289 4562; x_wconf 85' lang='lat' dir='ltr'><strong>et</strong></span> <span class='ocrx_word' id='word_1_502' title='bbox 300 4513 476 4580; x_wconf 81' lang='lat' dir='ltr'><strong>vulgarioribus</strong></span> <span class='ocrx_word' id='word_1_503' title='bbox 489 4513 528 4562; x_wconf 79' lang='lat' dir='ltr'><strong>vix</strong></span> <span class='ocrx_word' id='word_1_504' title='bbox 540 4513 670 4579; x_wconf 88' lang='lat' dir='ltr'><strong>quidquam</strong></span> <span class='ocrx_word' id='word_1_505' title='bbox 683 4515 748 4573; x_wconf 87' lang='lat' dir='ltr'><strong>nori,</strong></span> <span class='ocrx_word' id='word_1_506' title='bbox 768 4514 858 4563; x_wconf 88' lang='lat' dir='ltr'><strong>nedum</strong></span> <span class='ocrx_word' id='word_1_507' title='bbox 871 4515 901 4564; x_wconf 88' lang='lat' dir='ltr'><strong>de</strong></span> <span class='ocrx_word' id='word_1_508' title='bbox 914 4515 1072 4571; x_wconf 66' lang='lat' dir='ltr'><strong>lautioribusa</strong></span> <span class='ocrx_word' id='word_1_509' title='bbox 1091 4516 1126 4564; x_wconf 87' lang='lat' dir='ltr'><strong>alc</strong></span> <span class='ocrx_word' id='word_1_510' title='bbox 1140 4514 1354 4564; x_wconf 82' lang='lat' dir='ltr'><strong>conducendaruru</strong></span> <span class='ocrx_word' id='word_1_511' title='bbox 1367 4512 1466 4561; x_wconf 85' lang='lat' dir='ltr'><strong>aedium</strong></span> 
     </span>
     <span class='ocr_line' id='line_1_49' title="bbox 112 4581 1463 4652; baseline -0.001 -20"><span class='ocrx_word' id='word_1_512' title='bbox 112 4585 235 4633; x_wconf 70' lang='lat' dir='ltr'><strong>rationm</strong></span> <span class='ocrx_word' id='word_1_513' title='bbox 252 4584 326 4648; x_wconf 85' lang='lat' dir='ltr'><strong>plane</strong></span> <span class='ocrx_word' id='word_1_514' title='bbox 344 4587 438 4652; x_wconf 82' lang='lat' dir='ltr'><strong>ignoro.</strong></span> <span class='ocrx_word' id='word_1_515' title='bbox 480 4583 534 4633; x_wconf 84' lang='lat' dir='ltr'><strong>Hoc</strong></span> <span class='ocrx_word' id='word_1_516' title='bbox 553 4587 621 4642; x_wconf 86' lang='lat' dir='ltr'><strong>scio,</strong></span> <span class='ocrx_word' id='word_1_517' title='bbox 641 4586 821 4650; x_wconf 88' lang='lat' dir='ltr'><strong>quodpropter</strong></span> <span class='ocrx_word' id='word_1_518' title='bbox 840 4582 855 4632; x_wconf 82' lang='grc'><strong>5</strong></span> <span class='ocrx_word' id='word_1_519' title='bbox 873 4587 995 4650; x_wconf 89' lang='lat' dir='ltr'><strong>principes</strong></span> <span class='ocrx_word' id='word_1_520' title='bbox 1014 4586 1143 4651; x_wconf 89' lang='lat' dir='ltr'><strong>pluresque</strong></span> <span class='ocrx_word' id='word_1_521' title='bbox 1161 4586 1265 4635; x_wconf 87' lang='lat' dir='ltr'><strong>barones</strong></span> <span class='ocrx_word' id='word_1_522' title='bbox 1285 4591 1310 4633; x_wconf 92' lang='lat' dir='ltr'><strong>et</strong></span> <span class='ocrx_word' id='word_1_523' title='bbox 1328 4583 1402 4641; x_wconf 86' lang='lat' dir='ltr'><strong>alios,</strong></span> <span class='ocrx_word' id='word_1_524' title='bbox 1423 4581 1463 4646; x_wconf 91' lang='lat' dir='ltr'><strong>qui</strong></span> 
     </span>
     <span class='ocr_line' id='line_1_50' title="bbox 111 4654 1465 4723; baseline -0.003 -18"><span class='ocrx_word' id='word_1_525' title='bbox 111 4656 152 4705; x_wconf 86' lang='lat' dir='ltr'><strong>bic</strong></span> <span class='ocrx_word' id='word_1_526' title='bbox 171 4656 274 4720; x_wconf 76' lang='lat' dir='ltr'><strong>degunt,</strong></span> <span class='ocrx_word' id='word_1_527' title='bbox 292 4670 386 4723; x_wconf 83' lang='lat' dir='ltr'><strong>magna</strong></span> <span class='ocrx_word' id='word_1_528' title='bbox 403 4659 435 4706; x_wconf 88' lang='lat' dir='ltr'><strong>sit</strong></span> <span class='ocrx_word' id='word_1_529' title='bbox 452 4657 619 4721; x_wconf 86' lang='lat' dir='ltr'><strong>plerommque</strong></span> <span class='ocrx_word' id='word_1_530' title='bbox 631 4658 773 4708; x_wconf 84' lang='lat' dir='ltr'><strong>victualium</strong></span> <span class='ocrx_word' id='word_1_531' title='bbox 792 4659 904 4721; x_wconf 90' lang='lat' dir='ltr'><strong>penuria.</strong></span> <span class='ocrx_word' id='word_1_532' title='bbox 934 4657 1017 4717; x_wconf 82' lang='lat' dir='ltr'><strong>Quare</strong></span> <span class='ocrx_word' id='word_1_533' title='bbox 1035 4674 1084 4707; x_wconf 91' lang='lat' dir='ltr'><strong>non</strong></span> <span class='ocrx_word' id='word_1_534' title='bbox 1104 4664 1149 4715; x_wconf 87' lang='lat' dir='ltr'><strong>est,</strong></span> <span class='ocrx_word' id='word_1_535' title='bbox 1168 4663 1197 4706; x_wconf 90' lang='lat' dir='ltr'><strong>ut</strong></span> <span class='ocrx_word' id='word_1_536' title='bbox 1215 4655 1336 4705; x_wconf 90' lang='lat' dir='ltr'><strong>nonnullis</strong></span> <span class='ocrx_word' id='word_1_537' title='bbox 1355 4654 1465 4718; x_wconf 78' lang='lat' dir='ltr'><strong>privatis,</strong></span> 
     </span>
     <span class='ocr_line' id='line_1_51' title="bbox 114 4725 1465 4789; baseline -0.001 -14"><span class='ocrx_word' id='word_1_538' title='bbox 114 4734 159 4775; x_wconf 89' lang='lat' dir='ltr'><strong>ant</strong></span> <span class='ocrx_word' id='word_1_539' title='bbox 176 4728 223 4777; x_wconf 89' lang='lat' dir='ltr'><strong>toti</strong></span> <span class='ocrx_word' id='word_1_540' title='bbox 235 4727 344 4786; x_wconf 83' lang='lat' dir='ltr'><strong>scholae,</strong></span> <span class='ocrx_word' id='word_1_541' title='bbox 363 4730 413 4779; x_wconf 79' lang='lat' dir='ltr'><strong>slve</strong></span> <span class='ocrx_word' id='word_1_542' title='bbox 426 4742 573 4779; x_wconf 73' lang='lat' dir='ltr'><strong>ucanomm</strong></span> <span class='ocrx_word' id='word_1_543' title='bbox 585 4731 760 4786; x_wconf 88' lang='lat' dir='ltr'><strong>conscientiae,</strong></span> <span class='ocrx_word' id='word_1_544' title='bbox 779 4736 808 4779; x_wconf 91' lang='lat' dir='ltr'><strong>ut</strong></span> <span class='ocrx_word' id='word_1_545' title='bbox 825 4731 917 4789; x_wconf 87' lang='lat' dir='ltr'><strong>scribis,</strong></span> <span class='ocrx_word' id='word_1_546' title='bbox 939 4730 1073 4787; x_wconf 86' lang='lat' dir='ltr'><strong>consulam,</strong></span> <span class='ocrx_word' id='word_1_547' title='bbox 1092 4730 1136 4779; x_wconf 90' lang='lat' dir='ltr'><strong>sed</strong></span> <span class='ocrx_word' id='word_1_548' title='bbox 1154 4743 1212 4778; x_wconf 89' lang='lat' dir='ltr'><strong>mea</strong></span> <span class='ocrx_word' id='word_1_549' title='bbox 1229 4727 1335 4776; x_wconf 79' lang='lat' dir='ltr'><strong>infantia</strong></span> <span class='ocrx_word' id='word_1_550' title='bbox 1352 4726 1378 4774; x_wconf 93' lang='lat' dir='ltr'><strong>in</strong></span> <span class='ocrx_word' id='word_1_551' title='bbox 1396 4725 1465 4775; x_wconf 87' lang='lat' dir='ltr'><strong>hisce</strong></span> 
     </span>
     <span class='ocr_line' id='line_1_52' title="bbox 113 4797 1465 4866; baseline -0.001 -19"><span class='ocrx_word' id='word_1_552' title='bbox 113 4798 220 4848; x_wconf 85' lang='lat' dir='ltr'><strong>seribere</strong></span> <span class='ocrx_word' id='word_1_553' title='bbox 238 4814 288 4849; x_wconf 90' lang='lat' dir='ltr'><strong>non</strong></span> <span class='ocrx_word' id='word_1_554' title='bbox 305 4801 372 4858; x_wconf 84' lang='lat' dir='ltr'><strong>sinit.</strong></span> <span class='ocrx_word' id='word_1_555' title='bbox 391 4815 455 4866; x_wconf 86' lang='lat' dir='ltr'><strong>quae</strong></span> <span class='ocrx_word' id='word_1_556' title='bbox 473 4799 590 4865; x_wconf 85' lang='lat' dir='ltr'><strong>postulas.</strong></span> <span class='ocrx_word' id='word_1_557' title='bbox 628 4800 734 4851; x_wconf 85' lang='lat' dir='ltr'><strong>Obsecro</strong></span> <span class='ocrx_word' id='word_1_558' title='bbox 754 4816 821 4866; x_wconf 85' lang='lat' dir='ltr'><strong>ergo,</strong></span> <span class='ocrx_word' id='word_1_559' title='bbox 840 4808 868 4850; x_wconf 89' lang='lat' dir='ltr'><strong>nt</strong></span> <span class='ocrx_word' id='word_1_560' title='bbox 887 4816 918 4852; x_wconf 85' lang='lat' dir='ltr'><strong>aa</strong></span> <span class='ocrx_word' id='word_1_561' title='bbox 935 4816 984 4851; x_wconf 91' lang='lat' dir='ltr'><strong>non</strong></span> <span class='ocrx_word' id='word_1_562' title='bbox 1003 4800 1142 4861; x_wconf 72' lang='lat' dir='ltr'><strong>offendas,</strong></span> <span class='ocrx_word' id='word_1_563' title='bbox 1162 4799 1204 4850; x_wconf 92' lang='lat' dir='ltr'><strong>sed</strong></span> <span class='ocrx_word' id='word_1_564' title='bbox 1224 4801 1274 4849; x_wconf 83' lang='lat' dir='ltr'><strong>ists</strong></span> <span class='ocrx_word' id='word_1_565' title='bbox 1291 4798 1323 4848; x_wconf 88' lang='lat' dir='ltr'><strong>ab</strong></span> <span class='ocrx_word' id='word_1_566' title='bbox 1341 4797 1404 4854; x_wconf 85' lang='lat' dir='ltr'><strong>aliis,</strong></span> <span class='ocrx_word' id='word_1_567' title='bbox 1423 4797 1465 4861; x_wconf 92' lang='lat' dir='ltr'><strong>qui</strong></span> 
     </span>
     <span class='ocr_line' id='line_1_53' title="bbox 114 4868 657 4939; baseline -0.004 -19"><span class='ocrx_word' id='word_1_568' title='bbox 114 4869 207 4935; x_wconf 86' lang='lat' dir='ltr'><strong>politici</strong></span> <span class='ocrx_word' id='word_1_569' title='bbox 225 4873 306 4936; x_wconf 87' lang='lat' dir='ltr'><strong>magis</strong></span> <span class='ocrx_word' id='word_1_570' title='bbox 324 4877 395 4929; x_wconf 86' lang='lat' dir='ltr'><strong>sunt,</strong></span> <span class='ocrx_word' id='word_1_571' title='bbox 414 4879 515 4939; x_wconf 82' lang='lat' dir='ltr'><strong>expetas</strong></span> <span class='ocrx_word' id='word_1_572' title='bbox 533 4872 595 4922; x_wconf 89' lang='lat' dir='ltr'><strong>scire</strong></span> <span class='ocrx_word' id='word_1_573' title='bbox 613 4868 657 4922; x_wconf 77' lang='lat' dir='ltr'><strong>aa.</strong></span> 
     </span>
    </p>
   </div>
   <div class='ocr_carea' id='block_1_6' title="bbox 0 0 1718 5542">
    <p class='ocr_par' dir='ltr' id='par_1_7' title="bbox 0 0 1718 5542">
     <span class='ocr_line' id='line_1_54' title="bbox 0 0 1718 5542; baseline 0 0"><span class='ocrx_word' id='word_1_574' title='bbox 0 0 1718 5542; x_wconf 95' lang='lat' dir='ltr'><strong> </strong></span> 
     </span>
    </p>
   </div>
  </div>
 </body>
</html>
