<?xml version="1.0" encoding="UTF-8"?>
<!DOCTYPE html PUBLIC "-//W3C//DTD XHTML 1.0 Transitional//EN"
    "http://www.w3.org/TR/xhtml1/DTD/xhtml1-transitional.dtd">
<html xmlns="http://www.w3.org/1999/xhtml" xml:lang="en" lang="en">
 <head>
  <title>
</title>
<meta http-equiv="Content-Type" content="text/html;charset=utf-8" />
  <meta name='ocr-system' content='tesseract 3.04.00' />
  <meta name='ocr-capabilities' content='ocr_page ocr_carea ocr_par ocr_line ocrx_word'/>
</head>
<body>
  <div class='ocr_page' id='page_1' title='image "./joanniskepleria10frisgoog/joanniskepleria10frisgoog_0299.png"; bbox 0 0 3428 5542; ppageno 0'>
   <div class='ocr_carea' id='block_1_1' title="bbox 636 297 1070 362">
    <p class='ocr_par' dir='ltr' id='par_1_1' title="bbox 636 297 1070 362">
     <span class='ocr_line' id='line_1_1' title="bbox 636 297 1070 362; baseline 0 -14"><span class='ocrx_word' id='word_1_1' title='bbox 636 298 666 349; x_wconf 90' lang='lat' dir='ltr'><strong>ln</strong></span> <span class='ocrx_word' id='word_1_2' title='bbox 684 299 757 362; x_wconf 82' lang='lat' dir='ltr'><strong>Apol.</strong></span> <span class='ocrx_word' id='word_1_3' title='bbox 775 297 852 361; x_wconf 77' lang='lat' dir='ltr'><strong>Tych.</strong></span> <span class='ocrx_word' id='word_1_4' title='bbox 873 305 960 349; x_wconf 70' lang='lat' dir='ltr'><strong>contu</strong></span> <span class='ocrx_word' id='word_1_5' title='bbox 977 297 1070 349; x_wconf 79' lang='lat' dir='ltr'><strong>Ursum</strong></span> 
     </span>
    </p>
   </div>
   <div class='ocr_carea' id='block_1_2' title="bbox 454 451 1195 2296">
    <p class='ocr_par' dir='ltr' id='par_1_2' title="bbox 457 451 1157 590">
     <span class='ocr_line' id='line_1_2' title="bbox 457 451 1157 520; baseline 0 -13"><span class='ocrx_word' id='word_1_6' title='bbox 457 457 549 519; x_wconf 84' lang='lat' dir='ltr'><strong>Qualia</strong></span> <span class='ocrx_word' id='word_1_7' title='bbox 568 471 614 520; x_wconf 93' lang='lat' dir='ltr'><strong>ego</strong></span> <span class='ocrx_word' id='word_1_8' title='bbox 632 455 717 505; x_wconf 76' lang='lat' dir='ltr'><strong>infelix</strong></span> <span class='ocrx_word' id='word_1_9' title='bbox 735 470 779 520; x_wconf 94' lang='lat' dir='ltr'><strong>pro</strong></span> <span class='ocrx_word' id='word_1_10' title='bbox 797 470 898 506; x_wconf 89' lang='lat' dir='ltr'><strong>munere</strong></span> <span class='ocrx_word' id='word_1_11' title='bbox 915 471 1020 506; x_wconf 88' lang='lat' dir='ltr'><strong>munera</strong></span> <span class='ocrx_word' id='word_1_12' title='bbox 1036 451 1157 507; x_wconf 67' lang='lat' dir='ltr'><strong>reddam?</strong></span> 
     </span>
     <span class='ocr_line' id='line_1_3' title="bbox 528 527 1078 590; baseline -0.004 -13"><span class='ocrx_word' id='word_1_13' title='bbox 528 528 597 577; x_wconf 90' lang='lat' dir='ltr'><strong>Dum</strong></span> <span class='ocrx_word' id='word_1_14' title='bbox 615 528 647 575; x_wconf 89' lang='lat' dir='ltr'><strong>sit</strong></span> <span class='ocrx_word' id='word_1_15' title='bbox 664 541 819 575; x_wconf 89' lang='lat' dir='ltr'><strong>nummorum</strong></span> <span class='ocrx_word' id='word_1_16' title='bbox 837 529 908 590; x_wconf 91' lang='lat' dir='ltr'><strong>copia</strong></span> <span class='ocrx_word' id='word_1_17' title='bbox 925 527 995 576; x_wconf 89' lang='lat' dir='ltr'><strong>nulla</strong></span> <span class='ocrx_word' id='word_1_18' title='bbox 1012 527 1078 576; x_wconf 89' lang='lat' dir='ltr'><strong>mihi.</strong></span> 
     </span>
    </p>

    <p class='ocr_par' dir='ltr' id='par_1_3' title="bbox 456 598 1153 871">
     <span class='ocr_line' id='line_1_4' title="bbox 457 598 1152 661; baseline -0.003 -13"><span class='ocrx_word' id='word_1_19' title='bbox 457 599 499 648; x_wconf 81' lang='lat' dir='ltr'><strong>Nil</strong></span> <span class='ocrx_word' id='word_1_20' title='bbox 519 599 586 648; x_wconf 87' lang='lat' dir='ltr'><strong>aliud</strong></span> <span class='ocrx_word' id='word_1_21' title='bbox 605 613 661 646; x_wconf 89' lang='lat' dir='ltr'><strong>oum</strong></span> <span class='ocrx_word' id='word_1_22' title='bbox 680 599 712 645; x_wconf 87' lang='lat' dir='ltr'><strong>sit</strong></span> <span class='ocrx_word' id='word_1_23' title='bbox 729 598 789 646; x_wconf 90' lang='lat' dir='ltr'><strong>mihi</strong></span> <span class='ocrx_word' id='word_1_24' title='bbox 805 601 857 659; x_wconf 89' lang='lat' dir='ltr'><strong>jam</strong></span> <span class='ocrx_word' id='word_1_25' title='bbox 875 613 919 661; x_wconf 93' lang='lat' dir='ltr'><strong>pro</strong></span> <span class='ocrx_word' id='word_1_26' title='bbox 937 612 1037 647; x_wconf 90' lang='lat' dir='ltr'><strong>munere</strong></span> <span class='ocrx_word' id='word_1_27' title='bbox 1056 613 1152 655; x_wconf 86' lang='lat' dir='ltr'><strong>munus,</strong></span> 
     </span>
     <span class='ocr_line' id='line_1_5' title="bbox 527 668 1101 731; baseline -0.003 -12"><span class='ocrx_word' id='word_1_28' title='bbox 527 669 631 719; x_wconf 86' lang='lat' dir='ltr'><strong>Munere</strong></span> <span class='ocrx_word' id='word_1_29' title='bbox 650 684 692 731; x_wconf 92' lang='lat' dir='ltr'><strong>pro</strong></span> <span class='ocrx_word' id='word_1_30' title='bbox 710 675 782 717; x_wconf 88' lang='lat' dir='ltr'><strong>tanto</strong></span> <span class='ocrx_word' id='word_1_31' title='bbox 800 683 888 718; x_wconf 89' lang='lat' dir='ltr'><strong>munus</strong></span> <span class='ocrx_word' id='word_1_32' title='bbox 906 669 1009 718; x_wconf 87' lang='lat' dir='ltr'><strong>habebis</strong></span> <span class='ocrx_word' id='word_1_33' title='bbox 1026 668 1101 717; x_wconf 91' lang='lat' dir='ltr'><strong>idem.</strong></span> 
     </span>
     <span class='ocr_line' id='line_1_6' title="bbox 456 736 1153 803; baseline -0.003 -13"><span class='ocrx_word' id='word_1_34' title='bbox 456 739 562 790; x_wconf 86' lang='lat' dir='ltr'><strong>Nescius</strong></span> <span class='ocrx_word' id='word_1_35' title='bbox 582 741 690 803; x_wconf 88' lang='lat' dir='ltr'><strong>accipies</strong></span> <span class='ocrx_word' id='word_1_36' title='bbox 708 746 754 787; x_wconf 89' lang='lat' dir='ltr'><strong>tua</strong></span> <span class='ocrx_word' id='word_1_37' title='bbox 771 736 954 803; x_wconf 29' lang='lat' dir='ltr'><strong>munera4(sint</strong></span> <span class='ocrx_word' id='word_1_38' title='bbox 972 738 1032 788; x_wconf 90' lang='lat' dir='ltr'><strong>licet</strong></span> <span class='ocrx_word' id='word_1_39' title='bbox 1050 736 1153 801; x_wconf 85' lang='lat' dir='ltr'><strong>ampla),</strong></span> 
     </span>
     <span class='ocr_line' id='line_1_7' title="bbox 527 809 1091 871; baseline -0.007 -11"><span class='ocrx_word' id='word_1_40' title='bbox 527 810 634 860; x_wconf 82' lang='lat' dir='ltr'><strong>Nescius</strong></span> <span class='ocrx_word' id='word_1_41' title='bbox 653 810 760 871; x_wconf 80' lang='lat' dir='ltr'><strong>accipies</strong></span> <span class='ocrx_word' id='word_1_42' title='bbox 779 824 818 858; x_wconf 89' lang='lat' dir='ltr'><strong>me</strong></span> <span class='ocrx_word' id='word_1_43' title='bbox 837 809 894 859; x_wconf 89' lang='lat' dir='ltr'><strong>hinc</strong></span> <span class='ocrx_word' id='word_1_44' title='bbox 913 810 1020 859; x_wconf 89' lang='lat' dir='ltr'><strong>abeunte</strong></span> <span class='ocrx_word' id='word_1_45' title='bbox 1039 815 1091 857; x_wconf 87' lang='lat' dir='ltr'><strong>tua.</strong></span> 
     </span>
    </p>

    <p class='ocr_par' dir='ltr' id='par_1_4' title="bbox 455 880 1156 1084">
     <span class='ocr_line' id='line_1_8' title="bbox 459 880 1097 945; baseline -0.009 -14"><span class='ocrx_word' id='word_1_46' title='bbox 459 881 513 932; x_wconf 83' lang='lat' dir='ltr'><strong>Non</strong></span> <span class='ocrx_word' id='word_1_47' title='bbox 534 896 580 945; x_wconf 89' lang='lat' dir='ltr'><strong>ego</strong></span> <span class='ocrx_word' id='word_1_48' title='bbox 600 880 709 929; x_wconf 86' lang='lat' dir='ltr'><strong>delector</strong></span> <span class='ocrx_word' id='word_1_49' title='bbox 726 881 840 942; x_wconf 89' lang='lat' dir='ltr'><strong>perituris</strong></span> <span class='ocrx_word' id='word_1_50' title='bbox 858 880 896 928; x_wconf 89' lang='lat' dir='ltr'><strong>his</strong></span> <span class='ocrx_word' id='word_1_51' title='bbox 915 881 965 929; x_wconf 90' lang='lat' dir='ltr'><strong>cito</strong></span> <span class='ocrx_word' id='word_1_52' title='bbox 983 880 1097 938; x_wconf 86' lang='lat' dir='ltr'><strong>nummis,</strong></span> 
     </span>
     <span class='ocr_line' id='line_1_9' title="bbox 529 949 1089 1014; baseline -0.007 -14"><span class='ocrx_word' id='word_1_53' title='bbox 529 952 629 1000; x_wconf 81' lang='lat' dir='ltr'><strong>Artibus</strong></span> <span class='ocrx_word' id='word_1_54' title='bbox 647 952 762 1014; x_wconf 77' lang='lat' dir='ltr'><strong>ingenuis</strong></span> <span class='ocrx_word' id='word_1_55' title='bbox 780 951 876 1014; x_wconf 88' lang='lat' dir='ltr'><strong>gaudeo</strong></span> <span class='ocrx_word' id='word_1_56' title='bbox 896 950 983 1000; x_wconf 88' lang='lat' dir='ltr'><strong>adesse</strong></span> <span class='ocrx_word' id='word_1_57' title='bbox 1001 949 1089 1013; x_wconf 88' lang='lat' dir='ltr'><strong>magis.</strong></span> 
     </span>
     <span class='ocr_line' id='line_1_10' title="bbox 455 1020 1156 1084; baseline -0.004 -13"><span class='ocrx_word' id='word_1_58' title='bbox 455 1021 522 1071; x_wconf 81' lang='lat' dir='ltr'><strong>Nam</strong></span> <span class='ocrx_word' id='word_1_59' title='bbox 540 1023 620 1071; x_wconf 78' lang='lat' dir='ltr'><strong>brevis</strong></span> <span class='ocrx_word' id='word_1_60' title='bbox 640 1028 714 1083; x_wconf 89' lang='lat' dir='ltr'><strong>atque</strong></span> <span class='ocrx_word' id='word_1_61' title='bbox 733 1023 781 1070; x_wconf 91' lang='lat' dir='ltr'><strong>cito</strong></span> <span class='ocrx_word' id='word_1_62' title='bbox 799 1023 892 1070; x_wconf 90' lang='lat' dir='ltr'><strong>nummi</strong></span> <span class='ocrx_word' id='word_1_63' title='bbox 910 1023 1019 1084; x_wconf 88' lang='lat' dir='ltr'><strong>peritura</strong></span> <span class='ocrx_word' id='word_1_64' title='bbox 1036 1020 1156 1082; x_wconf 80' lang='lat' dir='ltr'><strong>voluptas,</strong></span> 
     </span>
    </p>

    <p class='ocr_par' dir='ltr' id='par_1_5' title="bbox 454 1091 1195 2296">
     <span class='ocr_line' id='line_1_11' title="bbox 528 1091 1146 1155; baseline -0.006 -13"><span class='ocrx_word' id='word_1_65' title='bbox 528 1093 600 1152; x_wconf 87' lang='lat' dir='ltr'><strong>Quae</strong></span> <span class='ocrx_word' id='word_1_66' title='bbox 618 1093 686 1140; x_wconf 83' lang='lat' dir='ltr'><strong>venit</strong></span> <span class='ocrx_word' id='word_1_67' title='bbox 705 1107 735 1140; x_wconf 90' lang='lat' dir='ltr'><strong>ex</strong></span> <span class='ocrx_word' id='word_1_68' title='bbox 753 1091 839 1140; x_wconf 91' lang='lat' dir='ltr'><strong>studiis</strong></span> <span class='ocrx_word' id='word_1_69' title='bbox 857 1108 906 1140; x_wconf 91' lang='lat' dir='ltr'><strong>non</strong></span> <span class='ocrx_word' id='word_1_70' title='bbox 924 1092 1034 1155; x_wconf 88' lang='lat' dir='ltr'><strong>peritura</strong></span> <span class='ocrx_word' id='word_1_71' title='bbox 1052 1092 1146 1153; x_wconf 55' lang='lat' dir='ltr'><strong>venit.=</strong></span> 
     </span>
     <span class='ocr_line' id='line_1_12' title="bbox 456 1162 1119 1227; baseline -0.003 -17"><span class='ocrx_word' id='word_1_72' title='bbox 456 1164 502 1212; x_wconf 86' lang='lat' dir='ltr'><strong>Vis</strong></span> <span class='ocrx_word' id='word_1_73' title='bbox 518 1170 647 1227; x_wconf 87' lang='lat' dir='ltr'><strong>praestare</strong></span> <span class='ocrx_word' id='word_1_74' title='bbox 666 1162 726 1210; x_wconf 91' lang='lat' dir='ltr'><strong>mihi</strong></span> <span class='ocrx_word' id='word_1_75' title='bbox 745 1163 886 1226; x_wconf 88' lang='lat' dir='ltr'><strong>gratissima</strong></span> <span class='ocrx_word' id='word_1_76' title='bbox 902 1176 1013 1215; x_wconf 87' lang='lat' dir='ltr'><strong>munera.</strong></span> <span class='ocrx_word' id='word_1_77' title='bbox 1032 1175 1119 1209; x_wconf 89' lang='lat' dir='ltr'><strong>munus</strong></span> 
     </span>
     <span class='ocr_line' id='line_1_13' title="bbox 528 1233 1174 1298; baseline -0.008 -15"><span class='ocrx_word' id='word_1_78' title='bbox 528 1235 614 1298; x_wconf 81' lang='lat' dir='ltr'><strong>Adque</strong></span> <span class='ocrx_word' id='word_1_79' title='bbox 632 1246 702 1281; x_wconf 84' lang='lat' dir='ltr'><strong>meas</strong></span> <span class='ocrx_word' id='word_1_80' title='bbox 721 1233 808 1281; x_wconf 90' lang='lat' dir='ltr'><strong>redeat</strong></span> <span class='ocrx_word' id='word_1_81' title='bbox 825 1233 955 1295; x_wconf 83' lang='lat' dir='ltr'><strong>perditum,</strong></span> <span class='ocrx_word' id='word_1_82' title='bbox 974 1233 1062 1286; x_wconf 87' lang='lat' dir='ltr'><strong>amice,</strong></span> <span class='ocrx_word' id='word_1_83' title='bbox 1080 1245 1174 1280; x_wconf 86' lang='lat' dir='ltr'><strong>manus.</strong></span> 
     </span>
     <span class='ocr_line' id='line_1_14' title="bbox 457 1304 1097 1368; baseline -0.008 -14"><span class='ocrx_word' id='word_1_84' title='bbox 457 1306 545 1354; x_wconf 85' lang='lat' dir='ltr'><strong>Gratia</strong></span> <span class='ocrx_word' id='word_1_85' title='bbox 563 1311 637 1368; x_wconf 87' lang='lat' dir='ltr'><strong>grata</strong></span> <span class='ocrx_word' id='word_1_86' title='bbox 655 1304 714 1351; x_wconf 90' lang='lat' dir='ltr'><strong>mihi</strong></span> <span class='ocrx_word' id='word_1_87' title='bbox 734 1304 814 1358; x_wconf 88' lang='lat' dir='ltr'><strong>inerit,</strong></span> <span class='ocrx_word' id='word_1_88' title='bbox 834 1304 975 1366; x_wconf 89' lang='lat' dir='ltr'><strong>gratissima</strong></span> <span class='ocrx_word' id='word_1_89' title='bbox 994 1304 1097 1357; x_wconf 87' lang='lat' dir='ltr'><strong>cunctis,</strong></span> 
     </span>
     <span class='ocr_line' id='line_1_15' title="bbox 526 1374 1079 1437; baseline -0.009 -13"><span class='ocrx_word' id='word_1_90' title='bbox 526 1375 603 1424; x_wconf 81' lang='lat' dir='ltr'><strong>Nulla</strong></span> <span class='ocrx_word' id='word_1_91' title='bbox 621 1375 704 1422; x_wconf 89' lang='lat' dir='ltr'><strong>lutura</strong></span> <span class='ocrx_word' id='word_1_92' title='bbox 722 1374 780 1422; x_wconf 90' lang='lat' dir='ltr'><strong>mihi</strong></span> <span class='ocrx_word' id='word_1_93' title='bbox 799 1375 882 1437; x_wconf 88' lang='lat' dir='ltr'><strong>gratia</strong></span> <span class='ocrx_word' id='word_1_94' title='bbox 900 1380 973 1437; x_wconf 89' lang='lat' dir='ltr'><strong>grata</strong></span> <span class='ocrx_word' id='word_1_95' title='bbox 991 1374 1079 1435; x_wconf 85' lang='lat' dir='ltr'><strong>magis,</strong></span> 
     </span>
     <span class='ocr_line' id='line_1_16' title="bbox 456 1443 1076 1502; baseline -0.008 -7"><span class='ocrx_word' id='word_1_96' title='bbox 456 1445 483 1496; x_wconf 84' lang='lat' dir='ltr'><strong>Si</strong></span> <span class='ocrx_word' id='word_1_97' title='bbox 503 1447 598 1494; x_wconf 87' lang='lat' dir='ltr'><strong>dederis</strong></span> <span class='ocrx_word' id='word_1_98' title='bbox 618 1451 718 1494; x_wconf 88' lang='lat' dir='ltr'><strong>centum</strong></span> <span class='ocrx_word' id='word_1_99' title='bbox 736 1460 889 1493; x_wconf 89' lang='lat' dir='ltr'><strong>nummorum</strong></span> <span class='ocrx_word' id='word_1_100' title='bbox 907 1444 984 1491; x_wconf 89' lang='lat' dir='ltr'><strong>millia</strong></span> <span class='ocrx_word' id='word_1_101' title='bbox 1001 1443 1076 1502; x_wconf 83' lang='lat' dir='ltr'><strong>mille,</strong></span> 
     </span>
     <span class='ocr_line' id='line_1_17' title="bbox 527 1513 1096 1579; baseline -0.012 -14"><span class='ocrx_word' id='word_1_102' title='bbox 527 1519 645 1565; x_wconf 75' lang='lat' dir='ltr'><strong>Attamen</strong></span> <span class='ocrx_word' id='word_1_103' title='bbox 665 1517 765 1579; x_wconf 84' lang='lat' dir='ltr'><strong>ingrata</strong></span> <span class='ocrx_word' id='word_1_104' title='bbox 783 1520 822 1563; x_wconf 90' lang='lat' dir='ltr'><strong>est</strong></span> <span class='ocrx_word' id='word_1_105' title='bbox 839 1516 921 1579; x_wconf 61' lang='lat' dir='ltr'><strong>mutia</strong></span> <span class='ocrx_word' id='word_1_106' title='bbox 939 1520 1013 1563; x_wconf 86' lang='lat' dir='ltr'><strong>tanta</strong></span> <span class='ocrx_word' id='word_1_107' title='bbox 1030 1513 1096 1562; x_wconf 88' lang='lat' dir='ltr'><strong>mibi.</strong></span> 
     </span>
     <span class='ocr_line' id='line_1_18' title="bbox 454 1585 1086 1649; baseline -0.006 -13"><span class='ocrx_word' id='word_1_108' title='bbox 454 1587 523 1637; x_wconf 86' lang='lat' dir='ltr'><strong>lilius</strong></span> <span class='ocrx_word' id='word_1_109' title='bbox 542 1593 653 1649; x_wconf 82' lang='lat' dir='ltr'><strong>aspectu.</strong></span> <span class='ocrx_word' id='word_1_110' title='bbox 673 1587 712 1633; x_wconf 83' lang='lat' dir='ltr'><strong>rix</strong></span> <span class='ocrx_word' id='word_1_111' title='bbox 731 1591 829 1649; x_wconf 91' lang='lat' dir='ltr'><strong>gratum</strong></span> <span class='ocrx_word' id='word_1_112' title='bbox 848 1585 951 1634; x_wconf 87' lang='lat' dir='ltr'><strong>reddere</strong></span> <span class='ocrx_word' id='word_1_113' title='bbox 971 1585 1086 1638; x_wconf 84' lang='lat' dir='ltr'><strong>amicum.</strong></span> 
     </span>
     <span class='ocr_line' id='line_1_19' title="bbox 527 1657 1100 1720; baseline -0.009 -14"><span class='ocrx_word' id='word_1_114' title='bbox 527 1659 628 1706; x_wconf 88' lang='lat' dir='ltr'><strong>Perdita</strong></span> <span class='ocrx_word' id='word_1_115' title='bbox 646 1657 686 1704; x_wconf 89' lang='lat' dir='ltr'><strong>lac</strong></span> <span class='ocrx_word' id='word_1_116' title='bbox 705 1658 816 1709; x_wconf 81' lang='lat' dir='ltr'><strong>redeant.</strong></span> <span class='ocrx_word' id='word_1_117' title='bbox 836 1663 921 1720; x_wconf 88' lang='lat' dir='ltr'><strong>gratus</strong></span> <span class='ocrx_word' id='word_1_118' title='bbox 940 1657 1033 1703; x_wconf 88' lang='lat' dir='ltr'><strong>amicus</strong></span> <span class='ocrx_word' id='word_1_119' title='bbox 1052 1669 1100 1704; x_wconf 89' lang='lat' dir='ltr'><strong>ero.</strong></span> 
     </span>
     <span class='ocr_line' id='line_1_20' title="bbox 456 1724 1123 1792; baseline -0.006 -16"><span class='ocrx_word' id='word_1_120' title='bbox 456 1729 482 1776; x_wconf 90' lang='lat' dir='ltr'><strong>Si</strong></span> <span class='ocrx_word' id='word_1_121' title='bbox 501 1730 560 1792; x_wconf 94' lang='lat' dir='ltr'><strong>quid</strong></span> <span class='ocrx_word' id='word_1_122' title='bbox 577 1729 672 1776; x_wconf 91' lang='lat' dir='ltr'><strong>habent</strong></span> <span class='ocrx_word' id='word_1_123' title='bbox 690 1729 750 1776; x_wconf 88' lang='lat' dir='ltr'><strong>certi</strong></span> <span class='ocrx_word' id='word_1_124' title='bbox 769 1727 931 1791; x_wconf 79' lang='lat' dir='ltr'><strong>pulcherrima</strong></span> <span class='ocrx_word' id='word_1_125' title='bbox 949 1727 1043 1774; x_wconf 87' lang='lat' dir='ltr'><strong>lumina</strong></span> <span class='ocrx_word' id='word_1_126' title='bbox 1061 1724 1123 1775; x_wconf 90' lang='lat' dir='ltr'><strong>coeli</strong></span> 
     </span>
     <span class='ocr_line' id='line_1_21' title="bbox 526 1796 1112 1858; baseline -0.01 -10"><span class='ocrx_word' id='word_1_127' title='bbox 526 1799 626 1854; x_wconf 79' lang='lat' dir='ltr'><strong>iudicii,</strong></span> <span class='ocrx_word' id='word_1_128' title='bbox 644 1798 767 1846; x_wconf 91' lang='lat' dir='ltr'><strong>occultum</strong></span> <span class='ocrx_word' id='word_1_129' title='bbox 786 1798 825 1846; x_wconf 91' lang='lat' dir='ltr'><strong>dic</strong></span> <span class='ocrx_word' id='word_1_130' title='bbox 843 1798 902 1846; x_wconf 88' lang='lat' dir='ltr'><strong>mibi</strong></span> <span class='ocrx_word' id='word_1_131' title='bbox 921 1797 1005 1858; x_wconf 83' lang='lat' dir='ltr'><strong>Tycho</strong></span> <span class='ocrx_word' id='word_1_132' title='bbox 1023 1796 1112 1845; x_wconf 87' lang='lat' dir='ltr'><strong>locum.</strong></span> 
     </span>
     <span class='ocr_line' id='line_1_22' title="bbox 457 1867 1106 1932; baseline -0.008 -12"><span class='ocrx_word' id='word_1_133' title='bbox 457 1869 514 1926; x_wconf 85' lang='lat' dir='ltr'><strong>Dic.</strong></span> <span class='ocrx_word' id='word_1_134' title='bbox 533 1871 574 1919; x_wconf 91' lang='lat' dir='ltr'><strong>ubi</strong></span> <span class='ocrx_word' id='word_1_135' title='bbox 593 1870 714 1932; x_wconf 89' lang='lat' dir='ltr'><strong>deponam</strong></span> <span class='ocrx_word' id='word_1_136' title='bbox 732 1875 778 1916; x_wconf 88' lang='lat' dir='ltr'><strong>tua</strong></span> <span class='ocrx_word' id='word_1_137' title='bbox 796 1883 900 1917; x_wconf 90' lang='lat' dir='ltr'><strong>munera</strong></span> <span class='ocrx_word' id='word_1_138' title='bbox 917 1867 1011 1916; x_wconf 84' lang='lat' dir='ltr'><strong>tradita</strong></span> <span class='ocrx_word' id='word_1_139' title='bbox 1028 1868 1106 1922; x_wconf 77' lang='lat' dir='ltr'><strong>noba,</strong></span> 
     </span>
     <span class='ocr_line' id='line_1_23' title="bbox 526 1937 1105 2003; baseline -0.01 -13"><span class='ocrx_word' id='word_1_140' title='bbox 526 1941 573 1990; x_wconf 87' lang='lat' dir='ltr'><strong>Dic</strong></span> <span class='ocrx_word' id='word_1_141' title='bbox 593 1946 619 1989; x_wconf 89' lang='lat' dir='ltr'><strong>et</strong></span> <span class='ocrx_word' id='word_1_142' title='bbox 638 1941 684 1988; x_wconf 88' lang='lat' dir='ltr'><strong>eris</strong></span> <span class='ocrx_word' id='word_1_143' title='bbox 703 1941 790 1988; x_wconf 82' lang='lat' dir='ltr'><strong>merito</strong></span> <span class='ocrx_word' id='word_1_144' title='bbox 809 1953 915 2003; x_wconf 88' lang='lat' dir='ltr'><strong>magnus</strong></span> <span class='ocrx_word' id='word_1_145' title='bbox 935 1937 1021 2000; x_wconf 79' lang='lat' dir='ltr'><strong>Apollo</strong></span> <span class='ocrx_word' id='word_1_146' title='bbox 1039 1938 1105 1986; x_wconf 90' lang='lat' dir='ltr'><strong>mibi.</strong></span> 
     </span>
     <span class='ocr_line' id='line_1_24' title="bbox 457 2010 1150 2072; baseline -0.004 -11"><span class='ocrx_word' id='word_1_147' title='bbox 457 2010 502 2062; x_wconf 89' lang='lat' dir='ltr'><strong>Sin</strong></span> <span class='ocrx_word' id='word_1_148' title='bbox 521 2013 601 2068; x_wconf 83' lang='lat' dir='ltr'><strong>aliter.</strong></span> <span class='ocrx_word' id='word_1_149' title='bbox 621 2011 704 2059; x_wconf 88' lang='lat' dir='ltr'><strong>dubito</strong></span> <span class='ocrx_word' id='word_1_150' title='bbox 723 2010 848 2059; x_wconf 72' lang='lat' dir='ltr'><strong>titubante</strong></span> <span class='ocrx_word' id='word_1_151' title='bbox 867 2016 958 2067; x_wconf 82' lang='lat' dir='ltr'><strong>mente,</strong></span> <span class='ocrx_word' id='word_1_152' title='bbox 978 2020 1150 2072; x_wconf 82' lang='lat' dir='ltr'><strong>necunquam</strong></span> 
     </span>
     <span class='ocr_line' id='line_1_25' title="bbox 528 2079 1024 2132; baseline -0.016 0"><span class='ocrx_word' id='word_1_153' title='bbox 528 2083 626 2132; x_wconf 75' lang='lat' dir='ltr'><strong>Artibus</strong></span> <span class='ocrx_word' id='word_1_154' title='bbox 644 2082 696 2130; x_wconf 88' lang='lat' dir='ltr'><strong>ulla</strong></span> <span class='ocrx_word' id='word_1_155' title='bbox 713 2082 762 2130; x_wconf 87' lang='lat' dir='ltr'><strong>tuis</strong></span> <span class='ocrx_word' id='word_1_156' title='bbox 781 2080 940 2130; x_wconf 86' lang='lat' dir='ltr'><strong>attribuenda</strong></span> <span class='ocrx_word' id='word_1_157' title='bbox 956 2079 1024 2128; x_wconf 87' lang='lat' dir='ltr'><strong>fides.</strong></span> 
     </span>
     <span class='ocr_line' id='line_1_26' title="bbox 455 2150 1195 2214; baseline -0.007 -10"><span class='ocrx_word' id='word_1_158' title='bbox 455 2154 527 2205; x_wconf 82' lang='lat' dir='ltr'><strong>Haec</strong></span> <span class='ocrx_word' id='word_1_159' title='bbox 545 2153 593 2203; x_wconf 90' lang='lat' dir='ltr'><strong>dno</strong></span> <span class='ocrx_word' id='word_1_160' title='bbox 610 2153 632 2201; x_wconf 89' lang='lat' dir='ltr'><strong>si</strong></span> <span class='ocrx_word' id='word_1_161' title='bbox 651 2152 755 2207; x_wconf 81' lang='lat' dir='ltr'><strong>cilicias,</strong></span> <span class='ocrx_word' id='word_1_162' title='bbox 774 2158 819 2200; x_wconf 88' lang='lat' dir='ltr'><strong>tna</strong></span> <span class='ocrx_word' id='word_1_163' title='bbox 836 2158 944 2214; x_wconf 88' lang='lat' dir='ltr'><strong>tuncque</strong></span> <span class='ocrx_word' id='word_1_164' title='bbox 961 2151 1076 2212; x_wconf 87' lang='lat' dir='ltr'><strong>perennis</strong></span> <span class='ocrx_word' id='word_1_165' title='bbox 1093 2151 1119 2198; x_wconf 89' lang='lat' dir='ltr'><strong>in</strong></span> <span class='ocrx_word' id='word_1_166' title='bbox 1137 2150 1195 2199; x_wconf 83' lang='lat' dir='ltr'><strong>orbe</strong></span> 
     </span>
     <span class='ocr_line' id='line_1_27' title="bbox 528 2219 1118 2296; baseline -0.007 -24"><span class='ocrx_word' id='word_1_167' title='bbox 528 2225 609 2296; x_wconf 79' lang='lat' dir='ltr'><strong>Atque</strong></span> <span class='ocrx_word' id='word_1_168' title='bbox 629 2225 675 2272; x_wconf 86' lang='lat' dir='ltr'><strong>erit</strong></span> <span class='ocrx_word' id='word_1_169' title='bbox 692 2223 803 2272; x_wconf 84' lang='lat' dir='ltr'><strong>Uraniae</strong></span> <span class='ocrx_word' id='word_1_170' title='bbox 821 2219 931 2271; x_wconf 86' lang='lat' dir='ltr'><strong>maxima</strong></span> <span class='ocrx_word' id='word_1_171' title='bbox 948 2220 1032 2269; x_wconf 91' lang='lat' dir='ltr'><strong>danda</strong></span> <span class='ocrx_word' id='word_1_172' title='bbox 1049 2220 1118 2269; x_wconf 85' lang='lat' dir='ltr'><strong>fides.</strong></span> 
     </span>
    </p>
   </div>
   <div class='ocr_carea' id='block_1_3' title="bbox 932 2301 1498 2376">
    <p class='ocr_par' dir='ltr' id='par_1_6' title="bbox 932 2301 1498 2376">
     <span class='ocr_line' id='line_1_28' title="bbox 932 2301 1498 2376; baseline 0.009 -21"><span class='ocrx_word' id='word_1_173' title='bbox 932 2306 1016 2374; x_wconf 80' lang='grc' dir='ltr'><strong><em>φιλος</em></strong></span> <span class='ocrx_word' id='word_1_174' title='bbox 1034 2301 1124 2376; x_wconf 70' lang='grc' dir='ltr'><em>ἕτερος</em></span> <span class='ocrx_word' id='word_1_175' title='bbox 1142 2301 1197 2373; x_wconf 75' lang='lat' dir='ltr'><strong>syo</strong></span> <span class='ocrx_word' id='word_1_176' title='bbox 1214 2306 1246 2357; x_wconf 82' lang='lat' dir='ltr'><strong>N.</strong></span> <span class='ocrx_word' id='word_1_177' title='bbox 1266 2306 1296 2356; x_wconf 76' lang='lat' dir='ltr'><strong>a</strong></span> <span class='ocrx_word' id='word_1_178' title='bbox 1315 2304 1413 2360; x_wconf 85' lang='lat' dir='ltr'><strong>Ursus</strong></span> <span class='ocrx_word' id='word_1_179' title='bbox 1431 2325 1498 2376; x_wconf 82' lang='lat' dir='ltr'><strong>mpp</strong></span> 
     </span>
    </p>
   </div>
   <div class='ocr_carea' id='block_1_4' title="bbox 119 2413 1538 3630">
    <p class='ocr_par' dir='ltr' id='par_1_7' title="bbox 119 2413 1538 2767">
     <span class='ocr_line' id='line_1_29' title="bbox 244 2413 1535 2478; baseline -0.001 -11"><span class='ocrx_word' id='word_1_180' title='bbox 244 2418 328 2468; x_wconf 85' lang='lat' dir='ltr'><strong>Minus</strong></span> <span class='ocrx_word' id='word_1_181' title='bbox 345 2419 384 2467; x_wconf 87' lang='lat' dir='ltr'><strong>bis</strong></span> <span class='ocrx_word' id='word_1_182' title='bbox 401 2418 511 2468; x_wconf 80' lang='lat' dir='ltr'><strong>versibus</strong></span> <span class='ocrx_word' id='word_1_183' title='bbox 529 2419 712 2468; x_wconf 89' lang='lat' dir='ltr'><strong>consentientes</strong></span> <span class='ocrx_word' id='word_1_184' title='bbox 731 2416 802 2465; x_wconf 87' lang='lat' dir='ltr'><strong>addit</strong></span> <span class='ocrx_word' id='word_1_185' title='bbox 813 2415 890 2466; x_wconf 85' lang='lat' dir='ltr'><strong>Ursus</strong></span> <span class='ocrx_word' id='word_1_186' title='bbox 907 2415 989 2465; x_wconf 86' lang='lat' dir='ltr'><strong>libello</strong></span> <span class='ocrx_word' id='word_1_187' title='bbox 1007 2429 1051 2462; x_wconf 86' lang='lat' dir='ltr'><strong>sno</strong></span> <span class='ocrx_word' id='word_1_188' title='bbox 1066 2413 1121 2471; x_wconf 82' lang='lat' dir='ltr'><strong>„De</strong></span> <span class='ocrx_word' id='word_1_189' title='bbox 1133 2415 1309 2463; x_wconf 71' lang='lat' dir='ltr'><strong>Asuonomleis</strong></span> <span class='ocrx_word' id='word_1_190' title='bbox 1320 2414 1535 2478; x_wconf 73' lang='lat' dir='ltr'><strong>Hypotbesibua·</strong></span> 
     </span>
     <span class='ocr_line' id='line_1_30' title="bbox 173 2483 1534 2552; baseline -0.001 -15"><span class='ocrx_word' id='word_1_191' title='bbox 173 2488 325 2552; x_wconf 78' lang='lat' dir='ltr'><strong>Tycbonem,</strong></span> <span class='ocrx_word' id='word_1_192' title='bbox 345 2491 389 2545; x_wconf 84' lang='lat' dir='ltr'><strong>ait,</strong></span> <span class='ocrx_word' id='word_1_193' title='bbox 409 2505 457 2538; x_wconf 91' lang='lat' dir='ltr'><strong>nou</strong></span> <span class='ocrx_word' id='word_1_194' title='bbox 478 2504 574 2538; x_wconf 85' lang='lat' dir='ltr'><strong>omnem</strong></span> <span class='ocrx_word' id='word_1_195' title='bbox 593 2489 718 2552; x_wconf 86' lang='lat' dir='ltr'><strong>possidere</strong></span> <span class='ocrx_word' id='word_1_196' title='bbox 736 2488 885 2550; x_wconf 86' lang='lat' dir='ltr'><strong>sapientiam</strong></span> <span class='ocrx_word' id='word_1_197' title='bbox 903 2488 928 2534; x_wconf 91' lang='lat' dir='ltr'><strong>in</strong></span> <span class='ocrx_word' id='word_1_198' title='bbox 948 2485 1067 2535; x_wconf 89' lang='lat' dir='ltr'><strong>cerebello</strong></span> <span class='ocrx_word' id='word_1_199' title='bbox 1085 2499 1129 2533; x_wconf 90' lang='lat' dir='ltr'><strong>suo</strong></span> <span class='ocrx_word' id='word_1_200' title='bbox 1147 2483 1257 2540; x_wconf 81' lang='lat' dir='ltr'><strong>Danico.</strong></span> <span class='ocrx_word' id='word_1_201' title='bbox 1281 2500 1361 2549; x_wconf 77' lang='lat' dir='ltr'><strong>neqrm</strong></span> <span class='ocrx_word' id='word_1_202' title='bbox 1379 2486 1450 2537; x_wconf 84' lang='lat' dir='ltr'><strong>illam</strong></span> <span class='ocrx_word' id='word_1_203' title='bbox 1467 2488 1534 2539; x_wconf 78' lang='lat' dir='ltr'><strong>inta-</strong></span> 
     </span>
     <span class='ocr_line' id='line_1_31' title="bbox 119 2554 1534 2625; baseline -0.003 -15"><span class='ocrx_word' id='word_1_204' title='bbox 119 2574 124 2589; x_wconf 85' lang='grc'>’</span> <span class='ocrx_word' id='word_1_205' title='bbox 175 2574 229 2610; x_wconf 81' lang='lat' dir='ltr'><strong>ram</strong></span> <span class='ocrx_word' id='word_1_206' title='bbox 247 2574 302 2608; x_wconf 84' lang='lat' dir='ltr'><strong>ersa</strong></span> <span class='ocrx_word' id='word_1_207' title='bbox 320 2575 364 2623; x_wconf 91' lang='lat' dir='ltr'><strong>per</strong></span> <span class='ocrx_word' id='word_1_208' title='bbox 382 2561 436 2609; x_wconf 82' lang='lat' dir='ltr'><strong>lats</strong></span> <span class='ocrx_word' id='word_1_209' title='bbox 454 2561 576 2609; x_wconf 81' lang='lat' dir='ltr'><strong>foramina</strong></span> <span class='ocrx_word' id='word_1_210' title='bbox 598 2574 672 2608; x_wconf 87' lang='lat' dir='ltr'><strong>nasus</strong></span> <span class='ocrx_word' id='word_1_211' title='bbox 692 2559 815 2621; x_wconf 86' lang='lat' dir='ltr'><strong>Tychonis</strong></span> <span class='ocrx_word' id='word_1_212' title='bbox 837 2559 942 2621; x_wconf 86' lang='lat' dir='ltr'><strong>praecisi</strong></span> <span class='ocrx_word' id='word_1_213' title='bbox 962 2554 1085 2618; x_wconf 80' lang='lat' dir='ltr'><strong>(constat,</strong></span> <span class='ocrx_word' id='word_1_214' title='bbox 1111 2555 1221 2617; x_wconf 84' lang='lat' dir='ltr'><strong>Tycboni</strong></span> <span class='ocrx_word' id='word_1_215' title='bbox 1238 2571 1314 2620; x_wconf 83' lang='lat' dir='ltr'><strong>quum</strong></span> <span class='ocrx_word' id='word_1_216' title='bbox 1332 2556 1434 2621; x_wconf 71' lang='lat' dir='ltr'><strong>Lipsius</strong></span> <span class='ocrx_word' id='word_1_217' title='bbox 1457 2558 1534 2625; x_wconf 70' lang='lat' dir='ltr'><strong>dege·</strong></span> 
     </span>
     <span class='ocr_line' id='line_1_32' title="bbox 172 2623 1538 2694; baseline -0.002 -13"><span class='ocrx_word' id='word_1_218' title='bbox 172 2631 217 2681; x_wconf 81' lang='lat' dir='ltr'><strong>bat</strong></span> <span class='ocrx_word' id='word_1_219' title='bbox 244 2637 364 2680; x_wconf 91' lang='lat' dir='ltr'><strong>nocturno</strong></span> <span class='ocrx_word' id='word_1_220' title='bbox 389 2639 499 2694; x_wconf 86' lang='lat' dir='ltr'><strong>tempore</strong></span> <span class='ocrx_word' id='word_1_221' title='bbox 527 2632 656 2679; x_wconf 82' lang='lat' dir='ltr'><strong>commisso</strong></span> <span class='ocrx_word' id='word_1_222' title='bbox 682 2631 816 2679; x_wconf 77' lang='lat' dir='ltr'><strong>certamine</strong></span> <span class='ocrx_word' id='word_1_223' title='bbox 834 2629 953 2693; x_wconf 73' lang='lat' dir='ltr'><strong>singulari</strong></span> <span class='ocrx_word' id='word_1_224' title='bbox 971 2641 1059 2676; x_wconf 83' lang='lat' dir='ltr'><strong>nasum</strong></span> <span class='ocrx_word' id='word_1_225' title='bbox 1088 2627 1163 2676; x_wconf 88' lang='lat' dir='ltr'><strong>luisse</strong></span> <span class='ocrx_word' id='word_1_226' title='bbox 1184 2623 1351 2690; x_wconf 83' lang='lat' dir='ltr'><strong>praeeirnm);</strong></span> <span class='ocrx_word' id='word_1_227' title='bbox 1379 2629 1538 2692; x_wconf 75' lang='lat' dir='ltr'><strong>problemata</strong></span> 
     </span>
     <span class='ocr_line' id='line_1_33' title="bbox 172 2701 681 2767; baseline -0.006 -15"><span class='ocrx_word' id='word_1_228' title='bbox 172 2716 231 2767; x_wconf 83' lang='lat' dir='ltr'><strong>argo</strong></span> <span class='ocrx_word' id='word_1_229' title='bbox 250 2701 313 2753; x_wconf 86' lang='lat' dir='ltr'><strong>haec</strong></span> <span class='ocrx_word' id='word_1_230' title='bbox 331 2703 400 2752; x_wconf 91' lang='lat' dir='ltr'><strong>illum</strong></span> <span class='ocrx_word' id='word_1_231' title='bbox 417 2703 511 2752; x_wconf 79' lang='lat' dir='ltr'><strong>solvere</strong></span> <span class='ocrx_word' id='word_1_232' title='bbox 530 2717 579 2750; x_wconf 92' lang='lat' dir='ltr'><strong>non</strong></span> <span class='ocrx_word' id='word_1_233' title='bbox 598 2715 681 2764; x_wconf 87' lang='lat' dir='ltr'><strong>posse:</strong></span> 
     </span>
    </p>

    <p class='ocr_par' dir='ltr' id='par_1_8' title="bbox 457 2784 1159 2923">
     <span class='ocr_line' id='line_1_34' title="bbox 457 2784 1149 2851; baseline -0.007 -12"><span class='ocrx_word' id='word_1_234' title='bbox 457 2787 485 2850; x_wconf 87' lang='lat' dir='ltr'><strong>l)</strong></span> <span class='ocrx_word' id='word_1_235' title='bbox 504 2789 575 2851; x_wconf 86' lang='lat' dir='ltr'><strong>Zoilo</strong></span> <span class='ocrx_word' id='word_1_236' title='bbox 593 2791 613 2837; x_wconf 90' lang='lat' dir='ltr'><strong>si</strong></span> <span class='ocrx_word' id='word_1_237' title='bbox 632 2789 730 2851; x_wconf 88' lang='lat' dir='ltr'><strong>poteris,</strong></span> <span class='ocrx_word' id='word_1_238' title='bbox 749 2792 777 2834; x_wconf 91' lang='lat' dir='ltr'><strong>tn</strong></span> <span class='ocrx_word' id='word_1_239' title='bbox 796 2799 907 2850; x_wconf 89' lang='lat' dir='ltr'><strong>quaeque</strong></span> <span class='ocrx_word' id='word_1_240' title='bbox 925 2784 1052 2848; x_wconf 87' lang='lat' dir='ltr'><strong>triangula</strong></span> <span class='ocrx_word' id='word_1_241' title='bbox 1069 2785 1149 2834; x_wconf 85' lang='lat' dir='ltr'><strong>aolras</strong></span> 
     </span>
     <span class='ocr_line' id='line_1_35' title="bbox 544 2858 1159 2923; baseline -0.007 -14"><span class='ocrx_word' id='word_1_242' title='bbox 544 2861 641 2923; x_wconf 90' lang='lat' dir='ltr'><strong>Perque</strong></span> <span class='ocrx_word' id='word_1_243' title='bbox 659 2861 726 2906; x_wconf 91' lang='lat' dir='ltr'><strong>sinus</strong></span> <span class='ocrx_word' id='word_1_244' title='bbox 746 2858 810 2905; x_wconf 90' lang='lat' dir='ltr'><strong>solos</strong></span> <span class='ocrx_word' id='word_1_245' title='bbox 829 2858 921 2919; x_wconf 89' lang='lat' dir='ltr'><strong>absque</strong></span> <span class='ocrx_word' id='word_1_246' title='bbox 940 2862 1057 2918; x_wconf 83' lang='lat' dir='ltr'><strong>operante</strong></span> <span class='ocrx_word' id='word_1_247' title='bbox 1075 2869 1159 2905; x_wconf 87' lang='lat' dir='ltr'><strong>manu.</strong></span> 
     </span>
    </p>

    <p class='ocr_par' dir='ltr' id='par_1_9' title="bbox 504 2925 1067 2991">
     <span class='ocr_line' id='line_1_36' title="bbox 504 2925 1067 2991; baseline -0.012 -11"><span class='ocrx_word' id='word_1_248' title='bbox 504 2930 539 2980; x_wconf 88' lang='lat' dir='ltr'><strong>Ut</strong></span> <span class='ocrx_word' id='word_1_249' title='bbox 558 2932 642 2979; x_wconf 78' lang='lat' dir='ltr'><strong>divisio</strong></span> <span class='ocrx_word' id='word_1_250' title='bbox 661 2944 709 2977; x_wconf 89' lang='lat' dir='ltr'><strong>neo</strong></span> <span class='ocrx_word' id='word_1_251' title='bbox 728 2943 806 2991; x_wconf 87' lang='lat' dir='ltr'><strong>neque</strong></span> <span class='ocrx_word' id='word_1_252' title='bbox 824 2926 996 2988; x_wconf 70' lang='lat' dir='ltr'><strong>multiplicatio</strong></span> <span class='ocrx_word' id='word_1_253' title='bbox 1014 2925 1067 2980; x_wconf 84' lang='lat' dir='ltr'><strong>liat,</strong></span> 
     </span>
    </p>

    <p class='ocr_par' dir='ltr' id='par_1_10' title="bbox 545 2997 1121 3064">
     <span class='ocr_line' id='line_1_37' title="bbox 545 2997 1121 3064; baseline -0.003 -15"><span class='ocrx_word' id='word_1_254' title='bbox 545 3001 584 3049; x_wconf 91' lang='lat' dir='ltr'><strong>Sit</strong></span> <span class='ocrx_word' id='word_1_255' title='bbox 601 3015 746 3064; x_wconf 89' lang='lat' dir='ltr'><strong>quocunque</strong></span> <span class='ocrx_word' id='word_1_256' title='bbox 764 3000 818 3048; x_wconf 84' lang='lat' dir='ltr'><strong>loco</strong></span> <span class='ocrx_word' id='word_1_257' title='bbox 837 2999 958 3046; x_wconf 88' lang='lat' dir='ltr'><strong>maximus</strong></span> <span class='ocrx_word' id='word_1_258' title='bbox 976 2999 1028 3059; x_wconf 89' lang='lat' dir='ltr'><strong>ipse</strong></span> <span class='ocrx_word' id='word_1_259' title='bbox 1046 2997 1121 3046; x_wconf 85' lang='lat' dir='ltr'><strong>sinus.</strong></span> 
     </span>
    </p>

    <p class='ocr_par' dir='ltr' id='par_1_11' title="bbox 458 3067 1074 3202">
     <span class='ocr_line' id='line_1_38' title="bbox 458 3067 1058 3133; baseline -0.005 -16"><span class='ocrx_word' id='word_1_260' title='bbox 458 3069 486 3131; x_wconf 80' lang='lat'><strong>2)</strong></span> <span class='ocrx_word' id='word_1_261' title='bbox 506 3069 574 3120; x_wconf 90' lang='lat' dir='ltr'><strong>Zoile</strong></span> <span class='ocrx_word' id='word_1_262' title='bbox 593 3073 613 3119; x_wconf 91' lang='lat' dir='ltr'><strong>si</strong></span> <span class='ocrx_word' id='word_1_263' title='bbox 631 3071 723 3133; x_wconf 85' lang='lat' dir='ltr'><strong>poteris</strong></span> <span class='ocrx_word' id='word_1_264' title='bbox 740 3072 805 3118; x_wconf 88' lang='lat' dir='ltr'><strong>notis</strong></span> <span class='ocrx_word' id='word_1_265' title='bbox 824 3070 946 3117; x_wconf 83' lang='lat' dir='ltr'><strong>sinibusre</strong></span> <span class='ocrx_word' id='word_1_266' title='bbox 965 3067 1058 3116; x_wconf 87' lang='lat' dir='ltr'><strong>duobus</strong></span> 
     </span>
     <span class='ocr_line' id='line_1_39' title="bbox 545 3138 1074 3202; baseline -0.011 -11"><span class='ocrx_word' id='word_1_267' title='bbox 545 3143 592 3191; x_wconf 88' lang='lat' dir='ltr'><strong>Per</strong></span> <span class='ocrx_word' id='word_1_268' title='bbox 610 3142 712 3190; x_wconf 75' lang='lat' dir='ltr'><strong>divisum</strong></span> <span class='ocrx_word' id='word_1_269' title='bbox 731 3155 815 3189; x_wconf 86' lang='lat' dir='ltr'><strong>omnes</strong></span> <span class='ocrx_word' id='word_1_270' title='bbox 833 3141 944 3188; x_wconf 85' lang='lat' dir='ltr'><strong>inveniar</strong></span> <span class='ocrx_word' id='word_1_271' title='bbox 962 3138 1074 3202; x_wconf 82' lang='lat' dir='ltr'><strong>reliquos.</strong></span> 
     </span>
    </p>

    <p class='ocr_par' dir='ltr' id='par_1_12' title="bbox 457 3209 1179 3333">
     <span class='ocr_line' id='line_1_40' title="bbox 457 3209 1179 3276; baseline -0.004 -16"><span class='ocrx_word' id='word_1_272' title='bbox 457 3209 485 3271; x_wconf 78' lang='grc'><strong>3)</strong></span> <span class='ocrx_word' id='word_1_273' title='bbox 504 3211 570 3261; x_wconf 83' lang='lat' dir='ltr'><strong>Noto</strong></span> <span class='ocrx_word' id='word_1_274' title='bbox 588 3227 667 3261; x_wconf 86' lang='lat' dir='ltr'><strong>unove</strong></span> <span class='ocrx_word' id='word_1_275' title='bbox 686 3214 741 3261; x_wconf 86' lang='lat' dir='ltr'><strong>sinn</strong></span> <span class='ocrx_word' id='word_1_276' title='bbox 758 3227 802 3276; x_wconf 90' lang='lat' dir='ltr'><strong>per</strong></span> <span class='ocrx_word' id='word_1_277' title='bbox 820 3211 919 3273; x_wconf 89' lang='lat' dir='ltr'><strong>singula</strong></span> <span class='ocrx_word' id='word_1_278' title='bbox 937 3210 1052 3271; x_wconf 85' lang='lat' dir='ltr'><strong>scrupula</strong></span> <span class='ocrx_word' id='word_1_279' title='bbox 1070 3216 1179 3263; x_wconf 86' lang='lat' dir='ltr'><strong>cunctos.</strong></span> 
     </span>
     <span class='ocr_line' id='line_1_41' title="bbox 544 3280 1071 3333; baseline -0.008 0"><span class='ocrx_word' id='word_1_280' title='bbox 544 3284 656 3333; x_wconf 83' lang='lat' dir='ltr'><strong>Proxime</strong></span> <span class='ocrx_word' id='word_1_281' title='bbox 676 3291 701 3332; x_wconf 89' lang='lat' dir='ltr'><strong>et</strong></span> <span class='ocrx_word' id='word_1_282' title='bbox 719 3285 828 3332; x_wconf 85' lang='lat' dir='ltr'><strong>invenies</strong></span> <span class='ocrx_word' id='word_1_283' title='bbox 847 3290 899 3330; x_wconf 87' lang='lat' dir='ltr'><strong>arte</strong></span> <span class='ocrx_word' id='word_1_284' title='bbox 918 3283 984 3330; x_wconf 87' lang='lat' dir='ltr'><strong>sinus</strong></span> <span class='ocrx_word' id='word_1_285' title='bbox 1003 3280 1071 3329; x_wconf 85' lang='lat' dir='ltr'><strong>alios.</strong></span> 
     </span>
    </p>

    <p class='ocr_par' dir='ltr' id='par_1_13' title="bbox 458 3351 1247 3489">
     <span class='ocr_line' id='line_1_42' title="bbox 458 3351 1247 3417; baseline -0.001 -14"><span class='ocrx_word' id='word_1_286' title='bbox 458 3351 486 3414; x_wconf 78' lang='grc'><strong>4)</strong></span> <span class='ocrx_word' id='word_1_287' title='bbox 506 3353 576 3403; x_wconf 86' lang='lat' dir='ltr'><strong>Zoile</strong></span> <span class='ocrx_word' id='word_1_288' title='bbox 595 3357 615 3403; x_wconf 87' lang='lat' dir='ltr'><strong>si</strong></span> <span class='ocrx_word' id='word_1_289' title='bbox 633 3356 724 3417; x_wconf 90' lang='lat' dir='ltr'><strong>poteris</strong></span> <span class='ocrx_word' id='word_1_290' title='bbox 743 3360 863 3417; x_wconf 88' lang='lat' dir='ltr'><strong>quantum</strong></span> <span class='ocrx_word' id='word_1_291' title='bbox 881 3352 1047 3416; x_wconf 83' lang='lat' dir='ltr'><strong>perpendiculi</strong></span> <span class='ocrx_word' id='word_1_292' title='bbox 1067 3353 1145 3400; x_wconf 88' lang='lat' dir='ltr'><strong>omnir</strong></span> <span class='ocrx_word' id='word_1_293' title='bbox 1242 3394 1247 3402; x_wconf 92' lang='lat'><strong>.</strong></span> 
     </span>
     <span class='ocr_line' id='line_1_43' title="bbox 545 3425 1143 3489; baseline -0.007 -14"><span class='ocrx_word' id='word_1_294' title='bbox 545 3426 666 3489; x_wconf 85' lang='lat' dir='ltr'><strong>Triquetri</strong></span> <span class='ocrx_word' id='word_1_295' title='bbox 684 3428 796 3474; x_wconf 80' lang='lat' dir='ltr'><strong>invenias</strong></span> <span class='ocrx_word' id='word_1_296' title='bbox 815 3440 858 3487; x_wconf 92' lang='lat' dir='ltr'><strong>per</strong></span> <span class='ocrx_word' id='word_1_297' title='bbox 876 3437 1044 3485; x_wconf 80' lang='lat' dir='ltr'><strong>canonemque</strong></span> <span class='ocrx_word' id='word_1_298' title='bbox 1062 3425 1143 3472; x_wconf 89' lang='lat' dir='ltr'><strong>trium.</strong></span> 
     </span>
    </p>

    <p class='ocr_par' dir='ltr' id='par_1_14' title="bbox 458 3492 1237 3630">
     <span class='ocr_line' id='line_1_44' title="bbox 458 3492 1237 3559; baseline -0.001 -17"><span class='ocrx_word' id='word_1_299' title='bbox 458 3493 486 3556; x_wconf 82' lang='grc'><strong>5)</strong></span> <span class='ocrx_word' id='word_1_300' title='bbox 505 3497 554 3546; x_wconf 89' lang='lat' dir='ltr'><strong>Dic</strong></span> <span class='ocrx_word' id='word_1_301' title='bbox 571 3498 613 3545; x_wconf 88' lang='lat' dir='ltr'><strong>ubi</strong></span> <span class='ocrx_word' id='word_1_302' title='bbox 632 3498 657 3545; x_wconf 95' lang='lat' dir='ltr'><strong>in</strong></span> <span class='ocrx_word' id='word_1_303' title='bbox 677 3498 734 3546; x_wconf 86' lang='lat' dir='ltr'><strong>orbe</strong></span> <span class='ocrx_word' id='word_1_304' title='bbox 753 3497 821 3545; x_wconf 88' lang='lat' dir='ltr'><strong>locus</strong></span> <span class='ocrx_word' id='word_1_305' title='bbox 840 3495 943 3559; x_wconf 85' lang='lat' dir='ltr'><strong>repedat</strong></span> <span class='ocrx_word' id='word_1_306' title='bbox 961 3508 1008 3557; x_wconf 91' lang='lat' dir='ltr'><strong>qno</strong></span> <span class='ocrx_word' id='word_1_307' title='bbox 1027 3495 1133 3556; x_wconf 90' lang='lat' dir='ltr'><strong>corporis</strong></span> <span class='ocrx_word' id='word_1_308' title='bbox 1150 3492 1237 3542; x_wconf 83' lang='lat' dir='ltr'><strong>umbra</strong></span> 
     </span>
     <span class='ocr_line' id='line_1_45' title="bbox 549 3562 1080 3630; baseline -0.009 -14"><span class='ocrx_word' id='word_1_309' title='bbox 549 3567 606 3626; x_wconf 85' lang='lat' dir='ltr'><strong>Qua</strong></span> <span class='ocrx_word' id='word_1_310' title='bbox 624 3567 662 3616; x_wconf 82' lang='lat' dir='ltr'><strong>vel</strong></span> <span class='ocrx_word' id='word_1_311' title='bbox 681 3569 706 3617; x_wconf 90' lang='lat' dir='ltr'><strong>in</strong></span> <span class='ocrx_word' id='word_1_312' title='bbox 725 3567 809 3630; x_wconf 83' lang='lat' dir='ltr'><strong>qnosis</strong></span> <span class='ocrx_word' id='word_1_313' title='bbox 829 3566 873 3615; x_wconf 82' lang='lat' dir='ltr'><strong>nat</strong></span> <span class='ocrx_word' id='word_1_314' title='bbox 890 3565 916 3614; x_wconf 93' lang='lat' dir='ltr'><strong>id</strong></span> <span class='ocrx_word' id='word_1_315' title='bbox 935 3572 989 3614; x_wconf 87' lang='lat' dir='ltr'><strong>arte</strong></span> <span class='ocrx_word' id='word_1_316' title='bbox 1007 3562 1080 3613; x_wconf 75' lang='lat' dir='ltr'><strong>loco?</strong></span> 
     </span>
    </p>
   </div>
   <div class='ocr_carea' id='block_1_5' title="bbox 177 3663 1536 3807">
    <p class='ocr_par' dir='ltr' id='par_1_15' title="bbox 177 3663 1536 3807">
     <span class='ocr_line' id='line_1_46' title="bbox 246 3663 1536 3734; baseline -0.003 -14"><span class='ocrx_word' id='word_1_317' title='bbox 246 3670 401 3734; x_wconf 89' lang='lat' dir='ltr'><strong>(Secundum</strong></span> <span class='ocrx_word' id='word_1_318' title='bbox 420 3669 638 3727; x_wconf 84' lang='lat' dir='ltr'><strong>Dolambrum,</strong></span> <span class='ocrx_word' id='word_1_319' title='bbox 658 3671 742 3734; x_wconf 90' lang='lat' dir='ltr'><strong>quiin</strong></span> <span class='ocrx_word' id='word_1_320' title='bbox 761 3669 826 3718; x_wconf 84' lang='lat' dir='ltr'><strong>Hist.</strong></span> <span class='ocrx_word' id='word_1_321' title='bbox 846 3671 912 3718; x_wconf 82' lang='lat' dir='ltr'><strong>Astr.</strong></span> <span class='ocrx_word' id='word_1_322' title='bbox 933 3668 1051 3718; x_wconf 84' lang='lat' dir='ltr'><strong>Modeme</strong></span> <span class='ocrx_word' id='word_1_323' title='bbox 1070 3667 1126 3717; x_wconf 89' lang='lat' dir='ltr'><strong>Vol.</strong></span> <span class='ocrx_word' id='word_1_324' title='bbox 1145 3667 1164 3717; x_wconf 93' lang='lat'><strong>1.</strong></span> <span class='ocrx_word' id='word_1_325' title='bbox 1184 3684 1208 3732; x_wconf 92' lang='lat' dir='ltr'><strong>p.</strong></span> <span class='ocrx_word' id='word_1_326' title='bbox 1229 3663 1280 3715; x_wconf 80' lang='lat'><strong>287</strong></span> <span class='ocrx_word' id='word_1_327' title='bbox 1298 3682 1348 3732; x_wconf 83' lang='lat' dir='ltr'><strong>sqq.</strong></span> <span class='ocrx_word' id='word_1_328' title='bbox 1369 3665 1479 3730; x_wconf 80' lang='lat' dir='ltr'><strong>pluribus</strong></span> <span class='ocrx_word' id='word_1_329' title='bbox 1503 3666 1536 3716; x_wconf 83' lang='lat' dir='ltr'><strong>tle</strong></span> 
     </span>
     <span class='ocr_line' id='line_1_47' title="bbox 177 3737 1317 3807; baseline -0.005 -15"><span class='ocrx_word' id='word_1_330' title='bbox 177 3741 240 3792; x_wconf 86' lang='lat' dir='ltr'><strong>Urso</strong></span> <span class='ocrx_word' id='word_1_331' title='bbox 264 3743 318 3807; x_wconf 82' lang='lat' dir='ltr'><strong>agit</strong></span> <span class='ocrx_word' id='word_1_332' title='bbox 336 3744 437 3805; x_wconf 72' lang='lat' dir='ltr'><strong>ejusque</strong></span> <span class='ocrx_word' id='word_1_333' title='bbox 455 3741 544 3790; x_wconf 87' lang='lat' dir='ltr'><strong>libellis</strong></span> <span class='ocrx_word' id='word_1_334' title='bbox 564 3740 816 3798; x_wconf 77' lang='lat' dir='ltr'><strong>„Fundamento“</strong></span> <span class='ocrx_word' id='word_1_335' title='bbox 838 3748 863 3790; x_wconf 91' lang='lat' dir='ltr'><strong>et</strong></span> <span class='ocrx_word' id='word_1_336' title='bbox 883 3739 1082 3803; x_wconf 79' lang='lat' dir='ltr'><strong>„Hypothesibus</strong></span> <span class='ocrx_word' id='word_1_337' title='bbox 1101 3737 1317 3795; x_wconf 55' lang='lat' dir='ltr'><strong>Asuonomicisf)</strong></span> 
     </span>
    </p>
   </div>
   <div class='ocr_carea' id='block_1_6' title="bbox 173 3877 1536 4086">
    <p class='ocr_par' dir='ltr' id='par_1_16' title="bbox 173 3877 1536 4086">
     <span class='ocr_line' id='line_1_48' title="bbox 248 3877 1536 3946; baseline 0.003 -18"><span class='ocrx_word' id='word_1_338' title='bbox 248 3878 275 3942; x_wconf 79' lang='lat' dir='ltr'><strong>t)</strong></span> <span class='ocrx_word' id='word_1_339' title='bbox 294 3899 317 3946; x_wconf 87' lang='lat' dir='ltr'><strong>p.</strong></span> <span class='ocrx_word' id='word_1_340' title='bbox 333 3877 392 3929; x_wconf 73' lang='lat'><strong>232.</strong></span> <span class='ocrx_word' id='word_1_341' title='bbox 430 3883 501 3942; x_wconf 86' lang='lat' dir='ltr'><strong>Quae</strong></span> <span class='ocrx_word' id='word_1_342' title='bbox 514 3882 551 3929; x_wconf 87' lang='lat' dir='ltr'><strong>his</strong></span> <span class='ocrx_word' id='word_1_343' title='bbox 564 3882 712 3944; x_wconf 79' lang='lat' dir='ltr'><strong>spectaverit</strong></span> <span class='ocrx_word' id='word_1_344' title='bbox 724 3881 802 3931; x_wconf 80' lang='lat' dir='ltr'><strong>verbis</strong></span> <span class='ocrx_word' id='word_1_345' title='bbox 816 3880 915 3942; x_wconf 85' lang='lat' dir='ltr'><strong>Tycho.</strong></span> <span class='ocrx_word' id='word_1_346' title='bbox 935 3881 1065 3943; x_wconf 82' lang='lat' dir='ltr'><strong>sequentia</strong></span> <span class='ocrx_word' id='word_1_347' title='bbox 1077 3880 1244 3929; x_wconf 87' lang='lat' dir='ltr'><strong>illustrabunt:</strong></span> <span class='ocrx_word' id='word_1_348' title='bbox 1269 3878 1379 3928; x_wconf 84' lang='lat' dir='ltr'><strong>liothm</strong></span> <span class='ocrx_word' id='word_1_349' title='bbox 1387 3893 1489 3931; x_wconf 86' lang='lat' dir='ltr'><strong>annus</strong></span> <span class='ocrx_word' id='word_1_350' title='bbox 1508 3883 1536 3932; x_wconf 86' lang='lat' dir='ltr'><strong>in</strong></span> 
     </span>
     <span class='ocr_line' id='line_1_49' title="bbox 173 3948 1534 4017; baseline 0.002 -16"><span class='ocrx_word' id='word_1_351' title='bbox 173 3953 249 4001; x_wconf 89' lang='lat' dir='ltr'><strong>literis</strong></span> <span class='ocrx_word' id='word_1_352' title='bbox 269 3953 293 4002; x_wconf 92' lang='lat' dir='ltr'><strong>d.</strong></span> <span class='ocrx_word' id='word_1_353' title='bbox 307 3953 442 4017; x_wconf 83' lang='lat' dir='ltr'><strong>Bembnrgi</strong></span> <span class='ocrx_word' id='word_1_354' title='bbox 457 3951 534 4002; x_wconf 79' lang='grc'>(1.28.</span> <span class='ocrx_word' id='word_1_355' title='bbox 550 3951 618 4015; x_wconf 87' lang='lat' dir='ltr'><strong>Sept.</strong></span> <span class='ocrx_word' id='word_1_356' title='bbox 630 3948 672 3999; x_wconf 79' lang='grc'><strong>94.</strong></span> <span class='ocrx_word' id='word_1_357' title='bbox 693 3954 802 4015; x_wconf 90' lang='lat' dir='ltr'><strong>quaerit:</strong></span> <span class='ocrx_word' id='word_1_358' title='bbox 825 3953 899 4015; x_wconf 77' lang='lat' dir='ltr'><strong>„quid</strong></span> <span class='ocrx_word' id='word_1_359' title='bbox 912 3965 1003 4001; x_wconf 87' lang='lat' dir='ltr'><strong>causae</strong></span> <span class='ocrx_word' id='word_1_360' title='bbox 1017 3958 1063 4004; x_wconf 88' lang='lat' dir='ltr'><strong>est.</strong></span> <span class='ocrx_word' id='word_1_361' title='bbox 1076 3951 1141 4013; x_wconf 91' lang='lat' dir='ltr'><strong>quod</strong></span> <span class='ocrx_word' id='word_1_362' title='bbox 1154 3966 1213 4012; x_wconf 88' lang='lat' dir='ltr'><strong>opus</strong></span> <span class='ocrx_word' id='word_1_363' title='bbox 1226 3950 1285 4000; x_wconf 89' lang='lat' dir='ltr'><strong>illud</strong></span> <span class='ocrx_word' id='word_1_364' title='bbox 1298 3959 1367 4000; x_wconf 85' lang='lat' dir='ltr'><strong>tuum</strong></span> <span class='ocrx_word' id='word_1_365' title='bbox 1384 3951 1416 4000; x_wconf 84' lang='lat' dir='ltr'><strong>de</strong></span> <span class='ocrx_word' id='word_1_366' title='bbox 1430 3951 1534 4003; x_wconf 83' lang='lat' dir='ltr'><strong>Corne-</strong></span> 
     </span>
     <span class='ocr_line' id='line_1_50' title="bbox 173 4022 1535 4086; baseline 0.001 -14"><span class='ocrx_word' id='word_1_367' title='bbox 173 4025 213 4072; x_wconf 83' lang='lat' dir='ltr'><strong>tie</strong></span> <span class='ocrx_word' id='word_1_368' title='bbox 226 4024 371 4086; x_wconf 80' lang='lat' dir='ltr'><strong>supprimas.</strong></span> <span class='ocrx_word' id='word_1_369' title='bbox 384 4025 528 4086; x_wconf 85' lang='lat' dir='ltr'><strong>praesertim</strong></span> <span class='ocrx_word' id='word_1_370' title='bbox 542 4038 598 4071; x_wconf 92' lang='lat' dir='ltr'><strong>cnm</strong></span> <span class='ocrx_word' id='word_1_371' title='bbox 610 4038 659 4071; x_wconf 94' lang='lat' dir='ltr'><strong>non</strong></span> <span class='ocrx_word' id='word_1_372' title='bbox 672 4030 770 4072; x_wconf 89' lang='lat' dir='ltr'><strong>tantum</strong></span> <span class='ocrx_word' id='word_1_373' title='bbox 783 4023 842 4072; x_wconf 89' lang='lat' dir='ltr'><strong>illud</strong></span> <span class='ocrx_word' id='word_1_374' title='bbox 852 4026 904 4085; x_wconf 80' lang='lat' dir='ltr'><strong>jam</strong></span> <span class='ocrx_word' id='word_1_375' title='bbox 918 4023 1009 4071; x_wconf 89' lang='lat' dir='ltr'><strong>dudum</strong></span> <span class='ocrx_word' id='word_1_376' title='bbox 1021 4022 1095 4071; x_wconf 85' lang='lat' dir='ltr'><strong>luerit</strong></span> <span class='ocrx_word' id='word_1_377' title='bbox 1112 4022 1258 4077; x_wconf 79' lang='lat' dir='ltr'><strong>absolutum,</strong></span> <span class='ocrx_word' id='word_1_378' title='bbox 1272 4024 1444 4073; x_wconf 79' lang='lat' dir='ltr'><strong>verumetiam</strong></span> <span class='ocrx_word' id='word_1_379' title='bbox 1457 4025 1535 4073; x_wconf 82' lang='lat' dir='ltr'><strong>toties</strong></span> 
     </span>
    </p>
   </div>
   <div class='ocr_carea' id='block_1_7' title="bbox 129 4091 1536 4866">
    <p class='ocr_par' dir='ltr' id='par_1_17' title="bbox 129 4091 1536 4866">
     <span class='ocr_line' id='line_1_51' title="bbox 175 4091 1535 4156; baseline 0 -14"><span class='ocrx_word' id='word_1_380' title='bbox 175 4101 201 4143; x_wconf 90' lang='lat' dir='ltr'><strong>et</strong></span> <span class='ocrx_word' id='word_1_381' title='bbox 220 4102 290 4142; x_wconf 91' lang='lat' dir='ltr'><strong>tanto</strong></span> <span class='ocrx_word' id='word_1_382' title='bbox 309 4103 418 4156; x_wconf 91' lang='lat' dir='ltr'><strong>tempore</strong></span> <span class='ocrx_word' id='word_1_383' title='bbox 446 4102 497 4143; x_wconf 92' lang='lat' dir='ltr'><strong>tam</strong></span> <span class='ocrx_word' id='word_1_384' title='bbox 518 4101 584 4143; x_wconf 89' lang='lat' dir='ltr'><strong>certo</strong></span> <span class='ocrx_word' id='word_1_385' title='bbox 603 4095 750 4155; x_wconf 79' lang='lat' dir='ltr'><strong>promiseris,</strong></span> <span class='ocrx_word' id='word_1_386' title='bbox 776 4102 800 4143; x_wconf 90' lang='lat' dir='ltr'><strong>te</strong></span> <span class='ocrx_word' id='word_1_387' title='bbox 819 4093 959 4156; x_wconf 89' lang='lat' dir='ltr'><strong>propediem</strong></span> <span class='ocrx_word' id='word_1_388' title='bbox 978 4092 1036 4140; x_wconf 90' lang='lat' dir='ltr'><strong>illud</strong></span> <span class='ocrx_word' id='word_1_389' title='bbox 1056 4091 1231 4141; x_wconf 81' lang='lat' dir='ltr'><strong>emissurum?“</strong></span> <span class='ocrx_word' id='word_1_390' title='bbox 1270 4092 1309 4140; x_wconf 81' lang='lat' dir='ltr'><strong>Ad</strong></span> <span class='ocrx_word' id='word_1_391' title='bbox 1327 4091 1391 4141; x_wconf 86' lang='lat' dir='ltr'><strong>baec</strong></span> <span class='ocrx_word' id='word_1_392' title='bbox 1410 4092 1535 4155; x_wconf 78' lang='lat' dir='ltr'><strong>Tycho:</strong></span> 
     </span>
     <span class='ocr_line' id='line_1_52' title="bbox 175 4163 1534 4227; baseline 0.002 -15"><span class='ocrx_word' id='word_1_393' title='bbox 175 4200 180 4212; x_wconf 94' lang='lat'><strong>.</strong></span> <span class='ocrx_word' id='word_1_394' title='bbox 202 4200 208 4210; x_wconf 89' lang='lat'><strong>.</strong></span> <span class='ocrx_word' id='word_1_395' title='bbox 229 4200 235 4212; x_wconf 91' lang='lat'><strong>.</strong></span> <span class='ocrx_word' id='word_1_396' title='bbox 256 4164 327 4223; x_wconf 85' lang='lat' dir='ltr'><strong>Quod</strong></span> <span class='ocrx_word' id='word_1_397' title='bbox 347 4164 415 4227; x_wconf 90' lang='lat' dir='ltr'><strong>Opus</strong></span> <span class='ocrx_word' id='word_1_398' title='bbox 434 4172 542 4212; x_wconf 89' lang='lat' dir='ltr'><strong>nostrum</strong></span> <span class='ocrx_word' id='word_1_399' title='bbox 565 4165 673 4212; x_wconf 92' lang='lat' dir='ltr'><strong>nondum</strong></span> <span class='ocrx_word' id='word_1_400' title='bbox 692 4165 783 4226; x_wconf 87' lang='lat' dir='ltr'><strong>publici</strong></span> <span class='ocrx_word' id='word_1_401' title='bbox 803 4167 864 4227; x_wconf 85' lang='lat' dir='ltr'><strong>juris</strong></span> <span class='ocrx_word' id='word_1_402' title='bbox 883 4164 935 4212; x_wconf 83' lang='lat' dir='ltr'><strong>fieri</strong></span> <span class='ocrx_word' id='word_1_403' title='bbox 953 4167 1115 4225; x_wconf 85' lang='lat' dir='ltr'><strong>permiserim.</strong></span> <span class='ocrx_word' id='word_1_404' title='bbox 1142 4163 1234 4212; x_wconf 89' lang='lat' dir='ltr'><strong>multae</strong></span> <span class='ocrx_word' id='word_1_405' title='bbox 1260 4171 1391 4226; x_wconf 79' lang='lat' dir='ltr'><strong>etgraves</strong></span> <span class='ocrx_word' id='word_1_406' title='bbox 1410 4179 1451 4214; x_wconf 93' lang='lat' dir='ltr'><strong>me</strong></span> <span class='ocrx_word' id='word_1_407' title='bbox 1469 4165 1534 4215; x_wconf 84' lang='lat' dir='ltr'><strong>deti·</strong></span> 
     </span>
     <span class='ocr_line' id='line_1_53' title="bbox 174 4233 1533 4297; baseline 0.001 -14"><span class='ocrx_word' id='word_1_408' title='bbox 174 4243 281 4284; x_wconf 85' lang='lat' dir='ltr'><strong>nnernnt</strong></span> <span class='ocrx_word' id='word_1_409' title='bbox 300 4236 415 4283; x_wconf 86' lang='lat' dir='ltr'><strong>rationes.</strong></span> <span class='ocrx_word' id='word_1_410' title='bbox 453 4235 628 4297; x_wconf 84' lang='lat' dir='ltr'><strong>Praeterquam</strong></span> <span class='ocrx_word' id='word_1_411' title='bbox 648 4237 756 4283; x_wconf 83' lang='lat' dir='ltr'><strong>enimin</strong></span> <span class='ocrx_word' id='word_1_412' title='bbox 776 4273 781 4283; x_wconf 88' lang='lat'><strong>.</strong></span> <span class='ocrx_word' id='word_1_413' title='bbox 803 4272 808 4282; x_wconf 88' lang='lat'><strong>.</strong></span> <span class='ocrx_word' id='word_1_414' title='bbox 829 4271 835 4281; x_wconf 84' lang='lat'><strong>.</strong></span> <span class='ocrx_word' id='word_1_415' title='bbox 856 4235 1064 4283; x_wconf 83' lang='lat' dir='ltr'><strong>observationibus</strong></span> <span class='ocrx_word' id='word_1_416' title='bbox 1091 4235 1219 4297; x_wconf 87' lang='lat' dir='ltr'><strong>plurimum</strong></span> <span class='ocrx_word' id='word_1_417' title='bbox 1244 4233 1367 4282; x_wconf 76' lang='lat' dir='ltr'><strong>indefesso</strong></span> <span class='ocrx_word' id='word_1_418' title='bbox 1386 4235 1468 4284; x_wconf 84' lang='lat' dir='ltr'><strong>stadio</strong></span> <span class='ocrx_word' id='word_1_419' title='bbox 1488 4236 1533 4285; x_wconf 81' lang='lat' dir='ltr'><strong>ali·</strong></span> 
     </span>
     <span class='ocr_line' id='line_1_54' title="bbox 174 4304 1536 4370; baseline 0.001 -16"><span class='ocrx_word' id='word_1_420' title='bbox 174 4313 234 4369; x_wconf 92' lang='lat' dir='ltr'><strong>quot</strong></span> <span class='ocrx_word' id='word_1_421' title='bbox 249 4307 302 4366; x_wconf 86' lang='lat' dir='ltr'><strong>jam</strong></span> <span class='ocrx_word' id='word_1_422' title='bbox 321 4306 443 4354; x_wconf 86' lang='lat' dir='ltr'><strong>continuis</strong></span> <span class='ocrx_word' id='word_1_423' title='bbox 462 4308 533 4354; x_wconf 84' lang='lat' dir='ltr'><strong>annis</strong></span> <span class='ocrx_word' id='word_1_424' title='bbox 551 4305 670 4361; x_wconf 76' lang='lat' dir='ltr'><strong>undatim.</strong></span> <span class='ocrx_word' id='word_1_425' title='bbox 689 4307 768 4355; x_wconf 89' lang='lat' dir='ltr'><strong>multa</strong></span> <span class='ocrx_word' id='word_1_426' title='bbox 786 4308 861 4356; x_wconf 90' lang='lat' dir='ltr'><strong>etiam</strong></span> <span class='ocrx_word' id='word_1_427' title='bbox 880 4312 1011 4367; x_wconf 87' lang='lat' dir='ltr'><strong>praeterea</strong></span> <span class='ocrx_word' id='word_1_428' title='bbox 1027 4305 1101 4368; x_wconf 88' lang='lat' dir='ltr'><strong>longo</strong></span> <span class='ocrx_word' id='word_1_429' title='bbox 1117 4310 1170 4367; x_wconf 83' lang='lat' dir='ltr'><strong>jam</strong></span> <span class='ocrx_word' id='word_1_430' title='bbox 1182 4304 1449 4366; x_wconf 87' lang='lat' dir='ltr'><strong>temporeincidernnt.</strong></span> <span class='ocrx_word' id='word_1_431' title='bbox 1468 4320 1536 4370; x_wconf 82' lang='lat' dir='ltr'><strong>quae</strong></span> 
     </span>
     <span class='ocr_line' id='line_1_55' title="bbox 174 4374 1536 4438; baseline 0.003 -14"><span class='ocrx_word' id='word_1_432' title='bbox 174 4392 214 4424; x_wconf 85' lang='lat' dir='ltr'><strong>ure</strong></span> <span class='ocrx_word' id='word_1_433' title='bbox 232 4378 281 4423; x_wconf 93' lang='lat' dir='ltr'><strong>otio</strong></span> <span class='ocrx_word' id='word_1_434' title='bbox 300 4376 346 4424; x_wconf 83' lang='lat' dir='ltr'><strong>lrui</strong></span> <span class='ocrx_word' id='word_1_435' title='bbox 365 4375 530 4438; x_wconf 82' lang='lat' dir='ltr'><strong>philosophico</strong></span> <span class='ocrx_word' id='word_1_436' title='bbox 550 4384 575 4425; x_wconf 90' lang='lat' dir='ltr'><strong>et</strong></span> <span class='ocrx_word' id='word_1_437' title='bbox 592 4374 702 4425; x_wconf 69' lang='lat' dir='ltr'><strong>Uraniae</strong></span> <span class='ocrx_word' id='word_1_438' title='bbox 721 4379 810 4430; x_wconf 85' lang='lat' dir='ltr'><strong>sacris.</strong></span> <span class='ocrx_word' id='word_1_439' title='bbox 836 4382 907 4438; x_wconf 87' lang='lat' dir='ltr'><strong>prout</strong></span> <span class='ocrx_word' id='word_1_440' title='bbox 926 4376 1027 4429; x_wconf 81' lang='lat' dir='ltr'><strong>sellem.</strong></span> <span class='ocrx_word' id='word_1_441' title='bbox 1056 4377 1127 4425; x_wconf 87' lang='lat' dir='ltr'><strong>litare</strong></span> <span class='ocrx_word' id='word_1_442' title='bbox 1145 4390 1194 4423; x_wconf 92' lang='lat' dir='ltr'><strong>non</strong></span> <span class='ocrx_word' id='word_1_443' title='bbox 1213 4377 1382 4436; x_wconf 87' lang='lat' dir='ltr'><strong>permiserunt.</strong></span> <span class='ocrx_word' id='word_1_444' title='bbox 1420 4379 1536 4428; x_wconf 71' lang='lat' dir='ltr'><strong>accessa</strong></span> 
     </span>
     <span class='ocr_line' id='line_1_56' title="bbox 175 4444 1534 4511; baseline 0.001 -17"><span class='ocrx_word' id='word_1_445' title='bbox 175 4453 200 4494; x_wconf 88' lang='lat' dir='ltr'><strong>et</strong></span> <span class='ocrx_word' id='word_1_446' title='bbox 217 4446 277 4501; x_wconf 82' lang='lat' dir='ltr'><strong>hoc,</strong></span> <span class='ocrx_word' id='word_1_447' title='bbox 307 4447 370 4508; x_wconf 93' lang='lat' dir='ltr'><strong>quod</strong></span> <span class='ocrx_word' id='word_1_448' title='bbox 389 4448 464 4494; x_wconf 80' lang='lat' dir='ltr'><strong>nostri</strong></span> <span class='ocrx_word' id='word_1_449' title='bbox 484 4450 550 4495; x_wconf 85' lang='lat' dir='ltr'><strong>circa</strong></span> <span class='ocrx_word' id='word_1_450' title='bbox 569 4456 720 4495; x_wconf 84' lang='lat' dir='ltr'><strong>cometarum</strong></span> <span class='ocrx_word' id='word_1_451' title='bbox 745 4448 902 4511; x_wconf 74' lang='lat' dir='ltr'><strong>apparentiae</strong></span> <span class='ocrx_word' id='word_1_452' title='bbox 922 4455 1039 4495; x_wconf 88' lang='lat' dir='ltr'><strong>accurate</strong></span> <span class='ocrx_word' id='word_1_453' title='bbox 1059 4444 1226 4510; x_wconf 85' lang='lat' dir='ltr'><strong>disquirendas</strong></span> <span class='ocrx_word' id='word_1_454' title='bbox 1239 4445 1334 4493; x_wconf 79' lang='lat' dir='ltr'><strong>labores</strong></span> <span class='ocrx_word' id='word_1_455' title='bbox 1347 4444 1401 4506; x_wconf 90' lang='lat' dir='ltr'><strong>plus</strong></span> <span class='ocrx_word' id='word_1_456' title='bbox 1414 4448 1534 4510; x_wconf 82' lang='lat' dir='ltr'><strong>temporis</strong></span> 
     </span>
     <span class='ocr_line' id='line_1_57' title="bbox 129 4515 1535 4581; baseline 0.002 -17"><span class='ocrx_word' id='word_1_457' title='bbox 129 4521 133 4529; x_wconf 83' lang='lat'>‘</span> <span class='ocrx_word' id='word_1_458' title='bbox 175 4517 342 4578; x_wconf 81' lang='lat' dir='ltr'><strong>requisierint,</strong></span> <span class='ocrx_word' id='word_1_459' title='bbox 370 4531 442 4579; x_wconf 88' lang='lat' dir='ltr'><strong>quam</strong></span> <span class='ocrx_word' id='word_1_460' title='bbox 462 4518 552 4580; x_wconf 80' lang='lat' dir='ltr'><strong>ingrati</strong></span> <span class='ocrx_word' id='word_1_461' title='bbox 570 4518 680 4565; x_wconf 91' lang='lat' dir='ltr'><strong>nonnulli</strong></span> <span class='ocrx_word' id='word_1_462' title='bbox 699 4519 823 4568; x_wconf 71' lang='lat' dir='ltr'><strong>bornines,</strong></span> <span class='ocrx_word' id='word_1_463' title='bbox 852 4517 963 4580; x_wconf 85' lang='lat' dir='ltr'><strong>adeoque</strong></span> <span class='ocrx_word' id='word_1_464' title='bbox 982 4533 1011 4565; x_wconf 85' lang='lat' dir='ltr'><strong>er</strong></span> <span class='ocrx_word' id='word_1_465' title='bbox 1030 4519 1100 4580; x_wconf 86' lang='lat' dir='ltr'><strong>ipsis,</strong></span> <span class='ocrx_word' id='word_1_466' title='bbox 1128 4518 1169 4580; x_wconf 92' lang='lat' dir='ltr'><strong>qui</strong></span> <span class='ocrx_word' id='word_1_467' title='bbox 1188 4515 1370 4577; x_wconf 85' lang='lat' dir='ltr'><strong>disciplinarum</strong></span> <span class='ocrx_word' id='word_1_468' title='bbox 1390 4525 1415 4564; x_wconf 86' lang='lat' dir='ltr'><strong>ot</strong></span> <span class='ocrx_word' id='word_1_469' title='bbox 1434 4519 1535 4581; x_wconf 80' lang='lat' dir='ltr'><strong>quidem</strong></span> 
     </span>
     <span class='ocr_line' id='line_1_58' title="bbox 175 4588 1533 4652; baseline 0.001 -17"><span class='ocrx_word' id='word_1_470' title='bbox 175 4588 404 4635; x_wconf 82' lang='lat' dir='ltr'><strong>matbematicnmm</strong></span> <span class='ocrx_word' id='word_1_471' title='bbox 425 4602 532 4636; x_wconf 87' lang='lat' dir='ltr'><strong>amorem</strong></span> <span class='ocrx_word' id='word_1_472' title='bbox 551 4590 729 4652; x_wconf 82' lang='lat' dir='ltr'><strong>scientiamque</strong></span> <span class='ocrx_word' id='word_1_473' title='bbox 749 4589 815 4638; x_wconf 88' lang='lat' dir='ltr'><strong>baud</strong></span> <span class='ocrx_word' id='word_1_474' title='bbox 833 4589 960 4636; x_wconf 89' lang='lat' dir='ltr'><strong>minimam</strong></span> <span class='ocrx_word' id='word_1_475' title='bbox 978 4589 1152 4650; x_wconf 84' lang='lat' dir='ltr'><strong>praetendunt.</strong></span> <span class='ocrx_word' id='word_1_476' title='bbox 1172 4601 1307 4648; x_wconf 82' lang='lat' dir='ltr'><strong>agnoscere</strong></span> <span class='ocrx_word' id='word_1_477' title='bbox 1325 4589 1459 4648; x_wconf 83' lang='lat' dir='ltr'><strong>potuerint</strong></span> <span class='ocrx_word' id='word_1_478' title='bbox 1492 4588 1533 4638; x_wconf 93' lang='lat' dir='ltr'><strong>ln·</strong></span> 
     </span>
     <span class='ocr_line' id='line_1_59' title="bbox 176 4659 1535 4723; baseline 0.001 -17"><span class='ocrx_word' id='word_1_479' title='bbox 176 4665 213 4706; x_wconf 85' lang='lat' dir='ltr'><strong>ter</strong></span> <span class='ocrx_word' id='word_1_480' title='bbox 232 4672 291 4721; x_wconf 88' lang='lat' dir='ltr'><strong>qnos</strong></span> <span class='ocrx_word' id='word_1_481' title='bbox 316 4673 380 4707; x_wconf 87' lang='lat' dir='ltr'><strong>unns</strong></span> <span class='ocrx_word' id='word_1_482' title='bbox 406 4663 549 4720; x_wconf 80' lang='lat' dir='ltr'><strong>praesertim</strong></span> <span class='ocrx_word' id='word_1_483' title='bbox 569 4666 620 4712; x_wconf 84' lang='lat' dir='ltr'><strong>est.</strong></span> <span class='ocrx_word' id='word_1_484' title='bbox 650 4663 690 4722; x_wconf 91' lang='lat' dir='ltr'><strong>qni</strong></span> <span class='ocrx_word' id='word_1_485' title='bbox 713 4677 762 4709; x_wconf 90' lang='lat' dir='ltr'><strong>non</strong></span> <span class='ocrx_word' id='word_1_486' title='bbox 790 4660 878 4708; x_wconf 89' lang='lat' dir='ltr'><strong>saltem</strong></span> <span class='ocrx_word' id='word_1_487' title='bbox 906 4659 986 4708; x_wconf 89' lang='lat' dir='ltr'><strong>nullas</strong></span> <span class='ocrx_word' id='word_1_488' title='bbox 1010 4660 1067 4708; x_wconf 82' lang='lat' dir='ltr'><strong>mihi</strong></span> <span class='ocrx_word' id='word_1_489' title='bbox 1086 4673 1160 4722; x_wconf 83' lang='lat' dir='ltr'><strong>agera</strong></span> <span class='ocrx_word' id='word_1_490' title='bbox 1179 4660 1271 4718; x_wconf 83' lang='lat' dir='ltr'><strong>gratias</strong></span> <span class='ocrx_word' id='word_1_491' title='bbox 1299 4673 1341 4719; x_wconf 88' lang='lat' dir='ltr'><strong>pro</strong></span> <span class='ocrx_word' id='word_1_492' title='bbox 1368 4668 1404 4706; x_wconf 92' lang='lat' dir='ltr'><strong>tot</strong></span> <span class='ocrx_word' id='word_1_493' title='bbox 1423 4660 1535 4723; x_wconf 77' lang='lat' dir='ltr'><strong>vigilatis</strong></span> 
     </span>
     <span class='ocr_line' id='line_1_60' title="bbox 176 4729 1533 4793; baseline 0.002 -18"><span class='ocrx_word' id='word_1_494' title='bbox 176 4729 301 4784; x_wconf 86' lang='lat' dir='ltr'><strong>noctibus,</strong></span> <span class='ocrx_word' id='word_1_495' title='bbox 330 4736 367 4777; x_wconf 92' lang='lat' dir='ltr'><strong>tot</strong></span> <span class='ocrx_word' id='word_1_496' title='bbox 387 4733 493 4792; x_wconf 79' lang='lat' dir='ltr'><strong>erogatis</strong></span> <span class='ocrx_word' id='word_1_497' title='bbox 512 4730 629 4790; x_wconf 83' lang='lat' dir='ltr'><strong>impensis</strong></span> <span class='ocrx_word' id='word_1_498' title='bbox 647 4745 752 4793; x_wconf 86' lang='lat' dir='ltr'><strong>aequum</strong></span> <span class='ocrx_word' id='word_1_499' title='bbox 771 4733 907 4784; x_wconf 85' lang='lat' dir='ltr'><strong>censuerit.</strong></span> <span class='ocrx_word' id='word_1_500' title='bbox 937 4730 981 4778; x_wconf 84' lang='lat' dir='ltr'><strong>sed</strong></span> <span class='ocrx_word' id='word_1_501' title='bbox 1008 4738 1033 4778; x_wconf 91' lang='lat' dir='ltr'><strong>et</strong></span> <span class='ocrx_word' id='word_1_502' title='bbox 1051 4730 1252 4785; x_wconf 84' lang='lat' dir='ltr'><strong>oblocutionibus.</strong></span> <span class='ocrx_word' id='word_1_503' title='bbox 1271 4730 1466 4790; x_wconf 80' lang='lat' dir='ltr'><strong>possessionibus</strong></span> <span class='ocrx_word' id='word_1_504' title='bbox 1487 4730 1533 4780; x_wconf 67' lang='lat' dir='ltr'><strong>dc.</strong></span> 
     </span>
     <span class='ocr_line' id='line_1_61' title="bbox 176 4799 1536 4866; baseline 0.004 -20"><span class='ocrx_word' id='word_1_505' title='bbox 176 4814 220 4846; x_wconf 89' lang='lat' dir='ltr'><strong>nos</strong></span> <span class='ocrx_word' id='word_1_506' title='bbox 237 4801 354 4861; x_wconf 86' lang='lat' dir='ltr'><strong>impetere</strong></span> <span class='ocrx_word' id='word_1_507' title='bbox 375 4815 422 4847; x_wconf 89' lang='lat' dir='ltr'><strong>non</strong></span> <span class='ocrx_word' id='word_1_508' title='bbox 442 4803 572 4849; x_wconf 88' lang='lat' dir='ltr'><strong>erubuerit.</strong></span> <span class='ocrx_word' id='word_1_509' title='bbox 596 4800 620 4848; x_wconf 83' lang='lat' dir='ltr'><strong>la</strong></span> <span class='ocrx_word' id='word_1_510' title='bbox 639 4817 703 4859; x_wconf 81' lang='lat' dir='ltr'><strong>vero,</strong></span> <span class='ocrx_word' id='word_1_511' title='bbox 723 4804 762 4866; x_wconf 87' lang='lat' dir='ltr'><strong>qui</strong></span> <span class='ocrx_word' id='word_1_512' title='bbox 781 4815 841 4864; x_wconf 85' lang='lat' dir='ltr'><strong>prae</strong></span> <span class='ocrx_word' id='word_1_513' title='bbox 855 4803 942 4851; x_wconf 86' lang='lat' dir='ltr'><strong>ceteris</strong></span> <span class='ocrx_word' id='word_1_514' title='bbox 961 4809 1070 4850; x_wconf 86' lang='lat' dir='ltr'><strong>nostrum</strong></span> <span class='ocrx_word' id='word_1_515' title='bbox 1088 4802 1112 4848; x_wconf 92' lang='lat' dir='ltr'><strong>in</strong></span> <span class='ocrx_word' id='word_1_516' title='bbox 1132 4814 1157 4848; x_wconf 87' lang='lat' dir='ltr'><strong>re</strong></span> <span class='ocrx_word' id='word_1_517' title='bbox 1176 4801 1295 4848; x_wconf 86' lang='lat' dir='ltr'><strong>cometira</strong></span> <span class='ocrx_word' id='word_1_518' title='bbox 1308 4799 1416 4848; x_wconf 87' lang='lat' dir='ltr'><strong>studium</strong></span> <span class='ocrx_word' id='word_1_519' title='bbox 1434 4801 1536 4851; x_wconf 77' lang='lat' dir='ltr'><strong>elevare</strong></span> 
     </span>
    </p>
   </div>
   <div class='ocr_carea' id='block_1_8' title="bbox 0 0 1721 5542">
    <p class='ocr_par' dir='ltr' id='par_1_18' title="bbox 0 0 1721 5542">
     <span class='ocr_line' id='line_1_62' title="bbox 0 0 1721 5542; baseline 0 0"><span class='ocrx_word' id='word_1_520' title='bbox 0 0 1721 5542; x_wconf 95' lang='lat' dir='ltr'><strong> </strong></span> 
     </span>
    </p>
   </div>
  </div>
 </body>
</html>
