3428 5542
741 301 825 367 capue
841 301 885 355 ΒΛ
905 334 909 342 ·
1273 322 1276 327 ·
1431 298 1493 374 133

222 459 326 524 Etiam
339 457 491 524 Saturnus
508 459 664 522 solitarius
680 469 729 522 est
747 480 910 542 amansque
929 462 1111 532 solitudinis,
1135 466 1224 544 plane
1246 471 1282 526 ιιι
1304 464 1368 544 ejus
1392 464 1494 544 anguli

133 549 283 611 rectitudo
307 568 365 611 nou
389 555 494 629 potest
517 550 594 609 ferre
619 548 710 610 ullam
733 549 983 631 inaequalitatem
1007 551 1056 613 vel
1083 553 1248 627 minimam,
1279 553 1364 632 cujus
1392 552 1495 632 gratia
1543 555 1547 566 '

132 637 291 716 multiplex
312 638 375 700 fiat.
416 635 531 699 Contra
544 634 664 715 Jupiter
683 658 699 698 e
723 656 834 718 genere
859 638 1038 701 infinitorum
1062 649 1217 702 acutorum
1239 659 1328 702 uuum
1352 642 1495 720 angulum

132 733 240 788 nactus
262 725 418 806 popularis
442 724 510 786 ideo
534 726 633 786 factus
662 733 725 800 est,
754 729 909 790 moderate
938 736 1039 789 tamen
1063 736 1095 790 et
1117 735 1330 810 temperanter.
1377 730 1494 792 Auctor

132 815 212 876 euim
235 822 285 876 est
313 812 515 877 amicitiamm
543 813 757 877 honestiorum.
803 816 854 878 Ita
876 816 961 876 Mars
993 824 1024 877 et
1047 817 1152 879 Venus
1184 818 1345 897 populares
1373 825 1405 880 et
1434 817 1494 898 ipsi

132 910 212 979 suut,
236 904 291 965 sed
305 902 437 975 nimium.
471 901 551 966 Nam
565 902 691 964 obtusus
706 909 739 964 et
755 903 899 984 prodigus
922 904 1054 983 ipsomm
1079 906 1205 985 angulus
1228 904 1493 985 intemperantiam

132 999 228 1054 notat.
261 991 431 1054 Mercurius
454 991 491 1051 de
515 997 624 1052 natura
647 990 772 1053 Saturni
797 998 830 1053 et
849 990 937 1054 Jovis
961 993 1149 1055 estuatione
1174 993 1287 1074 anguli.
1324 992 1367 1056 Et
1390 998 1493 1057 amant

131 1078 245 1142 literati
269 1080 389 1160 quidem
411 1079 613 1153 solitudinem,
639 1081 692 1141 sed
716 1079 869 1143 inhumani
892 1087 1078 1163 tamennon
1102 1091 1184 1145 sunt.
1221 1083 1337 1145 Amant
1356 1101 1418 1157 eos,
1443 1080 1493 1162 qui

131 1168 239 1230 iisdem
254 1168 362 1231 studiis
377 1168 576 1240 oblectantur,
598 1168 775 1248 modumque
791 1175 931 1232 statuunt
953 1167 983 1230 iu
999 1169 1288 1240 conversationibus,
1312 1170 1380 1250 plus
1403 1188 1493 1251 quarn

130 1256 261 1339 Jupiter,
286 1257 369 1337 cujus
392 1254 489 1319 omnis
512 1256 593 1318 actio
618 1264 666 1317 est
687 1257 717 1318 io
742 1257 887 1319 coetubus
910 1257 1062 1319 homiuum
1085 1258 1222 1339 interque
1245 1265 1437 1338 purpuratos.

219 1345 340 1426 Jupiter
358 1351 391 1406 et
404 1344 510 1406 Venus
535 1343 671 1405 foecundi
696 1352 776 1406 sunt.
825 1344 905 1407 Saue
930 1345 1000 1425 quia
1021 1345 1141 1427 Jupiter
1164 1347 1239 1410 facit
1262 1347 1301 1408 ad
1325 1347 1492 1427 plerorum-

131 1453 189 1514 que
213 1433 473 1518 compositionem,
499 1433 604 1494 Veuus
629 1441 728 1495 autem
751 1432 839 1495 Jovis
862 1433 948 1514 quasi
973 1434 1093 1496 soboles
1117 1443 1180 1510 est,
1212 1455 1279 1497 cum
1302 1455 1363 1497 uua
1386 1435 1492 1505 Venus

130 1522 240 1602 viginti
262 1522 358 1585 Joves
380 1520 586 1583 breviusculos
610 1520 638 1581 in
663 1540 696 1582 ee
719 1522 882 1585 contiueat.
914 1521 1035 1602 Jupiter
1058 1524 1211 1586 antemio
1234 1542 1334 1585 mares
1358 1523 1491 1604 aequior,

131 1611 239 1673 Venus
260 1611 292 1673 iu
316 1609 483 1672 foeminas:
518 1609 596 1670 uude
624 1608 675 1670 ille
707 1628 771 1671 mas
802 1610 929 1685 dicitur,
963 1610 1038 1672 haec
1062 1612 1203 1674 foemina.
1249 1611 1389 1693 Pyramia
1412 1610 1493 1674 eninr

130 1699 241 1761 efficax
262 1706 330 1773 est,
364 1696 542 1761 ieosaddrou
571 1696 710 1759 effectum
739 1706 770 1760 et
800 1698 930 1761 soboles.
978 1698 1026 1760 Ex
1048 1700 1097 1761 his
1121 1700 1230 1763 iisdem
1252 1700 1407 1780 principiis
1432 1699 1492 1763 ali·

130 1795 244 1867 quanto
272 1787 453 1869 explicatior
484 1804 578 1849 causa
604 1786 755 1861 redditur,
789 1806 880 1868 quare
904 1787 1071 1850 Mercurius
1099 1789 1261 1870 promiscui
1283 1807 1374 1851 sexus
1397 1787 1439 1851 sit
1461 1793 1494 1851 et

131 1895 223 1958 quare
247 1876 277 1939 iu
300 1874 504 1939 foecunditate
528 1873 698 1937 mediocris.

218 1963 305 2027 Jovis
328 1965 470 2046 primum,
499 1962 567 2025 dein
592 1961 732 2038 Setumi,
762 1970 794 2024 et
822 1963 940 2025 demum
963 1964 1105 2027 Mercurii
1132 1964 1338 2046 tranquillitas
1362 1971 1394 2026 et
1416 1958 1491 2026 dou-

53 2106 55 2108 .
130 2053 248 2118 stantia
270 2073 384 2117 morum
408 2060 456 2115 est
478 2074 497 2114 a
519 2051 674 2132 paucitate
697 2052 872 2132 planorum:
904 2052 1034 2115 Veneris
1061 2061 1094 2116 et
1115 2054 1226 2116 Martis
1250 2052 1437 2116 turbulentia
1459 2058 1493 2116 et

130 2143 243 2206 levitas
267 2162 286 2204 a
308 2142 509 2205 multitudine.
551 2139 679 2203 Varium
703 2148 735 2203 et
756 2139 900 2202 mutabile
924 2160 1042 2221 semper
1065 2141 1203 2205 foemina.
1240 2141 1283 2204 Et
1305 2141 1401 2220 figura
1423 2140 1491 2202 Ve-

129 2232 211 2294 neris
235 2231 365 2293 omnium
388 2230 518 2293 maxime
541 2228 627 2291 caria
650 2236 684 2291 et
705 2227 856 2291 volubilis.
893 2229 997 2311 Atque
1020 2229 1052 2293 hi
1074 2232 1187 2311 gradus
1210 2238 1296 2293 snut:
1322 2230 1400 2291 uude
1423 2247 1491 2292 me·

130 2320 197 2382 dius
220 2319 403 2400 Mercurius,
428 2317 529 2380 media
551 2318 620 2379 fide.
1471 2394 1476 2402 ι

218 2406 361 2470 Mercurii
384 2406 529 2469 versatile
553 2413 585 2467 et
607 2406 705 2468 celere
729 2405 880 2485 ingenium
899 2406 993 2467 refert
1011 2404 1147 2468 octaedri
1163 2406 1327 2469 mobilitas.
1360 2404 1440 2467 Nam
1464 2403 1490 2468 si
1578 2421 1582 2429 ·

129 2515 221 2577 super
252 2496 328 2558 duos
361 2495 488 2576 angulos
515 2493 642 2567 volvas,
675 2501 804 2574 quatuor
837 2494 978 2556 continua
1010 2494 1108 2556 latera
1135 2513 1190 2574 per
1216 2495 1348 2556 medium
1378 2494 1490 2573 figurae

129 2585 277 2648 directum
306 2584 366 2647 iter
392 2589 561 2646 transeunt.
618 2581 746 2645 Ceteras
777 2581 888 2662 figuras
921 2584 1186 2664 quomodocunque
1213 2584 1338 2658 volias,
1371 2581 1490 2644 videbis

128 2692 183 2755 per
205 2673 337 2736 medium
360 2681 537 2735 transversa
559 2677 591 2732 et
613 2670 760 2750 impedita
782 2670 921 2733 incedere
946 2671 1052 2735 latera.

217 2762 303 2824 Mars
326 2761 428 2823 multis
453 2759 599 2823 lateribus
630 2759 774 2840 pauciora
802 2759 894 2839 plana
923 2759 1029 2834 efficit,
1063 2760 1168 2821 Venus
1193 2760 1320 2821 totidem
1345 2756 1490 2821 lateribus

128 2850 219 2931 plura
241 2850 352 2932 plana:
384 2849 497 2912 Martis
521 2846 614 2909 etiam
637 2848 722 2910 multi
753 2856 880 2911 conatus
908 2848 985 2910 irriti
1013 2856 1101 2911 suut:
1136 2847 1241 2910 Venus
1265 2847 1422 2909 conatibus
1445 2845 1491 2908 illi

129 2957 195 3023 par,
219 2937 409 3018 prosperiore
434 2946 536 3000 tamen
560 2936 655 3000 utitur
679 2938 808 2999 fortuna.
850 2937 915 3000 Nec
938 2937 969 2999 id
992 2937 1099 2999 mimm
1122 2955 1190 2998 esse
1214 2937 1315 2998 debet.
1357 2935 1490 2998 Facilius

128 3027 209 3090 enim
231 3026 359 3090 choreae
379 3025 576 3115 instituuntur
595 3045 683 3106 quam
702 3025 793 3097 bella,
817 3033 849 3087 et
870 3044 926 3106 par
949 3033 1024 3101 erat,
1050 3025 1139 3087 citius
1163 3026 1202 3087 ad
1225 3027 1313 3088 duem
1335 3024 1490 3103 pervenire

129 3135 258 3190 amores,
282 3134 372 3196 quam
394 3115 472 3187 iras,
495 3114 566 3195 quia
588 3114 646 3176 hae
669 3114 820 3194 perimunt
842 3113 986 3191 homines,
1012 3114 1055 3178 illi
1077 3114 1214 3196 gignunt.
1261 3114 1376 3178 Eodem
1399 3119 1489 3194 pacto

128 3204 297 3267 Mercurius
321 3201 454 3267 Saturno
478 3202 594 3265 felicior
619 3210 675 3265 est
693 3204 719 3274 ⁰)

618 3377 663 3442 IN
688 3374 827 3441 CAPUT
848 3377 1003 3442 NONUM

651 3499 768 3551 norun
787 3498 965 3552 socruum.

207 3605 240 3678 a)
259 3609 371 3681 Loquor
391 3625 452 3664 cnm
474 3609 635 3681 astrologis.
676 3609 748 3662 Nam
768 3607 792 3661 si
815 3624 905 3663 meam
927 3609 1095 3664 sententiam
1117 3609 1218 3672 dicam,
1242 3609 1337 3681 nullus¹
1359 3607 1387 3661 in
1406 3608 1504 3690 coelo)

124 3691 266 3746 maleficus
280 3689 346 3744 mihi
360 3694 503 3744 censetur:
524 3689 606 3761 idque
620 3706 682 3743 cum
696 3689 731 3743 ob
746 3687 817 3742 alias
831 3688 964 3752 rationes,
986 3696 1045 3743 turn
1059 3689 1177 3744 maxime
1191 3693 1306 3757 propter
1320 3687 1400 3751 hanc,
1423 3688 1490 3759 quia

125 3769 242 3825 hominis
262 3769 348 3840 ipsius
369 3775 472 3825 natura
490 3776 535 3824 est
555 3770 599 3823 hic
618 3769 646 3823 in
666 3769 753 3822 Terra
770 3784 894 3832 versans,
920 3784 990 3838 quae
1013 3768 1213 3822 radiationibus
1233 3767 1410 3836 planetarum
1424 3785 1488 3823 oon·

126 3851 205 3904 eiliat
224 3851 353 3904 efl'ecturn
373 3849 401 3903 in
415 3867 492 3912 neser
513 3851 586 3903 sicut
604 3849 722 3910 auditus,
747 3848 898 3901 instructus
922 3849 1058 3902 facultate
1080 3848 1256 3919 dignoscendi
1278 3847 1487 3902 concordantias

124 3947 231 3993 vocum,
255 3929 519 3999 conciliatlmusioae
533 3929 682 3992 haucrim,
706 3934 739 3981 ut
752 3927 803 3981 illa
821 3927 918 3982 incitet
932 3928 1092 3983 audientem
1111 3929 1146 3981 ad
1160 3928 1326 3981 saltandum.
1368 3927 1412 3981 De
1433 3928 1488 3982 hac

125 4028 156 4064 re
177 4009 224 4080 egi
238 4008 332 4064 multis
351 4008 559 4078 inresponso
579 4009 613 4062 ad
633 4007 745 4078 objecta
764 4008 892 4062 Doctoris
910 4008 1073 4062 Roeslini
1104 4013 1200 4060 contra
1227 4006 1328 4061 librum
1348 4008 1382 4061 de
1402 4007 1489 4063 stella

125 4105 207 4154 nova,
229 4095 260 4143 et
274 4087 342 4144 alibi
356 4088 467 4159 passim,
482 4088 620 4159 etiamque
640 4088 668 4142 iu
682 4088 730 4143 lib.
746 4088 793 4142 Ν.
818 4088 1043 4143 Harmonicorum
1064 4087 1175 4159 passim,
1195 4087 1360 4157 praesertim
1383 4104 1444 4158 cap.
1459 4086 1487 4143 7.

205 4166 236 4235 b)
257 4170 318 4224 Hoc
337 4168 489 4240 allegorice
511 4168 682 4223 intellectum
702 4167 825 4238 physicis
847 4169 1002 4225 rationibus
1017 4168 1126 4223 defendi
1141 4173 1252 4236 potest:
1273 4173 1306 4222 ιιι
1323 4168 1347 4222 si
1360 4169 1413 4222 sub
1434 4166 1489 4222 odii

124 4249 262 4305 vocabulo
283 4247 428 4304 discrimen
454 4249 644 4320 qualecunque
671 4247 849 4319 intelligatur
876 4249 954 4314 situs,
984 4255 1082 4313 motus,
1110 4247 1228 4322 luminis,
1257 4247 1366 4303 coloris.
1407 4247 1486 4313 Vide,

124 4330 221 4394 lector,
242 4335 328 4399 caput
341 4328 466 4383 ultimum
479 4329 616 4384 Ptolemai
636 4327 863 4393 harmonicorum,
884 4329 932 4383 ubi
946 4329 1106 4400 prodierint,
1128 4344 1255 4399 quaeque
1273 4327 1302 4382 iu
1323 4328 1350 4381 id
1370 4334 1487 4383 annota-

124 4408 219 4473 verim,
241 4407 407 4480 praesertim
425 4409 551 4464 ultimam
568 4424 656 4464 meam
677 4408 895 4478 speculationem
914 4412 949 4464 de
963 4409 1075 4465 Saturni
1094 4416 1124 4464 et
1136 4408 1236 4463 Martis
1250 4408 1351 4462 mutuis
1365 4408 1487 4463 excessi·

125 4491 176 4544 bus
196 4490 244 4543 rel
264 4488 427 4552 defectibus,
447 4489 525 4544 Jovis
545 4505 612 4545 uero
632 4489 829 4544 mediocritate.
853 4481 890 4558 ³⁸)

204 4566 232 4636 ο)
252 4568 315 4624 Etsi
335 4567 405 4623 nihil
432 4574 477 4623 est
496 4570 549 4624 hoc
569 4575 668 4639 caput,
696 4569 749 4622 nisi
776 4569 853 4624 lusus
876 4568 1074 4641 astrologicae,
1103 4586 1155 4622 nee
1179 4583 1245 4638 pars
1267 4565 1359 4638 operis
1380 4567 1486 4623 censeri

123 4650 216 4713 debet,
238 4651 288 4703 sed
307 4665 457 4704 excursus:
479 4650 605 4704 conferat
624 4654 717 4704 tamen
737 4647 806 4702 illud
827 4651 915 4704 lector
935 4666 996 4704 oum
1015 4647 1169 4704 Ptolemaei
1189 4647 1357 4710 rationibur,
1381 4647 1487 4706 tamin

123 4729 294 4793 Tetrabiblo,
316 4745 399 4800 qnam
417 4728 448 4783 iu
460 4728 648 4806 liarmonicis:
670 4729 775 4783 ridebit
794 4735 904 4784 nostras
919 4728 1095 4784 Ptolemaicis
1115 4746 1170 4784 nou
1190 4727 1343 4792 inferiores,
1365 4743 1399 4781 ao
1412 4727 1484 4782 forte

122 4808 251 4865 meliores
271 4825 343 4866 esse.

712 4879 905 4897 ...Μ-
