3428 5542
723 295 886 347 moenum
949 256 958 264 ’
1425 297 1486 364 aar

127 454 156 516 in
186 473 218 515 re
251 471 376 533 operam
398 454 470 518 Ursi
498 455 619 535 expetii.
668 453 823 525 Quantam
852 463 966 530 autem,
998 472 1054 534 per
1082 455 1181 518 Deum
1212 456 1426 520 immortalem!
1462 468 1494 522 et

127 561 215 623 quam
238 542 435 622 multiplicem
457 542 530 606 mihi
553 543 628 606 lacit
650 543 788 623 injuriam
812 543 893 607 ierus
917 543 1029 606 homo?
1043 534 1053 616 ’,
1074 543 1253 608 Ambiebam
1288 547 1354 626 ejus
1384 547 1490 610 amici-

128 633 201 695 tiam
223 631 317 693 missa
340 632 479 713 epistola.
527 630 562 695 Si
584 631 763 712 petitionem
786 651 885 695 meam
908 633 1042 708 admisit,
1067 633 1155 696 fidem
1175 634 1241 712 ejus
1265 635 1419 699 desidero:
1445 637 1491 701 sin

125 720 259 800 sprevit,
294 730 396 783 tamen
429 721 608 784 inhumanus
636 730 694 783 est
746 719 908 784 Sermones
943 721 1120 796 amicorum,
1155 722 1262 785 literae
1295 724 1392 804 magis
1424 726 1490 805 pri-

126 818 217 871 vatae
241 828 309 870 esse
323 810 459 874 debent:
485 810 540 872 has
564 810 615 872 ille
639 810 816 890 publicavit,
842 830 896 872 neo
920 830 967 872 me
991 811 1150 886 consuluit,
1174 830 1230 872 nec
1254 813 1410 889 facturum,
1436 834 1490 877 nec

127 901 240 961 lactum
263 899 431 975 nunciavit,
465 917 521 961 nec
552 899 711 979 exemplar
737 899 830 961 misit.
878 897 994 969 Quibus
1023 907 1072 961 est
1103 918 1192 961 curae
1221 901 1358 981 aequitas
1390 922 1426 964 ne
1460 903 1489 965 in

125 988 244 1050 hostem
268 988 388 1068 quidem
412 989 474 1050 tale
504 988 575 1068 quid
600 988 722 1050 audent.
771 987 956 1050 Remisisset
984 986 1072 1063 mihi,
1106 989 1185 1068 quod
1208 996 1328 1052 veteres
1356 991 1489 1066 aiebant,

124 1077 278 1152 nuncium,
310 1087 364 1140 aut
392 1077 579 1140 abolevisset
607 1075 766 1150 schedam,
801 1077 828 1138 si
855 1095 914 1138 nou
944 1076 1059 1156 placuit
1086 1077 1209 1140 amicus.
1256 1076 1435 1160 Quanquam
1463 1081 1490 1143 ai

125 1166 221 1228 literis
244 1167 308 1245 ejus
332 1168 371 1228 ad
395 1185 442 1228 ma
466 1166 563 1227 altero
588 1166 711 1226 taudem
735 1184 816 1227 anno
841 1165 978 1246 scriptis,
1009 1165 1035 1226 si
1054 1165 1169 1244 jndicio
1193 1167 1259 1245 ejus
1282 1168 1320 1228 de
1343 1187 1391 1229 me
1414 1169 1490 1232 fides

123 1254 228 1317 haberi
257 1264 376 1334 potest:
410 1262 443 1316 et
469 1254 584 1334 placuit
612 1254 757 1328 conditio,
799 1262 831 1316 et
864 1254 1028 1317 amicitiam
1061 1255 1160 1316 colere
1192 1255 1378 1320 instituerat.
1426 1257 1489 1321 Sed

123 1344 200 1406 haec
223 1344 304 1405 levia
327 1352 407 1418 sunt,
430 1344 484 1405 illa
507 1343 604 1422 major
627 1342 814 1423 improbitas,
834 1343 904 1423 jure
928 1344 1030 1424 utique
1045 1343 1235 1419 vindicanda,
1260 1344 1355 1408 sicui
1377 1345 1490 1410 iuloro

124 1442 179 1494 ant
202 1450 273 1514 spes
306 1442 360 1494 aut
387 1432 568 1494 oblectatio:
603 1431 751 1512 quodid,
786 1432 865 1512 quod
888 1452 1098 1512 pamperponm
1122 1433 1235 1495 dictum
1258 1452 1314 1514 ego
1338 1435 1487 1512 volebam,

127 1523 191 1602 ipse
216 1522 273 1584 sibi
297 1521 504 1597 maledicenti,
529 1523 607 1601 quod
623 1521 744 1595 scribis,
769 1522 912 1601 applicat.
970 1521 1211 1583 Acerbissimum
1235 1523 1374 1600 omnium,
1398 1526 1488 1605 qnod,

123 1630 213 1691 quem
237 1611 427 1691 intelligebat
450 1629 488 1673 ex
511 1611 586 1671 meis
610 1609 706 1672 literis
730 1629 750 1671 a
772 1629 820 1672 me
848 1609 971 1671 maximi
1000 1610 1080 1684 fieri,
1111 1609 1171 1671 illis
1194 1610 1269 1690 ipsis
1292 1613 1368 1675 meis
1393 1614 1490 1677 literis

123 1708 265 1780 quantum
288 1701 389 1779 potuit
412 1698 634 1763 dehonestavit.
682 1698 733 1761 Sic
758 1698 897 1760 uimimm
920 1698 979 1778 ipsi
1003 1718 1049 1760 me
1075 1699 1112 1760 de
1136 1700 1260 1762 laudato
1289 1701 1409 1764 inimico
1432 1721 1488 1766 sno

122 1789 238 1868 placuit
269 1789 384 1850 ulcisci.
432 1787 493 1852 Sed
529 1807 624 1869 nequa
652 1788 730 1849 satis
758 1788 860 1849 mirari
893 1807 1016 1868 possum
1047 1787 1206 1851 consilinm
1236 1789 1382 1853 hominis:
1417 1792 1488 1856 dum

122 1877 278 1939 consilinm
302 1897 400 1940 meum
423 1877 503 1940 illius
527 1877 738 1959 hyperbolicae
762 1876 947 1938 laudationis
970 1878 1094 1940 ventilo.
1142 1875 1244 1947 Quid?
1269 1878 1396 1942 Tantine
1413 1881 1489 1944 facit

122 1968 184 2028 ista
206 1986 275 2029 mea
297 1967 477 2046 praeconia?
506 1965 551 2027 At
574 1966 658 2046 cujus
682 1965 828 2027 hominis?
866 1965 900 2028 Si
924 1967 969 2027 vir
993 1976 1091 2039 esset,
1116 1975 1336 2042 contemneret,
1362 1970 1389 2031 si
1412 1989 1486 2050 prn-

122 2057 208 2131 deus,
234 2075 293 2117 non
317 2056 499 2118 venditaret.
547 2053 738 2125 Quaerebam
762 2054 905 2116 obscurus
936 2074 991 2135 ego
1017 2055 1203 2116 laudatorem
1227 2057 1340 2119 clarum
1358 2050 1487 2122 ‘vixdum

121 2145 185 2207 nati
209 2146 335 2218 inventi,
359 2145 566 2206 mendicabam
591 2145 630 2205 ab
655 2143 720 2222 ipso
745 2144 863 2223 stipem,
889 2162 958 2205 ecce
984 2143 1094 2224 stipem
1114 2144 1179 2224 ipse
1195 2146 1331 2207 mendico
1347 2148 1485 2211 extorsit

121 2234 355 2314 Praeceptorem
371 2234 449 2307 diai;
474 2253 529 2294 nae
553 2251 678 2312 parvam
702 2232 785 2294 laudi
806 2233 1009 2294 accessionem
1034 2233 1108 2295 facit
1131 2226 1169 2295 ex
1193 2234 1366 2298 adulatione
1391 2237 1485 2299 disci-

16 2318 25 2335 *
121 2323 194 2403 puli.
242 2321 379 2393 Quaerat
403 2341 504 2383 eorum
534 2322 712 2401 praeconia,
742 2321 848 2401 quise
875 2331 1089 2400 praeceptores
1121 2323 1216 2402 ipsius
1241 2324 1350 2388 ferunt.
1396 2323 1485 2395 Quod

122 2413 149 2474 si
173 2412 245 2474 mihi
269 2421 372 2491 partes
392 2411 502 2492 judicis
527 2410 623 2472 tradit
646 2412 716 2484 (nec
739 2410 874 2489 apertius
897 2411 928 2471 id
951 2411 1115 2490 potuisset,
1149 2429 1237 2491 quarn
1260 2412 1303 2474 sic
1328 2420 1485 2478 ostentata
1556 2407 1563 2420 ’

122 2521 189 2563 mea
213 2501 372 2581 epistola),
397 2499 484 2574 sciat,
505 2501 568 2581 jam
593 2499 664 2561 mihi
689 2499 765 2560 alios
789 2517 877 2578 quarn
902 2499 1040 2582 discipuli
1068 2519 1166 2561 mores
1191 2509 1371 2580 competere.
1419 2503 1481 2565 To·

122 2593 236 2653 leratur
258 2591 288 2651 in
314 2590 461 2670 discipulo
485 2598 633 2668 utcunque
653 2588 797 2662 adulatio,
823 2589 848 2648 si
874 2608 911 2648 err
935 2588 1071 2666 opinione
1086 2590 1302 2670 praeceptoris,
1328 2610 1482 2655 examore

120 2682 260 2760 profecta
279 2679 317 2741 ad
341 2679 429 2740 linem
454 2678 588 2740 discendi
607 2678 763 2756 dirigatur.
811 2677 844 2737 Iu
864 2677 965 2755 judice
985 2677 1120 2739 adulatio
1135 2678 1281 2757 flagitium
1297 2688 1356 2741 est.
1394 2678 1482 2751 Quae

39 2772 46 2779 '
121 2769 165 2831 sic
189 2768 349 2831 scribenda
376 2768 468 2841 duxi,
503 2776 537 2829 nt
559 2766 697 2845 quamvis
728 2775 867 2845 praestat
894 2765 1067 2827 securitatis
1096 2785 1203 2842 causa,
1237 2768 1482 2833 nocentissimum

119 2863 265 2938 quemque
285 2857 357 2919 mihi
380 2857 534 2918 minimum
558 2856 666 2929 irasci,
690 2864 790 2916 tamen
815 2855 840 2916 si
865 2873 922 2916 nou
947 2854 1036 2917 aliter
1060 2854 1164 2916 honori
1189 2864 1240 2917 tuo
1264 2857 1380 2918 consuli
1406 2876 1480 2938 pos-

118 2948 176 3022 sit,
210 2947 338 3008 haberes
371 2945 526 3008 arbitrium
559 2945 731 3024 publicatae
764 2944 930 3005 calumniae
960 2943 1078 3022 publice
1111 2943 1230 3005 obviam
1264 2946 1362 3008 eundi.
1419 2946 1483 3011 Sed

118 3036 242 3099 missum
265 3036 387 3097 tandem
410 3036 509 3114 ipsum
533 3033 690 3095 faciamus.
733 3034 797 3094 lt'ec
822 3034 900 3095 euim
925 3051 1014 3113 quam
1039 3034 1103 3113 ipse
1121 3033 1208 3108 male,
1234 3035 1287 3095 sed
1312 3054 1401 3116 quam
1425 3054 1482 3117 ego

118 3127 193 3186 bene
217 3125 348 3200 fecerim,
373 3123 535 3204 quaeritur.
582 3124 623 3184 Et
646 3130 717 3184 sunt
740 3121 858 3202 quidem
883 3122 911 3183 in
927 3123 981 3183 illa
993 3141 1062 3183 mea
1075 3122 1205 3202 epistola
1227 3123 1379 3205 pleraque,
1405 3143 1481 3206 quae

117 3214 249 3288 delendi,
274 3215 384 3293 aliqua,
410 3232 485 3294 quae
501 3212 649 3285 excusari,
663 3212 774 3292 aliqua,
800 3231 876 3292 quae
891 3212 1023 3292 pessima
1037 3211 1206 3291 suspicione
1222 3212 1342 3274 liberari
1358 3213 1479 3277 debent.

206 3302 367 3365 Ordiamur
399 3304 437 3365 ab
471 3321 520 3376 eo,
546 3302 633 3382 quod
666 3301 876 3380 gravissimum
910 3309 972 3363 est:
1009 3301 1089 3380 quod
1121 3319 1227 3381 nempe
1260 3302 1377 3364 crimini
1407 3303 1479 3387 mihi

116 3395 182 3468 das,
208 3401 417 3473 contraquam
437 3390 582 3453 senserim
606 3390 634 3451 iu
656 3410 690 3451 os
714 3388 773 3468 ipsi
798 3390 938 3451 locutum.
987 3387 1075 3459 Quod
1100 3389 1168 3450 dum
1192 3391 1272 3469 agis,
1304 3391 1350 3452 ita
1363 3392 1479 3472 'loque-

116 3483 169 3558 ris,
194 3491 228 3545 ut
251 3482 323 3543 milri
347 3479 603 3542 absolutissimum
627 3480 663 3541 de
688 3479 756 3540 aliis
780 3477 928 3557 judicium
952 3478 1083 3540 tribuere
1106 3477 1251 3541 videaris.
1298 3477 1398 3549 Quam
1422 3499 1479 3562 ogo

117 3572 317 3652 suspicionem
341 3571 366 3633 si
391 3592 409 3632 a
432 3590 488 3644 me,
514 3569 592 3649 qnod
615 3587 760 3648 perquam
783 3566 871 3628 facile
896 3574 953 3638 est,
977 3585 1139 3641 removero,
1165 3586 1275 3647 magna
1293 3576 1381 3647 parte
1403 3588 1479 3649 pur-

115 3662 246 3742 gationis
277 3680 323 3722 me
356 3651 530 3722 defunctum
555 3677 622 3719 esse
656 3656 776 3736 putabo.
822 3654 943 3716 Etenim
972 3656 1020 3735 qui
1045 3657 1091 3716 vir
1122 3657 1163 3717 sit
1186 3657 1301 3730 Ursus,
1330 3657 1478 3736 jamnon

116 3751 270 3831 disputare
293 3751 409 3829 placet,
444 3757 525 3810 certe
550 3766 607 3826 quo
632 3756 766 3827 tempore
790 3745 948 3824 epistolam
977 3744 1059 3806 illam
1083 3744 1205 3824 scripsi,
1234 3751 1266 3805 et
1287 3745 1479 3809 imbecilliori

117 3859 200 3902 eram
219 3838 343 3919 judicio,
366 3846 398 3898 et
421 3856 478 3898 uon
503 3855 609 3916 parum
628 3835 685 3915 ipsi
700 3835 763 3914 jam
788 3833 837 3894 diu
862 3833 1035 3895 tribueram.
1082 3833 1178 3895 Venit
1202 3832 1342 3896 Gratium
1361 3835 1477 3898 Doctor

117 3929 266 4010 quispiam
290 3946 327 3988 ex
351 3927 441 3988 ltalia
464 3945 617 4000 reversus,
653 3925 760 3987 librum
784 3923 849 4002 ejus
879 3922 950 3984 mihi
975 3923 1133 3998 exhibens,
1167 3941 1254 4004 quem
1278 3924 1379 3986 triduo
1402 3943 1477 3988 oon·

115 4037 201 4080 cesso
225 4016 335 4096 raptim
357 4034 571 4096 percurrerem.
618 4016 652 4076 ln
676 4033 711 4075 eo
735 4013 885 4075 salutatos
908 4010 1130 4074 schematismis
1158 4012 1275 4091 reperio
1298 4014 1478 4095 praecipuos

114 4107 203 4186 hujus
227 4105 371 4185 temporis
396 4105 635 4178 mathematicos,
660 4103 776 4182 reperio
802 4102 992 4181 magnificam
1017 4102 1047 4163 in
1069 4102 1258 4181 praefatione
1281 4103 1477 4184 provocatio-

114 4215 183 4259 nem
206 4196 245 4258 ad
269 4195 366 4257 simile
390 4193 460 4275 quid
485 4193 662 4269 audendum,
688 4193 727 4253 ad
751 4191 967 4253 astronomiam
992 4211 1008 4252 e
1034 4190 1236 4253 fundamentis
1254 4193 1477 4270 exstruendam,

114 4286 231 4365 reperio
264 4283 441 4368 compendia
475 4284 623 4363 quaedam
657 4301 762 4355 aurea,
797 4300 873 4361 qnae
904 4279 1059 4361 Tubingae
1092 4300 1111 4342 a
1138 4280 1302 4342 Maestlino
1331 4281 1478 4344 celebrari
1511 4330 1521 4337 ,

113 4375 324 4447 memineram,
359 4373 475 4453 reperio
505 4372 673 4434 doctrinam
705 4370 836 4444 sinuum,
870 4369 1038 4431 doctrinam
1066 4369 1301 4450 triangulorum,
1340 4370 1478 4450 vulgaria

114 4464 248 4544 quidem,
281 4462 336 4524 sed
367 4480 446 4524 nova
476 4461 547 4522 milri
581 4460 689 4533 omnia,
723 4468 757 4520 ut
785 4459 904 4534 videas,
940 4478 997 4543 quo
1030 4458 1142 4539 remige
1176 4460 1288 4543 famam
1321 4459 1476 4534 verberet3

113 4572 182 4615 nam
205 4554 348 4633 pleraque
371 4559 481 4630 postea
505 4551 534 4612 iu
554 4550 681 4612 Euclide
705 4556 737 4610 et
751 4547 992 4626 Regiomontauo
1016 4548 1124 4628 reperi,
1149 4567 1224 4629 quae
1249 4556 1312 4608 tum
1335 4547 1393 4628 ipsi
1417 4548 1476 4610 tri-

113 4642 252 4706 buebam.
298 4641 404 4722 Neque
427 4647 559 4715 metuas,
589 4649 637 4716 ut,
670 4638 831 4719 quaejam
855 4637 930 4713 dixi,
964 4638 1039 4699 beue
1069 4656 1135 4699 cum
1158 4638 1280 4699 invento
1303 4655 1369 4698 meo
1394 4645 1477 4700 stare

19 4756 25 4765 ·
113 4740 236 4812 queant.
282 4730 376 4793 Dicat
397 4730 461 4810 ipse
485 4748 539 4809 pro
563 4748 610 4790 me
633 4727 830 4801 Mnestheus,
856 4745 946 4806 quarn
969 4727 1110 4789 tenuibus
1133 4725 1288 4807 principiis
1311 4725 1474 4789 institarim

113 4822 216 4901 initio,
251 4820 301 4903 qui
331 4819 483 4903 proiecto,
506 4817 534 4881 si
561 4825 623 4881 tam
648 4817 784 4902 jejunum
812 4835 859 4878 me
887 4816 1020 4879 secundo
1043 4815 1228 4892 dimisisset,
1263 4833 1352 4897 quam
1379 4814 1476 4899 primo
