3428 5542
605 411 609 415 Ι
664 347 786 401 tantm
803 346 967 415 mmm.
1425 338 1494 409 209

134 503 303 584 Utrumque
340 503 396 567 hoc
433 504 522 568 valde
560 505 733 568 iracundum
766 504 902 568 denotat.
959 508 983 578 )
1010 505 1041 567 in
1070 497 1144 583 [lli
1176 502 1373 578 laboriosnm,
1413 502 1494 566 invi·

137 593 221 666 duum
250 611 386 656 avarum.
439 594 482 656 Et
509 603 633 675 propter
664 594 742 655 hunc
771 602 927 672 aspectum
960 595 1121 657 contemtis
1154 592 1213 655 erit
1239 591 1380 654 moribus.
1426 590 1492 656 Nisi

135 681 213 762 quod
237 681 286 743 hic
309 681 475 762 quadratus
500 682 599 746 brevis
624 691 681 756 est,
710 680 813 744 sextili
837 683 1054 762 aequipollens.
1101 683 1203 762 Atque
1232 681 1324 751 etiam
1347 679 1390 742 illi
1415 699 1493 742 anno

140 766 218 833 1601
245 771 378 850 pessima
401 771 547 833 revolutio
571 771 740 844 illucescet,
767 789 843 848 quae
859 780 912 832 aut
927 791 973 834 me
989 779 1043 832 aot
1057 772 1154 851 ipsum
1169 770 1258 833 tollet
1281 768 1494 848 (significando

135 858 340 929 naturaliter).
386 859 436 937 Eg
459 859 564 938 quibus
589 860 683 934 vides,
707 877 756 921 me
780 859 853 921 nihil
878 859 1002 939 rejicere
1027 880 1065 923 ex
1088 859 1272 939 astrologia,
1300 867 1423 939 praeter
1446 855 1493 919 in·

136 947 223 1009 utilia
245 947 383 1009 domuum
406 948 601 1010 numeralium
623 948 835 1023 instrumenta,
861 957 892 1010 et
915 948 999 1012 illam
1024 956 1216 1029 arrogantem
1238 945 1493 1028 praesumtionem

136 1036 173 1096 de
196 1035 322 1115 speciali
345 1036 566 1116 praedictione,
599 1036 686 1117 quasi
710 1055 797 1115 quem
822 1056 999 1118 suspensum
1023 1038 1058 1100 iri
1083 1037 1231 1111 dicamus,
1264 1035 1292 1097 ei
1316 1055 1375 1097 non
1399 1052 1494 1116 aeque

137 1124 256 1186 coelum
279 1125 491 1204 generalisuh
511 1126 667 1206 complexu
690 1143 834 1203 aquarum
857 1127 992 1208 pericula
1015 1126 1159 1188 denotare
1183 1125 1298 1208 possit:
1333 1132 1386 1185 aut
1409 1122 1495 1205 quasi

135 1213 345 1289 erraverimus,
366 1222 495 1275 mortem
509 1213 599 1275 alicui
623 1212 845 1292 praedicentes,
870 1215 919 1296 qui
943 1234 978 1276 en
993 1213 1315 1296 temporepericuloso
1339 1231 1378 1274 ex
1391 1211 1494 1275 morbo

75 1312 77 1314 ’
136 1301 187 1362 vix
212 1302 319 1365 evasit.
366 1303 464 1364 Vides
495 1303 572 1365 haec
603 1322 661 1364 nou
692 1301 730 1363 ad
759 1310 959 1377 contemtum,
993 1305 1047 1366 sed
1077 1305 1219 1366 honorem
1251 1300 1348 1365 nostri
1380 1298 1494 1365 ordinis

133 1391 295 1470 pertinere.

223 1480 322 1540 Meam
346 1478 566 1539 dedicationem
591 1477 780 1552 (Prodromi)
804 1480 882 1559 quod
907 1480 1027 1556 attinet,
1052 1480 1154 1541 nescio
1178 1499 1235 1560 qno
1259 1486 1350 1560 pacto
1373 1478 1437 1552 liat,
1461 1484 1496 1541 ut

137 1587 203 1629 cnm
227 1568 454 1648 praecipuorum
478 1585 633 1646 procerum
661 1567 782 1646 optimis
817 1577 884 1630 utar
906 1569 1128 1644 voluntatibus,
1157 1578 1258 1631 tamen
1290 1568 1337 1629 his
1365 1565 1495 1628 comitiis

136 1674 196 1717 non
219 1657 366 1733 potuerim
391 1654 523 1717 libellum
547 1656 665 1717 offerre.
711 1656 801 1718 Multi
833 1676 880 1718 me
903 1657 1106 1738 negligentiae
1132 1665 1286 1720 accusant.
1332 1654 1400 1735 Ego
1423 1671 1495 1716 vero

136 1763 330 1824 quaecunque
355 1744 528 1807 necessaria
551 1745 678 1819 fuerunt,
704 1745 733 1806 in
756 1754 865 1825 parato
894 1746 1066 1821 habueram,
1092 1766 1156 1809 rem
1180 1753 1276 1809 totam
1295 1742 1494 1818 Marescalco,

135 1833 269 1895 Honorio
293 1855 312 1896 a
335 1832 454 1896 Saurau
476 1833 694 1908 commiseram,
720 1835 769 1914 qui
792 1853 876 1896 suam
899 1835 979 1896 ultro
1003 1835 1076 1896 mihi
1100 1835 1209 1898 detulit
1223 1853 1346 1914 operam
1375 1832 1405 1893 in
1420 1849 1494 1913 prn-

136 1922 274 2002 ponendo
299 1922 420 2002 negotio
453 1922 517 1984 sine
541 1921 643 1984 libello
667 1922 811 2003 supplice.
859 1923 1067 1987 Intermissum
1092 1933 1150 1987 est.
1197 1922 1266 2004 Ego
1290 1922 1432 1985 dimissus
1456 1919 1495 1983 ab

134 2010 197 2086 illo,
221 2011 368 2074 cumbae
391 2029 483 2074 voce:
508 2008 598 2083 Quod
622 2009 766 2086 differtur,
792 2031 850 2073 non
876 2012 1020 2077 aufertur.
1067 2013 1195 2076 Scilicet
1218 2033 1276 2075 non
1292 2011 1494 2074 eratlaustns

135 2100 284 2162 transitus
308 2099 350 2173 (si
364 2100 515 2163 naturalia
529 2103 725 2179 spectemus),
753 2108 785 2162 et
807 2102 1026 2181 expectandum
1051 2103 1129 2165 forte
1153 2102 1225 2164 mihi
1248 2119 1342 2180 usque
1364 2100 1395 2162 in
1411 2098 1494 2163 futu·

135 2208 199 2251 rum
223 2188 339 2268 Majnm
362 2190 412 2251 vel
434 2188 564 2269 Junium,
590 2208 655 2250 curn
678 2188 709 2264 ll,
731 2190 843 2251 transit
864 2192 919 2270 pe'r
937 2189 1009 2253 Aac.
1043 2191 1169 2254 Interim
1191 2199 1292 2253 tamen
1316 2197 1425 2267 urgent
1447 2205 1494 2255 me

136 2278 315 2340 creditores!
361 2277 429 2339 Huc
460 2277 579 2339 accedit
608 2277 759 2357 privatum
786 2296 884 2340 meum
912 2299 979 2341 curn
1006 2281 1126 2360 publico
1150 2280 1342 2359 conjunctum
1365 2277 1495 2339 infortu-

137 2367 233 2441 nium,
263 2367 341 2447 quod
374 2367 458 2428 Deus
487 2365 560 2447 Opt.
585 2366 670 2426 Max.
701 2367 828 2428 omnium
859 2386 990 2430 meorum
1019 2370 1168 2430 lautorum
1192 2366 1399 2431 charissimum
1422 2365 1496 2429 mibi

136 2450 174 2518 ex
196 2455 253 2518 hac
277 2455 343 2518 vita
365 2456 484 2536 eripuit,
509 2456 547 2517 D.
573 2455 611 2516 D.
636 2454 831 2517 Wilhelmum
845 2457 1125 2531 Zimmermannum,
1151 2458 1236 2537 cujus
1259 2454 1496 2517 moderationem

135 2552 168 2605 et
190 2546 465 2624 candorematque
489 2544 705 2605 dexteritatem
730 2545 859 2606 ecclesia
873 2553 978 2607 nostra
992 2545 1159 2608 diutissime
1175 2543 1370 2608 desiderabit.
1406 2543 1493 2607 Mor·

136 2640 207 2694 tuus
232 2641 280 2695 est
302 2652 389 2695 mane
417 2632 445 2694 1.
470 2631 575 2694 Martii
599 2630 646 2694 St.
673 2632 745 2695 Vet.
770 2652 836 2695 cum
860 2653 914 2713 per
937 2631 1159 2716 9septimaoas
1183 2653 1221 2697 ex
1242 2631 1416 2713 haemoptoi
1438 2631 1495 2695 de-

136 2720 299 2784 cubuisset.
347 2720 481 2802 Cumque
505 2721 585 2784 circa
608 2740 661 2782 eos
686 2722 751 2784 dies
775 2723 869 2784 validi
892 2725 1057 2801 perderent
1079 2724 1172 2799 venti,
1196 2729 1321 2802 etpost
1344 2721 1411 2801 ejus
1435 2718 1493 2785 diei
1576 2740 1581 2749 ·

136 2810 290 2873 meridiem
313 2810 505 2873 vehementer
529 2810 801 2873 tumultuarentur:
827 2811 968 2875 dixerunt
991 2813 1170 2887 adversarii,
1194 2812 1324 2873 animaru
1349 2808 1495 2872 baeretici
1549 2811 1554 2820 ’

135 2917 190 2978 per
213 2907 314 2962 aerem
337 2898 530 2961 circumferri.
577 2898 631 2960 llle
656 2917 726 2960 vero
751 2899 926 2963 beatissime
951 2911 984 2964 et
1005 2901 1211 2983 placidissime
1235 2899 1383 2962 occubuit

209 3099 367 3165 Aaholnglea
385 3100 449 3152 base
466 3100 570 3165 Keplerl
593 3102 701 3164 iudicia,
730 3105 800 3167 quaal
824 3099 857 3153 ad
880 3103 1044 3154 uescendum
1067 3119 1094 3155 ae
1119 3106 1145 3155 ln
1167 3118 1194 3154 ra
1216 3104 1346 3170 incognita
1362 3100 1496 3154 Muretus

135 3173 269 3237 propcslta,
288 3173 353 3221 utatl
369 3173 531 3236 comprobata
548 3179 607 3223 anat
625 3180 723 3224 srsntn.
759 3175 809 3226 Dia
824 3177 877 3238 jam
896 3172 931 3224 60
947 3181 1005 3240 post
1022 3176 1087 3226 dem
1105 3177 1217 3227 nativum
1235 3178 1295 3227 obiit
1313 3173 1497 3239 Keplorldlint

136 3242 269 3300 Hearicns,
289 3242 353 3307 quod
372 3241 409 3305 (d.
429 3241 471 3292 ll.
490 3243 549 3294 Jnn.
571 3239 650 3304 rste)
669 3244 707 3294 his
724 3244 858 3296 Maestlino
877 3248 992 3296 annelat:

224 3341 271 3401 De
287 3349 383 3401 morte
403 3340 486 3401 lilioli
510 3341 554 3403 tui
569 3350 655 3403 tauto
680 3342 735 3404 tibi
751 3344 957 3405 vehementius
976 3343 1130 3418 condoleo,
1154 3344 1242 3424 quod,
1268 3351 1398 3424 quantus
1412 3341 1497 3404 dolor

137 3439 206 3490 tuus
231 3429 337 3503 fuerit,
363 3448 401 3490 ex
424 3447 491 3490 meo
516 3430 610 3509 ipsius
634 3431 839 3509 conjecturam
864 3433 956 3507 facio,
981 3431 1027 3495 cui
1052 3431 1156 3493 itidem
1179 3433 1262 3494 Deus
1286 3431 1324 3496 0.
1348 3431 1392 3492 M.
1416 3430 1496 3494 filio-

137 3517 197 3579 lum
221 3517 385 3579 Heuricnm
408 3537 443 3580 eo
468 3519 533 3597 ipso
559 3528 691 3598 tempore
716 3539 754 3580 ex
778 3520 835 3581 hac
859 3521 924 3581 vita
947 3520 1104 3595 evocavit,
1130 3540 1187 3602 quo
1211 3520 1270 3600 ipsi
1292 3539 1340 3581 me
1363 3526 1496 3583 metuere

137 3606 192 3668 tihi
215 3607 334 3686 scripsi.
379 3606 460 3668 Naru
485 3608 532 3669 die
562 3609 588 3669 l.
613 3607 728 3687 Aprilis
751 3618 910 3688 aegrotare
934 3611 1043 3688 coepit,
1069 3609 1117 3669 die
1141 3607 1172 3671 3.
1198 3609 1331 3689 ejusdem
1354 3609 1428 3670 hora
1455 3603 1494 3669 12

138 3695 305 3770 meridiana
331 3703 465 3757 mortuus
496 3704 557 3771 eet,
592 3696 656 3758 dies
685 3705 774 3760 natus
804 3699 965 3777 sexaginta
994 3697 1116 3760 dimidiu
1145 3699 1252 3760 minus.
1299 3697 1347 3757 Ex
1378 3696 1495 3777 pallore

138 3784 295 3846 cadaveris
318 3783 349 3844 iu
372 3784 517 3847 lateribus
541 3786 741 3865 collegerunt,
777 3795 965 3867 apostemate
990 3787 1100 3865 capitis
1126 3786 1291 3848 extinctum
1315 3805 1393 3848 esse.
1431 3784 1497 3847 De·

138 3871 282 3934 siderium
310 3872 376 3951 ejus
405 3874 489 3934 uxori
518 3893 603 3935 meae
632 3875 714 3936 nulla
744 3875 808 3937 dies
833 3877 939 3950 leniet;
974 3875 1045 3937 mihi
1071 3875 1142 3936 illud
1168 3875 1250 3944 cordi
1275 3885 1339 3936 est:
1365 3873 1497 3936 Vanitas

140 3961 336 4031 Vanitatum,
371 3971 402 4022 et
430 3963 530 4024 omnia
559 3964 700 4024 Vanitas.
748 3966 841 4026 Faxit
863 3965 960 4039 Dens,
992 3974 1026 4026 ut
1050 3965 1168 4025 faustae.
1203 3973 1272 4027 tuae
1305 3963 1497 4043 precationes

139 4050 207 4111 aliis
230 4050 259 4111 in
284 4050 374 4112 rebus
397 4051 473 4112 meis
496 4059 581 4113 ratae
605 4052 677 4114 siut.

227 4139 460 4201 Zimmermanni
476 4149 604 4202 mortem
627 4151 790 4220 sequuntur
812 4141 913 4203 tristia
931 4149 1078 4221 tempora.
1127 4139 1387 4202 Fordinandus
1410 4139 1496 4220 priu-

138 4246 210 4306 ceps
234 4228 263 4290 in
278 4228 400 4290 ltaliam
423 4228 512 4303 ablit;
536 4229 694 4292 Ferrariae
719 4230 817 4309 ipsum
831 4231 951 4310 Jupiter
964 4230 1121 4292 Romanus
1145 4249 1249 4292 mensa
1272 4230 1416 4309 dignatus
1438 4237 1496 4292 est.

138 4317 172 4378 ln
197 4316 328 4379 transitu
351 4318 494 4380 torrentis
519 4318 646 4399 alicujus
670 4338 776 4398 parurn
799 4319 904 4395 abluit,
931 4319 1000 4399 quin
1024 4319 1164 4401 princeps
1188 4320 1393 4382 suffocaretur.
1428 4317 1496 4379 Vo-

138 4416 200 4467 tum
215 4405 332 4471 Mariae
349 4405 541 4469 Lauretanae
566 4408 741 4487 concepisse
766 4408 882 4483 dicitur,
907 4408 1072 4489 statimque
1097 4408 1126 4471 io
1152 4409 1229 4470 vado
1253 4408 1388 4468 stetisse.
1430 4405 1497 4469 Nec

139 4494 237 4556 minus
259 4494 289 4556 in
312 4493 388 4556 mari
402 4496 522 4558 Veneto
545 4496 735 4576 periclitatus
758 4504 816 4558 est.
864 4497 1020 4559 Ferrariae
1044 4498 1222 4559 adventanti
1235 4495 1306 4559 Jovi
1330 4503 1362 4556 et
1380 4494 1498 4556 nomine

140 4583 205 4663 ejus
237 4583 341 4645 clienti
372 4586 550 4663 spectacula
581 4585 715 4647 exhibita
744 4584 839 4665 ignita
867 4586 923 4647 sub
951 4605 1127 4665 vesperam:
1160 4585 1211 4647 ubi
1240 4584 1498 4667 demosthenem

140 4692 176 4733 ex
200 4672 262 4750 igni
283 4672 406 4735 volante
430 4684 590 4753 concepta,
622 4694 765 4754 cumpro
790 4675 902 4736 ludicro
927 4683 1116 4754 spectaretur
1144 4674 1311 4736 incendium
1343 4681 1375 4734 et
1398 4671 1496 4752 negli-

141 4769 272 4841 geretur,
297 4762 497 4844 conflagravit
519 4770 596 4839 tota,
619 4773 652 4825 et
674 4765 770 4846 (quod
792 4764 886 4826 semel
909 4771 1026 4826 tentum
1039 4763 1185 4836 nuditum,
1209 4763 1246 4824 ah
1261 4759 1379 4823 homine
1395 4768 1496 4823 tamen
