3428 5542
707 318 797 374 oses
813 318 911 373 urus.
1422 316 1488 387 238

128 479 266 543 omnibus
289 479 456 562 generatim
477 480 606 559 vigeret,
629 489 660 542 et
683 450 831 564 sineque
853 479 929 543 uihil
943 487 1035 555 esset,
1060 480 1146 560 cujus
1161 477 1363 560 cognitionem
1378 497 1487 562 capere

127 588 212 631 mens
235 579 342 633 nostra
362 577 478 651 posset.
524 571 631 649 Itaque
652 570 732 632 hauc
756 569 982 632 demonstrandi
1006 568 1154 632 rationem
1182 588 1221 630 ex
1244 569 1411 649 geometria
1433 587 1488 631 ceu

127 658 264 739 exemplo
295 659 465 720 desumtam
497 658 692 721 excoluerunt
724 667 756 721 et
784 660 815 720 iu
848 659 974 723 sormam
1007 658 1083 720 artis
1112 657 1246 737 adeoque
1279 665 1311 719 et
1342 657 1488 721 scientiae

126 747 321 827 redegerunt,
346 767 422 828 quae
447 747 573 827 logica
597 747 716 810 dicitur.
765 747 926 809 Vocabuln
950 756 982 809 et
1004 755 1039 808 ιιι
1059 747 1208 827 loquimur
1229 746 1389 820 terminos,
1413 765 1489 828 quos

127 837 157 896 in
182 837 350 915 geometria
380 843 569 916 repererunt,
603 837 795 898 retinuerunt
818 836 894 897 adeo
918 837 1040 912 crebro,
1074 843 1108 897 ut
1131 853 1241 915 negare
1270 854 1358 897 uerno
1380 835 1488 915 possit.

127 925 178 987 lta
200 925 458 1006 hypotheseos
481 943 541 988 vox
564 944 679 1007 quoque
705 924 905 987 usitatissima
928 933 977 987 est
1004 925 1035 986 in
1050 925 1187 986 doctrina
1200 923 1489 988 demonstrationum

127 1012 207 1095 apud
228 1013 439 1076 Aristotelem.
488 1011 564 1076 Cum
588 1014 691 1095 itaque
714 1013 830 1094 logicae
854 1013 1026 1093 jurisdictio
1054 1030 1108 1093 per
1131 1031 1234 1075 omnes
1255 1021 1364 1093 pateat
1386 1013 1488 1075 scieu-

126 1103 204 1176 tias,
236 1121 274 1164 ex
302 1103 402 1182 logica
425 1121 541 1184 quoqne
569 1102 599 1163 in
624 1103 889 1165 astronomiam
915 1121 974 1164 vox
1002 1102 1204 1184 hypotheseos
1232 1101 1406 1164 introducta
1428 1109 1486 1178 est,

127 1210 204 1272 quse
226 1192 275 1255 vel
298 1192 369 1254 siue
388 1191 488 1272 logica
509 1200 634 1272 propter
657 1191 739 1254 solas
764 1191 1036 1254 demonstrationes
1059 1191 1090 1253 iu
1110 1191 1297 1252 astronomia
1319 1190 1487 1271 geometri·

126 1299 180 1342 cas
213 1288 245 1342 et
268 1279 313 1343 sic
336 1280 464 1359 genuino
487 1280 605 1342 nomine
630 1281 842 1361 usurpabatur.
890 1280 1083 1362 Hypothesin
1103 1287 1205 1342 autem
1226 1279 1257 1342 io
1277 1298 1387 1360 genere
1411 1279 1487 1343 dici·
1581 1306 1596 1323 ·

126 1388 207 1442 mus,
242 1369 384 1450 quidquid
408 1370 446 1431 ad
476 1388 681 1449 quamcunque
715 1369 1002 1433 demonstrationem
1034 1387 1089 1449 pro
1112 1378 1195 1430 certo
1223 1377 1256 1432 et
1282 1369 1488 1432 demonstrato

128 1458 263 1521 affertur.
310 1459 361 1520 lta
389 1458 418 1519 in
443 1458 522 1519 omni
547 1458 721 1539 syllogismo
745 1458 927 1541 hypotheses
956 1458 1026 1520 illae
1049 1466 1132 1532 suut,
1163 1476 1238 1539 quas
1267 1457 1490 1539 propositiones

127 1548 192 1608 sive
215 1547 400 1627 praemissas
424 1547 514 1609 aliter
537 1548 675 1610 dicimus.
723 1549 757 1609 Iu
782 1548 915 1627 longiore
930 1566 1001 1609 vero
1021 1547 1289 1622 demonstratione,
1314 1565 1390 1627 quae
1408 1548 1487 1611 mul-

126 1643 177 1698 tos
207 1636 302 1698 habet
332 1634 524 1717 syllogismos
557 1637 784 1711 subordinatus,
822 1638 985 1717 primomm
1022 1637 1262 1718 syllogismorum
1299 1636 1487 1716 praemissae

127 1724 267 1787 dicuntur
297 1725 491 1806 hypotheses.
539 1727 589 1788 Ita
620 1725 649 1787 in
679 1725 905 1800 astronomicis,
940 1725 1059 1806 quoties
1090 1743 1128 1786 ex
1155 1725 1206 1798 iis,
1237 1743 1313 1805 qnae
1342 1725 1373 1786 iu
1401 1724 1487 1787 coelo

127 1813 289 1894 diligenter
312 1822 344 1875 et
366 1822 437 1894 apte
461 1815 572 1876 attenti
595 1814 739 1887 vidimus,
769 1814 882 1894 aliquid
914 1833 1102 1877 numerorum
1124 1823 1158 1876 et
1185 1814 1344 1892 figurarum
1368 1832 1424 1895 ope
1448 1812 1487 1877 de

126 1903 227 1977 stella,
253 1921 343 1982 quam
366 1902 644 1978 observaveramus,
670 1903 927 1966 demonstramus:
952 1912 1024 1966 tunc
1043 1922 1088 1978 ea,
1114 1922 1203 1983 quarn
1222 1903 1283 1964 dixi
1303 1902 1486 1980 observetio,

126 1993 157 2053 in
179 1991 321 2053 instituta
344 1991 600 2055 demonstratione
619 1993 654 2054 fit
676 1991 862 2074 hypothesis,
887 2011 1085 2073 superquam
1107 1991 1268 2073 praecipue
1294 1991 1486 2054 demonstra-

126 2081 170 2143 tio
194 2079 370 2143 exstruitur.

216 2167 356 2231 Genuina
377 2168 453 2230 haec
477 2176 526 2229 est
547 2169 632 2232 vocis
655 2168 832 2250 hypothesis
857 2168 951 2231 notio.
997 2169 1032 2231 ln
1057 2167 1157 2248 specie
1186 2176 1304 2244 tamen,
1334 2186 1401 2230 cum
1424 2188 1482 2233 ou-

126 2277 210 2321 mero
233 2254 434 2320 multitudinis
458 2258 740 2320 astronomicas
765 2257 891 2319 dicimus
923 2257 1168 2340 hypotheses,
1202 2257 1328 2319 iacimus
1351 2256 1381 2318 id
1405 2276 1486 2321 more
1547 2312 1550 2316 .

126 2348 298 2410 scholarum
321 2346 409 2426 hujus
434 2346 538 2421 seculi,
562 2347 759 2427 designantes
784 2365 928 2408 summam
947 2346 1096 2427 quandam
1115 2346 1342 2426 conceptionum
1358 2346 1488 2410 celebris
1583 2352 1585 2357 ’

129 2436 258 2517 alicujus
281 2434 424 2509 artificis,
453 2455 491 2498 ex
510 2435 617 2516 quibus
636 2444 731 2498 totam
755 2436 807 2498 ille
830 2436 976 2498 rationem
1000 2444 1133 2497 motuum
1161 2435 1338 2498 coelestium
1361 2435 1487 2497 demon·

128 2534 224 2589 strat:
259 2544 318 2606 qna
345 2524 375 2586 in
409 2544 524 2587 summa
547 2524 650 2586 insunt
681 2543 747 2586 cum
770 2523 913 2606 physicae
941 2533 1004 2586 tum
1032 2524 1234 2605 geometricae
1264 2522 1487 2604 propositiones

128 2634 242 2689 omnes,
271 2621 417 2695 quotquot
439 2615 479 2676 ad
502 2621 599 2675 totum
622 2631 696 2692 opus
720 2621 893 2675 astronomo
916 2613 960 2675 illi
982 2612 1167 2693 propositum
1192 2612 1394 2674 asciscuntur:
1423 2613 1487 2675 sive

128 2705 200 2767 illas
224 2702 345 2766 aliunde
370 2702 409 2764 ad
432 2722 517 2764 suum
542 2703 728 2764 commodum
752 2702 944 2764 transtulerit
966 2703 1093 2773 artifex,
1117 2702 1180 2764 sive
1205 2711 1297 2763 antea
1319 2718 1358 2762 ex
1381 2701 1488 2767 obser·
1553 2745 1555 2749 ψ

130 2791 305 2856 sationibus
336 2790 610 2865 demonstraverit,
654 2799 686 2852 et
714 2792 779 2871 jam
816 2791 868 2853 via
896 2786 1050 2871 reciproca
1089 2809 1189 2853 secum
1228 2791 1438 2853 demonstrata
1469 2809 1489 2853 a

125 2882 263 2944 discente
286 2879 345 2942 sibi
366 2899 421 2942 ceu
445 2880 631 2963 hypotheses
655 2881 778 2942 concedi
801 2881 950 2960 postulet,
975 2901 1013 2943 ex
1036 2880 1142 2960 quibus
1166 2880 1210 2941 illi
1235 2888 1266 2941 et
1288 2897 1342 2941 eos
1365 2880 1489 2961 (quibus

124 2971 211 3033 initio
235 2988 337 3032 secum
360 2969 571 3050 hypothesium
595 2970 661 3031 loco
686 2989 757 3031 usus
781 2972 874 3059 erat)
887 2969 1064 3033 observatos
1079 2969 1237 3031 stellarum
1262 2968 1340 3031 situs
1363 2978 1395 3031 ot
1414 2986 1489 3051 quos
1537 2975 1539 2978 ⁴

123 3078 213 3140 porro
228 3058 368 3121 similiter
383 3057 574 3139 apparituros
589 3067 703 3138 sperat,
721 3043 906 3120 necessitate
921 3058 1111 3142 syllogistica
1129 3058 1404 3122 demonstraturum
1417 3059 1488 3141 pol·

124 3151 261 3213 liceatur.
307 3147 379 3210 Dixi
402 3147 473 3227 quid
496 3147 538 3209 sit
560 3147 747 3229 hypothesis.
798 3148 906 3210 Dicam
935 3157 968 3211 et
990 3149 1109 3229 qualem
1134 3166 1202 3209 esse
1226 3147 1366 3228 justam
1389 3148 1488 3231 hypo-

124 3237 226 3301 thesin
250 3236 291 3300 sit
313 3255 448 3298 necesse.

215 3324 292 3389 Cum
316 3324 346 3387 in
370 3325 450 3387 omui
480 3324 641 3406 disciplina
670 3332 734 3387 tum
757 3325 787 3386 in
812 3324 997 3388 astronomia
1019 3343 1150 3406 quoque,
1183 3344 1259 3406 quae
1283 3325 1488 3389 concludendo

124 3418 270 3479 lectorem
294 3415 450 3491 docemus,
486 3433 523 3475 ea
546 3414 626 3476 serio
651 3413 795 3487 facimus,
824 3414 942 3476 omnino
971 3414 1058 3476 ludos
1086 3434 1145 3477 uon
1169 3414 1333 3494 agitantes.
1378 3415 1487 3496 Itaque

33 3581 36 3586 ἣ
125 3505 266 3588 quicquid
299 3511 347 3566 est
378 3503 409 3565 iu
439 3503 552 3565 nostris
584 3502 837 3572 conclusionibus,
876 3521 980 3564 vemm
1012 3522 1080 3564 esse
1115 3521 1293 3584 persuasum
1330 3502 1486 3595 habemus.

36 3590 38 3594 ’
124 3596 221 3657 Porro
244 3601 279 3655 ut
300 3611 402 3655 verum
427 3591 622 3654 concludatur
645 3592 792 3672 legitime,
825 3592 1049 3674 propositiones
1080 3592 1111 3654 iu
1135 3591 1326 3673 syllogismo,
1336 3578 1416 3653 hoc
1439 3599 1488 3653 est

126 3682 310 3765 hypotheses
333 3701 422 3744 veras
447 3700 515 3742 esse
539 3700 663 3742 necesse
688 3689 744 3744 est.
792 3680 868 3742 Tum
892 3682 1009 3742 demum
1034 3681 1111 3743 enim
1135 3682 1192 3743 fine
1216 3688 1319 3742 nostro
1342 3680 1485 3759 potimur,

125 3782 161 3835 ιιι
182 3790 286 3834 uerum
309 3769 415 3833 lectori
438 3770 647 3843 ostendamus,
673 3789 739 3831 cum
762 3768 940 3852 hypothesis
963 3777 1089 3849 utraque
1113 3769 1301 3849 undiquaque
1324 3787 1397 3830 vera
1419 3769 1487 3850 lege

126 3859 317 3944 syllogistica
348 3859 379 3921 iu
407 3858 629 3921 conclusionem
657 3859 773 3921 directa
800 3859 901 3921 fuerit.
947 3858 993 3920 At
1024 3858 1051 3920 si
1082 3877 1164 3921 error
1195 3859 1244 3921 vel
1272 3857 1301 3919 iu
1329 3865 1488 3939 utramque

126 3952 176 4012 vel
199 3949 229 4011 iu
255 3950 433 4011 alterutram
456 3947 691 4028 praemissarum
715 3947 926 4030 hypothesium
949 3947 1112 4029 irrepserit,
1137 3947 1197 4009 etsi
1220 3964 1323 4009 verum
1337 3946 1488 4011 interdum

127 4040 157 4102 in
181 4038 371 4101 conclusione
395 4039 541 4117 sequitur,
567 4036 596 4098 id
621 4044 733 4114 tamen,
757 4045 792 4099 ut
810 4037 876 4117 jam
898 4037 1014 4116 pridem
1034 4035 1109 4117 Cap.
1139 4035 1165 4099 1.
1190 4036 1250 4098 mei
1273 4036 1368 4118 Myst.
1385 4034 1487 4100 Cosm.

128 4126 277 4208 allegavi,
303 4126 427 4189 fortuito
450 4127 493 4201 fit,
518 4145 573 4188 nec
596 4144 728 4213 semper,
758 4127 811 4188 sed
839 4134 903 4188 tum
930 4126 1049 4188 demum
1077 4145 1144 4188 cum
1167 4143 1250 4188 error
1272 4126 1487 4206 propositionis

127 4217 215 4279 unius
247 4214 377 4278 occurrit
409 4223 518 4296 aptae,
550 4216 598 4277 vel
629 4233 719 4276 verae
748 4216 796 4276 vel
829 4215 940 4291 falsae,
975 4214 1064 4278 alteri
1093 4215 1132 4276 ad
1159 4233 1264 4277 verum
1296 4215 1485 4279 eliciendum.

126 4305 267 4385 Exempli
291 4305 357 4367 loco
381 4303 570 4367 latitudinem
594 4304 698 4365 Lunae
724 4302 907 4384 Goperuicus
923 4303 1080 4384 supposuit
1098 4323 1157 4367 uon
1171 4312 1222 4366 sat
1239 4320 1396 4383 maguam3
1419 4304 1487 4366 viss

128 4403 178 4457 est
199 4394 253 4458 illa
275 4393 346 4455 olim
370 4412 422 4455 cor
446 4392 555 4472 scorpii
570 4400 684 4473 tegere.
733 4391 917 4472 Ooperuicus
942 4394 1022 4455 falsa
1049 4392 1106 4454 hac
1127 4392 1298 4455 latitudinis
1326 4391 1487 4474 hypothesi

129 4482 262 4565 conjecit
279 4490 391 4557 tamem
416 4501 452 4544 eo
467 4489 602 4562 tempore
626 4482 795 4563 oportuisse
819 4482 883 4562 tegi
906 4482 1029 4544 stellam
1051 4482 1181 4546 aLuna.
1228 4479 1291 4543 Sed
1311 4481 1390 4544 alter
1403 4498 1487 4546 error

128 4573 278 4636 accessit:
315 4571 461 4635 assumsit
491 4571 570 4633 euim
598 4571 788 4634 latitudinem
817 4571 925 4633 stellae
955 4578 1042 4634 tanto
1070 4571 1215 4634 minorem
1243 4571 1339 4651 justo,
1374 4576 1486 4651 quantu

127 4664 224 4726 minor
242 4661 328 4742 justo
350 4659 479 4725 latitudo
502 4660 606 4722 Lunae
630 4661 797 4723 constituta
819 4661 929 4723 luerat.
975 4660 1093 4741 Atque,
1123 4659 1210 4722 utin
1233 4659 1392 4740 prouerbio
1416 4677 1486 4724 ruo·

128 4760 238 4815 nentur
260 4751 421 4813 mendaces
444 4757 479 4812 nt
502 4750 565 4812 sint
586 4768 753 4824 memores,
785 4749 830 4813 ita
852 4749 900 4811 hic
924 4748 1020 4812 falsae
1044 4750 1246 4832 hypotheses,
1269 4764 1373 4810 verum
1396 4749 1487 4814 simul

130 4841 256 4906 fortuito
279 4839 492 4915 condecentes,
515 4837 547 4902 in
568 4856 733 4922 progressu
755 4837 1035 4917 demonstrationis,
1059 4839 1110 4902 nbi
1128 4838 1198 4902 allls
1221 4845 1312 4920 atque
1326 4837 1402 4902 eliis>
1416 4839 1489 4904 lue·
