3428 5542
799 299 960 350 rm...
1003 331 1004 334 κ
1510 303 1548 370 01
1601 256 1604 261 ⁴

202 463 321 506 matum
333 457 407 521 ampl
420 456 633 521 reprehensionem
644 457 726 508 incidi.
740 453 776 518 ¹¹)
803 457 891 523 Itaque
909 473 966 509 sere
984 459 1042 509 mibi
1061 461 1152 511 accidit
1168 463 1303 512 1000101001
1322 461 1385 513 illins
1404 465 1551 526 symbolum:

202 528 263 578 dum
282 529 337 579 aliu
354 531 473 585 inservio,
499 544 545 595 ego
564 543 700 579 consumor.
737 528 829 579 Veram
847 532 905 594 quis
921 532 948 580 in
966 533 1001 580 tui
1020 534 1127 597 gratiam
1145 533 1170 583 id
1188 533 1281 583 iactum
1300 540 1350 588 est.
1373 536 1454 585 minus
1472 531 1551 597 doleo,

201 600 291 649 amicis
310 600 374 650 enim
391 599 538 667 gradilcari,
564 602 609 650 etsi
634 614 806 663 nonnunquam
831 600 869 649 rel
893 616 942 650 nou
967 616 1022 650 raro
1039 603 1168 666 plurimum
1186 603 1245 653 milri
1263 604 1352 655 laboris
1370 605 1428 655 inde
1447 615 1551 666 creetur,

200 676 306 733 paratus
320 686 382 720 sum.
413 670 506 721 Verum
522 685 606 721 morae
626 671 780 720 diuturnioris
798 686 875 721 eausa
893 686 939 737 ego
956 672 1066 737 proiecto
1083 689 1133 725 nou
1151 674 1194 736 inl,
1214 675 1258 725 sed
1275 677 1364 739 partim
1381 677 1460 740 ipsum
1478 694 1550 742 opus-

201 740 298 798 eulum,
316 743 405 805 partim
423 740 569 807 typographi
586 743 697 791 minister
714 741 843 805 typotbeta
861 749 887 792 et
904 744 1005 794 taudem
1023 743 1124 795 schema
1142 747 1193 797 seri
1211 747 1384 810 insculptum.“

274 812 353 872 Dein,
376 815 504 865 recensitis
527 814 752 872 emendationibus,
778 827 842 877 qnae
860 815 906 877 ipsi
924 817 1079 866 necessariae
1096 818 1164 866 risse
1187 824 1260 874 sunt,
1283 819 1320 868 sic
1337 820 1430 884 pergit:
1459 818 1551 871 Omnes

199 884 336 946 particulas
353 885 455 950 perlegi.
473 885 529 935 ideo
548 887 624 935 etiarn
642 884 748 949 qnotidie
766 884 799 935 sd
815 885 942 935 minimum
960 886 1043 940 semel.
1063 893 1091 936 ut
1108 888 1236 951 plurimum
1254 888 1299 946 bis,
1318 905 1367 940 uon
1385 903 1441 939 raro
1459 897 1504 950 ter,
1524 893 1550 942 in

199 955 390 1020 typographiam
408 956 590 1007 ascendendum
608 955 666 1005 mihi
684 955 739 1011 luit,
757 962 786 1005 ut
804 969 886 1004 coram
905 955 938 1006 ad
955 971 1043 1006 manns
1060 960 1212 1023 typographo
1231 960 1357 1016 adessem,
1376 967 1412 1020 nt,
1432 971 1550 1026 quantum

199 1025 367 1077 oculatissimo
384 1026 498 1091 possibile
515 1029 563 1085 sit,
588 1040 775 1090 praecaverem,
801 1040 832 1075 ne
858 1028 943 1077 erratis
968 1027 1030 1077 liber
1046 1036 1161 1079 scateret
1198 1029 1290 1080 Verum
1312 1032 1382 1081 rideo
1402 1034 1469 1095 jam.
1494 1041 1550 1083 utut

197 1103 300 1148 manue
317 1098 490 1154 isboraserin.
513 1096 577 1164 qnod
594 1097 712 1147 nonnulla
730 1102 814 1147 tamen
833 1103 915 1147 errata
931 1112 998 1147 meos
1017 1100 1098 1149 oculos
1118 1106 1143 1150 et
1160 1101 1308 1151 indefessum
1327 1101 1435 1153 laborem
1452 1104 1545 1155 telelia-

197 1174 266 1218 rsnt.
303 1167 420 1235 Singula,
439 1175 568 1234 postquam
586 1183 679 1220 arcusa
695 1168 806 1222 inerunt.
826 1168 954 1234 diligentia
972 1170 1026 1234 pari
1043 1171 1152 1237 relegere
1170 1179 1197 1222 et
1214 1180 1296 1223 errata
1313 1173 1408 1238 reliqua
1426 1176 1549 1241 colligere,

197 1253 247 1305 epo
264 1240 374 1305 proiecto
390 1247 489 1305 propter
507 1241 570 1291 alias
589 1241 762 1304 occupationes
780 1254 830 1289 non
847 1241 923 1302 potui.
955 1240 1016 1290 Cum
1034 1248 1079 1292 tna
1097 1243 1201 1307 epistole
1219 1240 1298 1306 (1.1.)
1318 1258 1350 1294 ea
1367 1246 1473 1298 collecta
1488 1247 1547 1298 mibi

198 1310 312 1372 offerret,
332 1325 363 1362 ea
381 1313 439 1364 addi
458 1312 561 1376 amplius
579 1327 629 1362 nou
645 1317 785 1375 potuerunt,
805 1324 864 1361 narn
881 1312 954 1360 nimis
972 1326 1025 1361 sero
1044 1327 1075 1362 ea
1092 1314 1247 1364 adveniebat
1442 1343 1446 1353 ·

270 1381 342 1443 Quod
359 1381 490 1433 Bbetici
508 1383 674 1432 narrationem
692 1381 856 1443 adiiciendum
874 1383 973 1444 censui,
997 1383 1069 1434 facile
1092 1386 1160 1447 potui
1183 1386 1317 1449 conjicere,
1338 1395 1436 1452 propter
1453 1395 1546 1439 sumtus

194 1454 305 1516 maiores
324 1453 350 1503 id
367 1453 412 1504 trbl
429 1468 558 1504 onerosum
576 1454 634 1503 lore.
671 1452 764 1502 Verum
783 1453 855 1503 crede
872 1453 945 1515 mihi,
965 1453 1037 1504 crede
1055 1456 1096 1509 iis,
1122 1458 1162 1519 qni
1181 1457 1266 1507 dextre
1284 1465 1310 1508 et
1327 1460 1380 1509 siue
1397 1461 1546 1523 praejudicio
1655 1517 1658 1522 ,

194 1523 228 1574 da
245 1531 273 1574 ta
291 1531 383 1590 tuoqne
400 1528 491 1589 scripto
505 1526 627 1588 judicant.
646 1540 696 1575 non
714 1525 766 1586 ejus
783 1525 925 1588 poenitebit
944 1540 990 1574 nec
1008 1528 1135 1589 poeniteat
1146 1534 1181 1583 te,
1199 1530 1259 1593 quia
1267 1529 1395 1593 plurimum
1410 1530 1472 1580 lucis
1488 1532 1546 1583 inde

196 1595 233 1645 sd
250 1601 320 1647 taum
337 1598 455 1660 scriptum
472 1597 542 1647 radit.
572 1596 649 1660 quue
665 1602 735 1645 tanto
754 1598 832 1662 magis
849 1603 948 1662 gratum
965 1596 1035 1652 toret,
1055 1612 1111 1648 cnm
1128 1612 1185 1663 pag.
1206 1597 1236 1647 11
1254 1614 1288 1650 ex
1304 1601 1412 1665 professo
1429 1601 1546 1654 lectorem

194 1665 230 1716 sd
248 1681 304 1716 earn
322 1669 488 1718 namadonem
508 1667 615 1732 ableges.
653 1665 745 1727 Quodsi
765 1680 797 1716 aa
815 1673 907 1722 careat,
926 1667 1021 1717 ridetur
1037 1670 1063 1717 in
1081 1668 1197 1732 Utopiam
1214 1670 1345 1736 ablegatus
1358 1708 1364 1720 .
1379 1708 1384 1720 .
1399 1707 1427 1722 ..

264 1737 338 1789 Nunc
357 1745 449 1790 cetera
485 1739 622 1788 Tabellario
640 1743 698 1794 tuo,
721 1744 850 1802 postquam
869 1753 898 1788 ex
915 1739 1013 1788 Aisstr'a
1034 1740 1119 1797 rediit,
1145 1740 1238 1805 aliquot
1255 1743 1403 1807 exemplaria
1419 1744 1544 1808 imponere

192 1807 314 1859 solebam.
345 1808 438 1861 Vernm
457 1811 515 1875 qnia
532 1810 583 1874 typi
602 1810 673 1858 aenei
691 1808 777 1857 tabula
796 1809 904 1858 nondum
923 1810 1036 1860 absoluta
1053 1811 1142 1869 iuerat,
1162 1818 1188 1860 et
1204 1813 1263 1875 quia
1281 1812 1317 1864 St.
1335 1813 1470 1865 Steiulinus
1488 1831 1542 1880 pro-

192 1879 292 1943 pediem
309 1880 368 1931 binc
383 1882 537 1945 proiecturus
556 1887 617 1942 erat
636 1879 778 1929 1111100011οι
794 1886 851 1929 11100
863 1886 958 1930 mutato
971 1883 1071 1932 consilio
1084 1883 1233 1947 exemplaria
1249 1884 1290 1934 hio
1308 1885 1405 1951 reliquit
1423 1889 1542 1937 animum·

192 1966 242 2016 que
260 1952 365 2010 induxit,
383 1968 433 2002 non
452 1968 522 2018 equo,
542 1966 614 2017 quem
632 1958 740 2000 emturus
758 1951 846 2008 inerat,
866 1951 909 2001 sed
927 1953 1030 2014 pedibus
1048 1954 1146 2003 domum
1163 1957 1251 2004 reverti
1269 1956 1340 2006 selle.
1377 1957 1469 2007 Verum
1487 1973 1543 2008 cum

192 2036 242 2088 ego
262 2022 374 2074 Steiulini
392 2025 526 2074 111000110οι0
544 2030 658 2086 expecto.
686 2036 744 2072 ecce
764 2023 817 2084 jam
841 2028 899 2071 ante
922 2022 1014 2088 aliquot
1035 2025 1087 2074 dies
1106 2040 1180 2090 qnam
1198 2040 1244 2091 ego
1263 2028 1368 2091 comperi
1386 2028 1540 2083 discesserat.

192 2107 333 2160 quanquam
354 2096 463 2145 nondum
480 2094 589 2158 perlecto
607 2099 665 2157 typo
685 2106 770 2143 aeneo.
802 2092 860 2142 anr
878 2108 934 2143 vero
952 2093 985 2143 D.
1005 2095 1036 2145 N.
1056 2095 1153 2146 Veneto
1172 2097 1389 2161 Gruppenbacbius
1408 2098 1440 2147 25
1460 2114 1540 2150 exem·

190 2163 274 2228 plaria
298 2168 433 2220 commisit.
462 2179 525 2231 quas
547 2180 599 2215 una
621 2180 676 2214 cnm
698 2165 763 2214 libris
785 2164 881 2213 inclusa
899 2164 1025 2214 Grsetium
1043 2167 1111 2217 ieret.
1148 2168 1287 2218 Tabellario
1305 2185 1400 2235 qnoque
1417 2174 1541 2234 praesenti

190 2238 303 2287 commisi
322 2235 337 2284 7
356 2238 506 2300 exemplaris
523 2237 555 2287 ad
573 2244 599 2285 te
618 2236 783 2300 deportanda,
802 2236 888 2299 quibus
908 2237 1030 2287 residuum
1047 2241 1100 2301 ejus
1119 2239 1215 2293 addidi.
1238 2243 1307 2303 oujm
1324 2247 1420 2305 partem
1437 2243 1541 2306 priorem

188 2306 283 2359 dndnn
300 2308 364 2359 misi.
400 2308 507 2374 Reliqua
524 2323 567 2372 per
584 2309 723 2374 Augustam
740 2309 881 2360 mittentur.
901 2309 966 2357 sicut
983 2323 1013 2358 ex
1032 2309 1227 2374 Gruppenbaebii
1245 2311 1322 2362 literis
1339 2312 1468 2378 intelliges.

262 2377 323 2429 Cum
342 2379 546 2445 Gmppenbaohio
564 2385 606 2429 tno
624 2379 722 2427 nomine
740 2379 775 2427 sic
793 2383 881 2441 pactus
905 2394 972 2427 snm:
1000 2381 1123 2444 exemplar
1147 2382 1271 2446 quodlibet
1293 2398 1335 2447 pro
1356 2381 1389 2431 10
1407 2386 1538 2450 crucigeris

189 2450 326 2501 concedere
344 2451 408 2509 vult,
427 2449 473 2501 boc
492 2457 531 2500 est
548 2464 590 2513 pro
609 2448 643 2497 28
660 2449 790 2498 nummulis
809 2448 1029 2514 Wlnembergicls,
1052 2458 1110 2500 sunt
1128 2453 1193 2501 enim
1212 2448 1245 2500 28
1263 2454 1387 2519 plagulae.
1424 2457 1447 2504 Δ
1464 2462 1538 2519 pacto

188 2528 273 2571 sutem
292 2519 345 2570 20⁰
363 2521 537 2587 exemplarium
555 2535 630 2586 segre
648 2521 747 2570 recedit.
783 2519 838 2568 Hoc
857 2534 915 2585 ergo
932 2521 1039 2571 medium
1056 2524 1114 2571 inii:
1137 2537 1183 2587 ego
1202 2524 1288 2574 eodem
1305 2527 1384 2589 pretio
1404 2524 1437 2576 50
1456 2542 1538 2577 exeru-

186 2591 267 2656 plsria
283 2607 396 2651 emam,
414 2601 443 2644 ut
459 2593 505 2642 tibi
524 2589 575 2641 1110
593 2599 691 2642 tantum
708 2592 838 2654 supersint

260 2663 356 2725 Quibus
375 2671 402 2715 et
418 2665 538 2730 quomodo
557 2663 706 2727 exemplaria
722 2667 765 2711 tuo
782 2662 881 2711 nomine
894 2662 1037 2713 distribuere
1050 2657 1188 2722 conveniat,
1207 2665 1266 2714 mihi
1280 2667 1377 2731 quidem
1394 2682 1437 2732 per
1454 2669 1538 2720 literas

189 2737 327 2787 0011001100.
363 2735 466 2787 Mallem
484 2742 567 2786 autem
586 2735 698 2785 disertius
715 2746 831 2797 personas
849 2733 909 2781 mihi
927 2735 1093 2792 nominasses,
1111 2750 1165 2786 meo
1185 2738 1249 2785 enim
1268 2739 1387 2788 arbitratu
1403 2739 1444 2788 hic
1463 2754 1536 2806 agere

186 2805 320 2858 admodum
338 2806 435 2857 difficile
453 2806 512 2858 nihi
532 2813 577 2855 est.
614 2805 670 2855 Non
688 2803 771 2853 dubito
790 2805 848 2868 qniu
865 2803 899 2852 ill.
918 2810 1001 2853 nostro
1018 2806 1121 2869 principi
1140 2809 1239 2872 ejusque
1258 2809 1315 2857 cels.
1334 2809 1398 2870 fillo,
1422 2826 1469 2861 nee
1487 2827 1536 2861 nou

186 2877 243 2927 duci
261 2877 450 2944 Lunebmgensi
467 2879 556 2927 rectori
577 2882 660 2927 nostre
682 2888 766 2940 magu.
790 2875 891 2939 singulis
917 2876 1015 2940 singula
1038 2877 1187 2942 exemplaria
1211 2879 1296 2929 donari
1314 2881 1352 2930 sel
1371 2880 1451 2931 offerri
1468 2883 1535 2932 10110.

189 2948 250 2998 ldeo
267 2951 317 3000 tris
335 2950 485 3013 exemplaris
500 2948 656 2998 mediocriter
673 2946 802 3011 splendida
819 2946 890 3011 ligari
909 2960 975 3002 curo,
994 2948 1079 3011 quibus
1097 2956 1167 2998 tunm
1178 2965 1267 3001 nomeu
1278 2966 1354 3002 manu
1371 2956 1418 3002 tua
1433 2954 1534 3018 inscrip-

184 3025 239 3070 turn
257 3036 312 3071 asse
332 3022 500 3072 conveniebat
537 3018 631 3070 Verum
648 3019 705 3083 qnia
723 3018 749 3067 id
765 3018 856 3069 trustra
874 3025 939 3081 opto,
959 3018 1023 3068 dabo
1041 3034 1154 3084 operam,
1172 3029 1202 3072 ut
1219 3024 1316 3072 nomine
1334 3028 1376 3073 tuo
1395 3025 1532 3075 tradantur.

186 3089 238 3142 sei
256 3093 342 3157 quibus
361 3093 416 3142 aliis
434 3093 488 3142 dari
505 3092 594 3159 velis„
605 3106 650 3156 ego
668 3090 776 3154 proiecto
793 3091 891 3147 nescio,
914 3104 962 3140 uec
984 3098 1056 3155 puto,
1081 3092 1146 3156 quod
1163 3095 1272 3142 omnibus
1289 3094 1462 3158 professoribus
1481 3097 1534 3146 dsn’

187 3168 308 3226 oporteat,
327 3163 413 3229 quibus
432 3161 536 3213 autem?
566 3161 678 3212 Proiecto
692 3175 738 3224 ego
750 3161 852 3211 uomina
863 3175 946 3210 eorum
957 3161 1015 3210 mihi
1035 3162 1166 3228 designata
1182 3164 1329 3215 maluissem.
1361 3164 1429 3226 Quos
1441 3169 1532 3217 amicos

185 3239 241 3284 tuos
259 3236 285 3284 in
303 3234 425 3299 stipendio
442 3232 597 3284 honorandos
614 3239 699 3297 putes,
717 3232 803 3281 itidem
820 3233 916 3289 neseio,
939 3247 985 3284 nec
1004 3233 1100 3291 dubito,
1124 3237 1150 3284 in
1168 3235 1339 3286 distribuendis
1356 3238 1532 3302 exemplaribus

182 3306 273 3356 multos
292 3321 320 3356 se
338 3320 439 3356 numero
458 3307 481 3356 el
500 3312 709 3354 annumeratum.
747 3302 820 3363 Quod
837 3304 858 3352 si
876 3303 942 3353 breri
959 3306 1113 3354 occasionem
1131 3309 1240 3371 responsi
1257 3310 1292 3357 tui
1310 3321 1408 3372 sperare
1425 3325 1529 3373 possem,

183 3392 312 3428 censerem
329 3393 381 3428 rem
399 3390 456 3427 eam
474 3377 643 3427 dilamtionem
661 3376 724 3425 terre
742 3389 828 3438 posser
851 3374 896 3423 sed
913 3375 1024 3439 prolixior
1042 3391 1110 3433 sum,
1136 3389 1209 3442 quam
1228 3380 1323 3429 animus
1341 3386 1396 3430 erat
1413 3389 1440 3430 et
1456 3396 1530 3447 qnam

181 3448 248 3499 alise
267 3451 441 3514 occupationes
459 3454 602 3513 praesentes
620 3447 683 3497 ierre
695 3451 810 3509 possunt:
837 3444 958 3494 Dominus
970 3444 1039 3496 Deus
1058 3454 1092 3506 te,
1111 3453 1155 3498 tua
1172 3449 1255 3499 studia
1272 3457 1298 3501 et
1315 3466 1359 3501 nos
1377 3466 1461 3502 omnes
1480 3452 1529 3502 cle·

178 3527 278 3570 menter
292 3527 425 3570 consecret
453 3519 585 3569 Plurimam
603 3518 708 3568 salutem
725 3531 784 3583 roge
803 3516 871 3566 dicas
889 3527 944 3566 meo
962 3519 1060 3568 nomine
1073 3519 1103 3569 ei.
1120 3521 1169 3569 siro
1182 3520 1279 3571 domino
1290 3536 1345 3572 meo
1357 3528 1474 3586 perpetuo
1488 3520 1527 3573 eo·

178 3590 322 3641 lendissimo
340 3590 374 3641 D.
392 3590 425 3641 D.
444 3590 517 3640 Willr.
536 3590 744 3640 Zimmermanno.
779 3586 844 3637 Vale
862 3587 973 3638 feliciter.

251 3733 375 3798 Keplerus
392 3733 521 3797 respondit
537 3734 560 3784 d.
581 3730 605 3782 s.
625 3728 684 3795 (10)
703 3729 792 3794 Aprilis
813 3725 896 3779 159⁷:
1524 3792 1527 3796 A

269 3823 408 3886 Salutem
430 3824 596 3904 plurimam.
635 3820 723 3892 Quod
745 3819 867 3880 taudem
890 3818 1049 3898 aliquando
1073 3818 1196 3899 elephas
1218 3840 1301 3884 meus
1321 3823 1448 3903 peperit,
1473 3844 1527 3886 nec

178 3913 298 3975 interea
320 3913 464 3993 temporis
487 3914 550 3974 ulla
572 3911 674 3973 libello
696 3927 762 3971 1000
786 3908 946 3970 difficultas
971 3908 1172 3988 ascripturae
1189 3930 1292 3974 sacrae
1311 3912 1525 3989 defensoribus,

177 4003 259 4082 quod
291 4004 473 4072 metuebam,
502 4001 623 4081 objecta
650 3998 720 4073 fuit,
753 3997 888 4079 equidem
911 3997 976 4058 Deo
1000 3996 1145 4059 conditori
1173 3998 1280 4063 devote
1312 4001 1427 4082 gratias
1456 4021 1524 4082 ago.

178 4091 329 4166 Partitis,
354 4100 396 4166 ut,
420 4085 497 4173 quod
521 4109 577 4170 ego
590 4088 708 4169 publice
723 4105 841 4167 quaero,
865 4086 978 4165 passim
1000 4085 1079 4165 apud
1103 4105 1193 4148 sanos
1218 4091 1390 4169 etcopiose
1414 4110 1524 4172 sequa-

178 4188 229 4242 tur
252 4200 290 4243 ex
309 4180 527 4260 jucundissima
555 4176 776 4258 speculatione;
806 4175 922 4238 scilicet
949 4182 982 4236 ut
1009 4174 1082 4236 fides
1110 4176 1147 4237 de
1175 4197 1271 4240 rerum
1295 4180 1445 4242 creatione
1469 4182 1524 4242 hoe

178 4277 304 4332 externo
325 4270 503 4332 adminiculo
523 4269 719 4338 confirmetur,
744 4264 916 4326 conditricis
934 4263 1043 4325 mentis
1056 4272 1165 4326 natura
1178 4279 1386 4347 cognoscatur,
1410 4271 1522 4349 major-

178 4377 235 4440 que
254 4359 341 4421 nobis
357 4358 488 4441 quotidie
503 4360 557 4420 fiat
574 4355 754 4418 inexhausta
772 4353 850 4415 illiue
873 4352 1038 4433 sapientia:
1063 4360 1152 4435 atque
1176 4357 1251 4418 adeo
1274 4365 1309 4419 ut
1331 4358 1379 4419 vel
1402 4358 1523 4420 taudem

176 4448 266 4510 homo
286 4467 359 4510 suae
377 4449 487 4510 mentis
501 4449 580 4510 vires
599 4447 682 4526 justo
705 4443 823 4506 modulo
846 4442 987 4504 metiatur
1010 4450 1041 4503 et
1064 4442 1224 4524 intelligat,
1250 4465 1314 4508 curn
1328 4446 1410 4508 Deus
1424 4447 1522 4508 omnia

177 4538 217 4599 ad
241 4537 420 4618 quantitatis
443 4555 562 4599 normas
584 4533 753 4597 condiderit
775 4532 804 4592 in
828 4540 892 4594 1010
915 4531 1040 4602 mundo,
1064 4543 1192 4596 mentem
1216 4536 1307 4597 etiam
1329 4535 1438 4597 homini
1462 4535 1518 4597 da-

176 4634 250 4702 tsrn,
275 4645 351 4706 quae
374 4627 470 4689 talis
493 4622 732 4706 comprehendat.
769 4623 848 4684 Nam
871 4629 905 4683 ut
927 4621 1029 4682 oculus
1048 4621 1229 4694 0110010100,
1254 4623 1333 4686 auris
1357 4625 1396 4686 ad
1420 4643 1519 4701 sonos,

175 4715 222 4778 ita
243 4734 328 4780 mens
351 4715 480 4778 hominis
503 4735 561 4778 non
585 4714 624 4775 ad
647 4711 778 4793 quaevis,
804 4711 859 4772 sed
882 4710 921 4771 ad
944 4717 1078 4790 quanta
1101 4711 1296 4794 intelligenda
1318 4713 1439 4775 condita
1462 4723 1518 4790 est,

175 4823 298 4885 remque
313 4805 477 4884 quamlibet
495 4813 580 4868 tanto
598 4800 711 4865 rectius
733 4800 871 4880 percipit,
895 4807 1005 4878 quanto
1028 4798 1081 4860 illa
1101 4803 1221 4881 propior
1244 4810 1292 4865 est
1313 4802 1399 4864 nudis
1423 4822 1518 4885 quan-
