<?xml version="1.0" encoding="UTF-8"?>
<!DOCTYPE html PUBLIC "-//W3C//DTD XHTML 1.0 Transitional//EN"
    "http://www.w3.org/TR/xhtml1/DTD/xhtml1-transitional.dtd">
<html xmlns="http://www.w3.org/1999/xhtml" xml:lang="en" lang="en">
 <head>
  <title>
</title>
<meta http-equiv="Content-Type" content="text/html;charset=utf-8" />
  <meta name='ocr-system' content='tesseract 3.04.00' />
  <meta name='ocr-capabilities' content='ocr_page ocr_carea ocr_par ocr_line ocrx_word'/>
</head>
<body>
  <div class='ocr_page' id='page_1' title='image "./joanniskepleria10frisgoog/joanniskepleria10frisgoog_0168.png"; bbox 0 0 3414 5550; ppageno 0'>
   <div class='ocr_carea' id='block_1_1' title="bbox 679 287 1438 354">
    <p class='ocr_par' dir='ltr' id='par_1_1' title="bbox 679 287 1438 354">
     <span class='ocr_line' id='line_1_1' title="bbox 679 287 1438 354; baseline 0 -15"><span class='ocrx_word' id='word_1_1' title='bbox 679 287 762 352; x_wconf 82' lang='lat' dir='ltr'><strong>Caput</strong></span> <span class='ocrx_word' id='word_1_2' title='bbox 778 288 834 341; x_wconf 81' lang='grc' dir='ltr'><strong>ΧΠ.</strong></span> <span class='ocrx_word' id='word_1_3' title='bbox 1377 288 1438 354; x_wconf 80' lang='grc'><strong>147</strong></span> 
     </span>
    </p>
   </div>
   <div class='ocr_carea' id='block_1_2' title="bbox 64 446 1480 2672">
    <p class='ocr_par' dir='ltr' id='par_1_2' title="bbox 70 446 1439 1555">
     <span class='ocr_line' id='line_1_2' title="bbox 75 446 1439 520; baseline 0.004 -20"><span class='ocrx_word' id='word_1_4' title='bbox 75 447 225 501; x_wconf 84' lang='lat' dir='ltr'><strong>carendum</strong></span> <span class='ocrx_word' id='word_1_5' title='bbox 239 447 284 501; x_wconf 87' lang='lat' dir='ltr'><strong>hic</strong></span> <span class='ocrx_word' id='word_1_6' title='bbox 299 462 317 500; x_wconf 90' lang='lat' dir='ltr'><strong>a</strong></span> <span class='ocrx_word' id='word_1_7' title='bbox 331 446 481 500; x_wconf 89' lang='lat' dir='ltr'><strong>collusione</strong></span> <span class='ocrx_word' id='word_1_8' title='bbox 496 446 553 500; x_wconf 90' lang='lat' dir='ltr'><strong>ista</strong></span> <span class='ocrx_word' id='word_1_9' title='bbox 566 447 761 512; x_wconf 76' lang='lat' dir='ltr'><strong>accidentaria,</strong></span> <span class='ocrx_word' id='word_1_10' title='bbox 784 451 855 520; x_wconf 93' lang='lat' dir='ltr'><strong>quod</strong></span> <span class='ocrx_word' id='word_1_11' title='bbox 869 450 953 504; x_wconf 84' lang='lat' dir='ltr'><strong>etiam</strong></span> <span class='ocrx_word' id='word_1_12' title='bbox 968 450 1076 505; x_wconf 84' lang='lat' dir='ltr'><strong>sextilis</strong></span> <span class='ocrx_word' id='word_1_13' title='bbox 1092 450 1130 503; x_wconf 91' lang='lat' dir='ltr'><strong>sit</strong></span> <span class='ocrx_word' id='word_1_14' title='bbox 1142 449 1269 519; x_wconf 87' lang='lat' dir='ltr'><strong>praecise</strong></span> <span class='ocrx_word' id='word_1_15' title='bbox 1283 451 1439 506; x_wconf 87' lang='lat' dir='ltr'><strong>dimidiatus</strong></span> 
     </span>
     <span class='ocr_line' id='line_1_3' title="bbox 74 525 1438 600; baseline 0.004 -20"><span class='ocrx_word' id='word_1_16' title='bbox 74 527 171 589; x_wconf 86' lang='lat' dir='ltr'><strong>trinus,</strong></span> <span class='ocrx_word' id='word_1_17' title='bbox 194 536 224 581; x_wconf 88' lang='lat' dir='ltr'><strong>et</strong></span> <span class='ocrx_word' id='word_1_18' title='bbox 248 526 357 580; x_wconf 87' lang='lat' dir='ltr'><strong>sextilis</strong></span> <span class='ocrx_word' id='word_1_19' title='bbox 382 525 483 579; x_wconf 91' lang='lat' dir='ltr'><strong>tertiae</strong></span> <span class='ocrx_word' id='word_1_20' title='bbox 498 527 573 580; x_wconf 90' lang='lat' dir='ltr'><strong>molli</strong></span> <span class='ocrx_word' id='word_1_21' title='bbox 597 530 774 597; x_wconf 88' lang='lat' dir='ltr'><strong>respondeat.</strong></span> <span class='ocrx_word' id='word_1_22' title='bbox 816 530 886 584; x_wconf 86' lang='lat' dir='ltr'><strong>Nam</strong></span> <span class='ocrx_word' id='word_1_23' title='bbox 910 531 988 584; x_wconf 92' lang='lat' dir='ltr'><strong>docui</strong></span> <span class='ocrx_word' id='word_1_24' title='bbox 1003 547 1064 600; x_wconf 87' lang='lat' dir='ltr'><strong>cap.</strong></span> <span class='ocrx_word' id='word_1_25' title='bbox 1081 531 1109 583; x_wconf 87' lang='lat'><strong>6.</strong></span> <span class='ocrx_word' id='word_1_26' title='bbox 1134 531 1180 584; x_wconf 87' lang='lat' dir='ltr'><strong>lib.</strong></span> <span class='ocrx_word' id='word_1_27' title='bbox 1198 530 1244 583; x_wconf 86' lang='lat' dir='ltr'><strong>IV.</strong></span> <span class='ocrx_word' id='word_1_28' title='bbox 1260 531 1438 585; x_wconf 80' lang='lat' dir='ltr'><strong>Harmonice·</strong></span> 
     </span>
     <span class='ocr_line' id='line_1_4' title="bbox 73 607 1439 679; baseline 0.004 -19"><span class='ocrx_word' id='word_1_29' title='bbox 73 623 141 669; x_wconf 88' lang='lat' dir='ltr'><strong>rum,</strong></span> <span class='ocrx_word' id='word_1_30' title='bbox 168 608 264 661; x_wconf 75' lang='lat' dir='ltr'>sextili</span> <span class='ocrx_word' id='word_1_31' title='bbox 277 608 445 675; x_wconf 87' lang='lat' dir='ltr'><strong>respondere</strong></span> <span class='ocrx_word' id='word_1_32' title='bbox 459 623 514 660; x_wconf 89' lang='lat' dir='ltr'><strong>non</strong></span> <span class='ocrx_word' id='word_1_33' title='bbox 528 607 639 661; x_wconf 77' lang='lat' dir='ltr'><strong>tertiam</strong></span> <span class='ocrx_word' id='word_1_34' title='bbox 653 609 770 673; x_wconf 88' lang='lat' dir='ltr'><strong>mollem,</strong></span> <span class='ocrx_word' id='word_1_35' title='bbox 794 611 841 663; x_wconf 87' lang='lat' dir='ltr'><strong>sed</strong></span> <span class='ocrx_word' id='word_1_36' title='bbox 861 609 990 679; x_wconf 77' lang='lat' dir='ltr'><strong>diapente</strong></span> <span class='ocrx_word' id='word_1_37' title='bbox 1010 609 1245 679; x_wconf 88' lang='lat' dir='ltr'><strong>epidisdiapason:</strong></span> <span class='ocrx_word' id='word_1_38' title='bbox 1271 610 1358 679; x_wconf 90' lang='lat' dir='ltr'><strong>ipsam</strong></span> <span class='ocrx_word' id='word_1_39' title='bbox 1372 628 1439 665; x_wconf 81' lang='lat' dir='ltr'><strong>vero</strong></span> 
     </span>
     <span class='ocr_line' id='line_1_5' title="bbox 74 686 1439 761; baseline 0.003 -21"><span class='ocrx_word' id='word_1_40' title='bbox 74 686 187 740; x_wconf 76' lang='lat' dir='ltr'><strong>tertiam</strong></span> <span class='ocrx_word' id='word_1_41' title='bbox 200 687 310 742; x_wconf 85' lang='lat' dir='ltr'><strong>mollem</strong></span> <span class='ocrx_word' id='word_1_42' title='bbox 324 703 491 740; x_wconf 89' lang='lat' dir='ltr'><strong>communem</strong></span> <span class='ocrx_word' id='word_1_43' title='bbox 506 702 568 741; x_wconf 87' lang='lat' dir='ltr'><strong>esse</strong></span> <span class='ocrx_word' id='word_1_44' title='bbox 583 688 706 741; x_wconf 89' lang='lat' dir='ltr'><strong>sobolem</strong></span> <span class='ocrx_word' id='word_1_45' title='bbox 724 696 781 742; x_wconf 90' lang='lat' dir='ltr'><strong>tam</strong></span> <span class='ocrx_word' id='word_1_46' title='bbox 801 689 1009 761; x_wconf 77' lang='lat' dir='ltr'><strong>quinquanguli,</strong></span> <span class='ocrx_word' id='word_1_47' title='bbox 1033 706 1114 759; x_wconf 89' lang='lat' dir='ltr'><strong>quarn</strong></span> <span class='ocrx_word' id='word_1_48' title='bbox 1129 690 1288 759; x_wconf 76' lang='lat' dir='ltr'><strong>sexanguli</strong></span> <span class='ocrx_word' id='word_1_49' title='bbox 1310 690 1376 760; x_wconf 88' lang='lat' dir='ltr'><strong>quia</strong></span> <span class='ocrx_word' id='word_1_50' title='bbox 1396 691 1439 744; x_wconf 91' lang='lat' dir='ltr'><strong>his</strong></span> 
     </span>
     <span class='ocr_line' id='line_1_6' title="bbox 74 766 1439 840; baseline 0.004 -21"><span class='ocrx_word' id='word_1_51' title='bbox 74 767 193 820; x_wconf 88' lang='lat' dir='ltr'><strong>numeris</strong></span> <span class='ocrx_word' id='word_1_52' title='bbox 209 767 236 831; x_wconf 85' lang='lat'><strong>5,</strong></span> <span class='ocrx_word' id='word_1_53' title='bbox 257 767 275 822; x_wconf 85' lang='grc'>6</span> <span class='ocrx_word' id='word_1_54' title='bbox 297 766 544 836; x_wconf 78' lang='lat' dir='ltr'><strong>comprehenditur.</strong></span> <span class='ocrx_word' id='word_1_55' title='bbox 587 768 693 837; x_wconf 82' lang='lat' dir='ltr'><strong>Estque</strong></span> <span class='ocrx_word' id='word_1_56' title='bbox 712 785 799 822; x_wconf 91' lang='lat' dir='ltr'><strong>causa</strong></span> <span class='ocrx_word' id='word_1_57' title='bbox 819 769 1012 832; x_wconf 88' lang='lat' dir='ltr'><strong>diversissima,</strong></span> <span class='ocrx_word' id='word_1_58' title='bbox 1038 785 1108 839; x_wconf 90' lang='lat' dir='ltr'><strong>quae</strong></span> <span class='ocrx_word' id='word_1_59' title='bbox 1128 769 1228 823; x_wconf 91' lang='lat' dir='ltr'><strong>trinum</strong></span> <span class='ocrx_word' id='word_1_60' title='bbox 1246 769 1273 821; x_wconf 91' lang='lat' dir='ltr'><strong>in</strong></span> <span class='ocrx_word' id='word_1_61' title='bbox 1293 771 1360 824; x_wconf 89' lang='lat' dir='ltr'><strong>duos</strong></span> <span class='ocrx_word' id='word_1_62' title='bbox 1377 787 1439 840; x_wconf 87' lang='lat' dir='ltr'><strong>per·</strong></span> 
     </span>
     <span class='ocr_line' id='line_1_7' title="bbox 72 845 1439 918; baseline 0.002 -18"><span class='ocrx_word' id='word_1_63' title='bbox 72 846 162 901; x_wconf 84' lang='lat' dir='ltr'><strong>iectos</strong></span> <span class='ocrx_word' id='word_1_64' title='bbox 176 847 294 901; x_wconf 75' lang='lat' dir='ltr'><strong>sextiles</strong></span> <span class='ocrx_word' id='word_1_65' title='bbox 309 845 405 900; x_wconf 80' lang='lat' dir='ltr'><strong>dividit</strong></span> <span class='ocrx_word' id='word_1_66' title='bbox 428 846 464 899; x_wconf 90' lang='lat' dir='ltr'><strong>ab</strong></span> <span class='ocrx_word' id='word_1_67' title='bbox 480 846 531 899; x_wconf 91' lang='lat' dir='ltr'><strong>illa</strong></span> <span class='ocrx_word' id='word_1_68' title='bbox 545 862 638 908; x_wconf 86' lang='lat' dir='ltr'><strong>causa,</strong></span> <span class='ocrx_word' id='word_1_69' title='bbox 662 864 734 916; x_wconf 90' lang='lat' dir='ltr'><strong>quae</strong></span> <span class='ocrx_word' id='word_1_70' title='bbox 749 849 879 918; x_wconf 91' lang='lat' dir='ltr'><strong>diapente</strong></span> <span class='ocrx_word' id='word_1_71' title='bbox 903 850 931 902; x_wconf 89' lang='lat' dir='ltr'><strong>in</strong></span> <span class='ocrx_word' id='word_1_72' title='bbox 946 852 1014 903; x_wconf 85' lang='lat' dir='ltr'><strong>duas</strong></span> <span class='ocrx_word' id='word_1_73' title='bbox 1029 849 1137 912; x_wconf 87' lang='lat' dir='ltr'><strong>tertias,</strong></span> <span class='ocrx_word' id='word_1_74' title='bbox 1162 848 1295 916; x_wconf 79' lang='lat' dir='ltr'><strong>majorem</strong></span> <span class='ocrx_word' id='word_1_75' title='bbox 1310 855 1340 902; x_wconf 90' lang='lat' dir='ltr'><strong>et</strong></span> <span class='ocrx_word' id='word_1_76' title='bbox 1353 850 1439 904; x_wconf 91' lang='lat' dir='ltr'><strong>mino·</strong></span> 
     </span>
     <span class='ocr_line' id='line_1_8' title="bbox 71 925 1438 998; baseline 0.001 -18"><span class='ocrx_word' id='word_1_77' title='bbox 71 943 131 980; x_wconf 88' lang='lat' dir='ltr'><strong>rem</strong></span> <span class='ocrx_word' id='word_1_78' title='bbox 149 926 253 980; x_wconf 68' lang='lat' dir='ltr'><strong>dividit.</strong></span> <span class='ocrx_word' id='word_1_79' title='bbox 295 927 325 980; x_wconf 94' lang='lat' dir='ltr'><strong>Id</strong></span> <span class='ocrx_word' id='word_1_80' title='bbox 340 925 447 996; x_wconf 90' lang='lat' dir='ltr'><strong>quidem</strong></span> <span class='ocrx_word' id='word_1_81' title='bbox 461 927 506 979; x_wconf 85' lang='lat' dir='ltr'><strong>rel</strong></span> <span class='ocrx_word' id='word_1_82' title='bbox 531 944 565 980; x_wconf 84' lang='lat' dir='ltr'><strong>ex</strong></span> <span class='ocrx_word' id='word_1_83' title='bbox 582 927 634 980; x_wconf 92' lang='lat' dir='ltr'><strong>hoc</strong></span> <span class='ocrx_word' id='word_1_84' title='bbox 649 936 776 996; x_wconf 87' lang='lat' dir='ltr'><strong>apparet,</strong></span> <span class='ocrx_word' id='word_1_85' title='bbox 803 930 873 998; x_wconf 91' lang='lat' dir='ltr'><strong>quod</strong></span> <span class='ocrx_word' id='word_1_86' title='bbox 895 937 991 998; x_wconf 86' lang='lat' dir='ltr'><strong>partes</strong></span> <span class='ocrx_word' id='word_1_87' title='bbox 1017 938 1081 983; x_wconf 89' lang='lat' dir='ltr'><strong>sunt</strong></span> <span class='ocrx_word' id='word_1_88' title='bbox 1101 928 1158 980; x_wconf 92' lang='lat' dir='ltr'><strong>illic</strong></span> <span class='ocrx_word' id='word_1_89' title='bbox 1172 929 1313 997; x_wconf 87' lang='lat' dir='ltr'><strong>aequales,</strong></span> <span class='ocrx_word' id='word_1_90' title='bbox 1335 928 1380 982; x_wconf 87' lang='lat' dir='ltr'><strong>hic</strong></span> <span class='ocrx_word' id='word_1_91' title='bbox 1398 929 1438 982; x_wconf 93' lang='lat' dir='ltr'><strong>in·</strong></span> 
     </span>
     <span class='ocr_line' id='line_1_9' title="bbox 72 1005 1436 1076; baseline 0.002 -17"><span class='ocrx_word' id='word_1_92' title='bbox 72 1006 215 1076; x_wconf 80' lang='lat' dir='ltr'><strong>aequales.</strong></span> <span class='ocrx_word' id='word_1_93' title='bbox 257 1005 333 1060; x_wconf 84' lang='lat' dir='ltr'><strong>Nihil</strong></span> <span class='ocrx_word' id='word_1_94' title='bbox 355 1005 443 1076; x_wconf 77' lang='lat' dir='ltr'><strong>igitur</strong></span> <span class='ocrx_word' id='word_1_95' title='bbox 457 1006 614 1060; x_wconf 84' lang='lat' dir='ltr'><strong>detrahitur</strong></span> <span class='ocrx_word' id='word_1_96' title='bbox 632 1006 771 1061; x_wconf 88' lang='lat' dir='ltr'><strong>nohilitati</strong></span> <span class='ocrx_word' id='word_1_97' title='bbox 794 1007 894 1062; x_wconf 87' lang='lat' dir='ltr'><strong>tertiae</strong></span> <span class='ocrx_word' id='word_1_98' title='bbox 909 1010 1003 1072; x_wconf 89' lang='lat' dir='ltr'><strong>durae,</strong></span> <span class='ocrx_word' id='word_1_99' title='bbox 1029 1009 1098 1061; x_wconf 86' lang='lat' dir='ltr'><strong>nihil</strong></span> <span class='ocrx_word' id='word_1_100' title='bbox 1112 1008 1219 1061; x_wconf 86' lang='lat' dir='ltr'><strong>accedit</strong></span> <span class='ocrx_word' id='word_1_101' title='bbox 1238 1009 1338 1062; x_wconf 87' lang='lat' dir='ltr'><strong>tertiae</strong></span> <span class='ocrx_word' id='word_1_102' title='bbox 1352 1008 1436 1073; x_wconf 84' lang='lat' dir='ltr'><strong>molli,</strong></span> 
     </span>
     <span class='ocr_line' id='line_1_10' title="bbox 71 1084 1436 1157; baseline 0.001 -17"><span class='ocrx_word' id='word_1_103' title='bbox 71 1087 145 1155; x_wconf 87' lang='lat' dir='ltr'><strong>quod</strong></span> <span class='ocrx_word' id='word_1_104' title='bbox 159 1085 269 1140; x_wconf 84' lang='lat' dir='ltr'><strong>sextilis</strong></span> <span class='ocrx_word' id='word_1_105' title='bbox 284 1091 328 1139; x_wconf 90' lang='lat' dir='ltr'><strong>est</strong></span> <span class='ocrx_word' id='word_1_106' title='bbox 341 1084 479 1139; x_wconf 90' lang='lat' dir='ltr'><strong>dimidium</strong></span> <span class='ocrx_word' id='word_1_107' title='bbox 492 1087 525 1138; x_wconf 89' lang='lat' dir='ltr'><strong>de</strong></span> <span class='ocrx_word' id='word_1_108' title='bbox 541 1085 622 1149; x_wconf 87' lang='lat' dir='ltr'><strong>trino,</strong></span> <span class='ocrx_word' id='word_1_109' title='bbox 638 1086 761 1156; x_wconf 87' lang='lat' dir='ltr'><strong>quint-ilis</strong></span> <span class='ocrx_word' id='word_1_110' title='bbox 776 1104 830 1141; x_wconf 92' lang='lat' dir='ltr'><strong>non</strong></span> <span class='ocrx_word' id='word_1_111' title='bbox 845 1087 923 1148; x_wconf 79' lang='lat' dir='ltr'><strong>item;</strong></span> <span class='ocrx_word' id='word_1_112' title='bbox 939 1096 967 1141; x_wconf 88' lang='lat' dir='ltr'><strong>et</strong></span> <span class='ocrx_word' id='word_1_113' title='bbox 982 1095 1078 1157; x_wconf 87' lang='lat' dir='ltr'><strong>posset</strong></span> <span class='ocrx_word' id='word_1_114' title='bbox 1092 1106 1145 1141; x_wconf 89' lang='lat' dir='ltr'><strong>non</strong></span> <span class='ocrx_word' id='word_1_115' title='bbox 1159 1087 1271 1142; x_wconf 91' lang='lat' dir='ltr'><strong>minoris</strong></span> <span class='ocrx_word' id='word_1_116' title='bbox 1285 1088 1338 1142; x_wconf 89' lang='lat' dir='ltr'><strong>hcc</strong></span> <span class='ocrx_word' id='word_1_117' title='bbox 1352 1089 1436 1142; x_wconf 89' lang='lat' dir='ltr'><strong>aesti-</strong></span> 
     </span>
     <span class='ocr_line' id='line_1_11' title="bbox 71 1164 1437 1238; baseline 0.002 -19"><span class='ocrx_word' id='word_1_118' title='bbox 71 1164 150 1229; x_wconf 82' lang='lat' dir='ltr'><strong>mari,</strong></span> <span class='ocrx_word' id='word_1_119' title='bbox 175 1167 246 1236; x_wconf 90' lang='lat' dir='ltr'><strong>quod</strong></span> <span class='ocrx_word' id='word_1_120' title='bbox 269 1165 392 1236; x_wconf 88' lang='lat' dir='ltr'><strong>quintilis</strong></span> <span class='ocrx_word' id='word_1_121' title='bbox 416 1164 454 1218; x_wconf 90' lang='lat' dir='ltr'><strong>sit</strong></span> <span class='ocrx_word' id='word_1_122' title='bbox 467 1165 603 1219; x_wconf 89' lang='lat' dir='ltr'><strong>dimidium</strong></span> <span class='ocrx_word' id='word_1_123' title='bbox 627 1167 660 1218; x_wconf 88' lang='lat' dir='ltr'><strong>de</strong></span> <span class='ocrx_word' id='word_1_124' title='bbox 685 1165 822 1236; x_wconf 90' lang='lat' dir='ltr'><strong>biquintili</strong></span> <span class='ocrx_word' id='word_1_125' title='bbox 846 1165 893 1221; x_wconf 73' lang='grc' dir='ltr'><strong>ἀι.</strong></span> <span class='ocrx_word' id='word_1_126' title='bbox 935 1168 1069 1238; x_wconf 84' lang='lat' dir='ltr'><strong>Equidem</strong></span> <span class='ocrx_word' id='word_1_127' title='bbox 1093 1185 1148 1222; x_wconf 89' lang='lat' dir='ltr'><strong>non</strong></span> <span class='ocrx_word' id='word_1_128' title='bbox 1169 1166 1280 1221; x_wconf 88' lang='lat' dir='ltr'><strong>minima</strong></span> <span class='ocrx_word' id='word_1_129' title='bbox 1303 1184 1369 1237; x_wconf 87' lang='lat' dir='ltr'><strong>pars</strong></span> <span class='ocrx_word' id='word_1_130' title='bbox 1393 1175 1437 1222; x_wconf 87' lang='lat' dir='ltr'><strong>est</strong></span> 
     </span>
     <span class='ocr_line' id='line_1_12' title="bbox 71 1244 1437 1317; baseline 0.002 -19"><span class='ocrx_word' id='word_1_131' title='bbox 71 1245 204 1298; x_wconf 81' lang='lat' dir='ltr'><strong>solertiae</strong></span> <span class='ocrx_word' id='word_1_132' title='bbox 218 1245 255 1298; x_wconf 89' lang='lat' dir='ltr'><strong>ab</strong></span> <span class='ocrx_word' id='word_1_133' title='bbox 269 1244 425 1314; x_wconf 74' lang='lat' dir='ltr'><strong>hujusmodi</strong></span> <span class='ocrx_word' id='word_1_134' title='bbox 440 1244 616 1299; x_wconf 83' lang='lat' dir='ltr'><strong>concursibus</strong></span> <span class='ocrx_word' id='word_1_135' title='bbox 631 1245 822 1299; x_wconf 89' lang='lat' dir='ltr'><strong>accidentariis</strong></span> <span class='ocrx_word' id='word_1_136' title='bbox 837 1263 945 1310; x_wconf 85' lang='lat' dir='ltr'><strong>carere,</strong></span> <span class='ocrx_word' id='word_1_137' title='bbox 966 1248 1020 1317; x_wconf 87' lang='lat' dir='ltr'><strong>qui,</strong></span> <span class='ocrx_word' id='word_1_138' title='bbox 1045 1254 1077 1301; x_wconf 92' lang='lat' dir='ltr'><strong>ut</strong></span> <span class='ocrx_word' id='word_1_139' title='bbox 1099 1249 1235 1317; x_wconf 88' lang='lat' dir='ltr'><strong>quondam</strong></span> <span class='ocrx_word' id='word_1_140' title='bbox 1248 1247 1328 1301; x_wconf 87' lang='lat' dir='ltr'><strong>Siren</strong></span> <span class='ocrx_word' id='word_1_141' title='bbox 1341 1248 1437 1313; x_wconf 78' lang='lat' dir='ltr'><strong>Sicula</strong></span> 
     </span>
     <span class='ocr_line' id='line_1_13' title="bbox 71 1323 1435 1397; baseline 0.001 -19"><span class='ocrx_word' id='word_1_142' title='bbox 71 1325 240 1396; x_wconf 75' lang='lat' dir='ltr'><strong>navigantes</strong></span> <span class='ocrx_word' id='word_1_143' title='bbox 255 1332 348 1388; x_wconf 84' lang='lat' dir='ltr'><strong>cantu,</strong></span> <span class='ocrx_word' id='word_1_144' title='bbox 370 1324 410 1377; x_wconf 89' lang='lat' dir='ltr'><strong>sic</strong></span> <span class='ocrx_word' id='word_1_145' title='bbox 422 1323 477 1394; x_wconf 92' lang='lat' dir='ltr'><strong>ipsi</strong></span> <span class='ocrx_word' id='word_1_146' title='bbox 490 1324 721 1394; x_wconf 84' lang='lat' dir='ltr'><strong>philosophantes</strong></span> <span class='ocrx_word' id='word_1_147' title='bbox 736 1325 883 1395; x_wconf 82' lang='lat' dir='ltr'><strong>voluptate</strong></span> <span class='ocrx_word' id='word_1_148' title='bbox 905 1327 1067 1396; x_wconf 86' lang='lat' dir='ltr'><strong>apparentis</strong></span> <span class='ocrx_word' id='word_1_149' title='bbox 1086 1325 1297 1396; x_wconf 85' lang='lat' dir='ltr'><strong>pulchritudinis</strong></span> <span class='ocrx_word' id='word_1_150' title='bbox 1322 1327 1435 1397; x_wconf 86' lang='lat' dir='ltr'><strong>aptique</strong></span> 
     </span>
     <span class='ocr_line' id='line_1_14' title="bbox 70 1398 1435 1477; baseline 0.001 -19"><span class='ocrx_word' id='word_1_151' title='bbox 70 1401 220 1473; x_wconf 78' lang='lat' dir='ltr'><strong>responsus</strong></span> <span class='ocrx_word' id='word_1_152' title='bbox 236 1398 273 1472; x_wconf 89' lang='lat' dir='ltr'><strong>(si</strong></span> <span class='ocrx_word' id='word_1_153' title='bbox 288 1404 396 1474; x_wconf 89' lang='lat' dir='ltr'><strong>quidem</strong></span> <span class='ocrx_word' id='word_1_154' title='bbox 415 1404 461 1457; x_wconf 93' lang='lat' dir='ltr'><strong>hic</strong></span> <span class='ocrx_word' id='word_1_155' title='bbox 475 1405 679 1459; x_wconf 76' lang='lat' dir='ltr'><strong>adhaerescunt</strong></span> <span class='ocrx_word' id='word_1_156' title='bbox 693 1405 875 1460; x_wconf 88' lang='lat' dir='ltr'><strong>admiratione</strong></span> <span class='ocrx_word' id='word_1_157' title='bbox 890 1407 973 1477; x_wconf 88' lang='lat' dir='ltr'><strong>capti,</strong></span> <span class='ocrx_word' id='word_1_158' title='bbox 997 1407 1044 1461; x_wconf 89' lang='lat' dir='ltr'><strong>ubi</strong></span> <span class='ocrx_word' id='word_1_159' title='bbox 1060 1422 1146 1460; x_wconf 87' lang='lat' dir='ltr'><strong>causa</strong></span> <span class='ocrx_word' id='word_1_160' title='bbox 1169 1405 1248 1460; x_wconf 84' lang='lat' dir='ltr'><strong>nulla</strong></span> <span class='ocrx_word' id='word_1_161' title='bbox 1261 1414 1306 1460; x_wconf 92' lang='lat' dir='ltr'><strong>est</strong></span> <span class='ocrx_word' id='word_1_162' title='bbox 1318 1406 1435 1461; x_wconf 86' lang='lat' dir='ltr'><strong>alterius</strong></span> 
     </span>
     <span class='ocr_line' id='line_1_15' title="bbox 71 1478 1284 1555; baseline 0.004 -18"><span class='ocrx_word' id='word_1_163' title='bbox 71 1483 100 1537; x_wconf 87' lang='lat' dir='ltr'><strong>in</strong></span> <span class='ocrx_word' id='word_1_164' title='bbox 114 1478 219 1551; x_wconf 87' lang='lat' dir='ltr'><strong>altero)</strong></span> <span class='ocrx_word' id='word_1_165' title='bbox 234 1484 366 1547; x_wconf 88' lang='lat' dir='ltr'><strong>detinent,</strong></span> <span class='ocrx_word' id='word_1_166' title='bbox 381 1496 414 1537; x_wconf 91' lang='lat' dir='ltr'><strong>ut</strong></span> <span class='ocrx_word' id='word_1_167' title='bbox 427 1485 462 1538; x_wconf 90' lang='lat' dir='ltr'><strong>ad</strong></span> <span class='ocrx_word' id='word_1_168' title='bbox 477 1500 590 1552; x_wconf 89' lang='lat' dir='ltr'><strong>scopum</strong></span> <span class='ocrx_word' id='word_1_169' title='bbox 603 1485 779 1553; x_wconf 76' lang='lat' dir='ltr'><strong>praefinitum</strong></span> <span class='ocrx_word' id='word_1_170' title='bbox 793 1486 926 1540; x_wconf 88' lang='lat' dir='ltr'><strong>scientiae</strong></span> <span class='ocrx_word' id='word_1_171' title='bbox 940 1487 1085 1555; x_wconf 85' lang='lat' dir='ltr'><strong>pervenire</strong></span> <span class='ocrx_word' id='word_1_172' title='bbox 1100 1504 1154 1539; x_wconf 94' lang='lat' dir='ltr'><strong>non</strong></span> <span class='ocrx_word' id='word_1_173' title='bbox 1168 1485 1284 1555; x_wconf 90' lang='lat' dir='ltr'><strong>possint.</strong></span> 
     </span>
    </p>

    <p class='ocr_par' dir='ltr' id='par_1_3' title="bbox 64 1564 1480 2029">
     <span class='ocr_line' id='line_1_16' title="bbox 153 1564 1434 1636; baseline 0.002 -19"><span class='ocrx_word' id='word_1_174' title='bbox 153 1564 257 1626; x_wconf 83' lang='lat' dir='ltr'><strong>Quinta</strong></span> <span class='ocrx_word' id='word_1_175' title='bbox 271 1579 358 1618; x_wconf 89' lang='lat' dir='ltr'><strong>causa</strong></span> <span class='ocrx_word' id='word_1_176' title='bbox 372 1571 416 1616; x_wconf 92' lang='lat' dir='ltr'><strong>est</strong></span> <span class='ocrx_word' id='word_1_177' title='bbox 439 1565 555 1617; x_wconf 79' lang='lat' dir='ltr'><strong>effectus</strong></span> <span class='ocrx_word' id='word_1_178' title='bbox 570 1566 707 1617; x_wconf 87' lang='lat' dir='ltr'><strong>secundae</strong></span> <span class='ocrx_word' id='word_1_179' title='bbox 731 1572 760 1618; x_wconf 87' lang='lat' dir='ltr'><strong>et</strong></span> <span class='ocrx_word' id='word_1_180' title='bbox 774 1567 866 1628; x_wconf 83' lang='lat' dir='ltr'><strong>efficit,</strong></span> <span class='ocrx_word' id='word_1_181' title='bbox 891 1575 922 1619; x_wconf 91' lang='lat' dir='ltr'><strong>ut</strong></span> <span class='ocrx_word' id='word_1_182' title='bbox 939 1566 1062 1636; x_wconf 90' lang='lat' dir='ltr'><strong>quintilis</strong></span> <span class='ocrx_word' id='word_1_183' title='bbox 1086 1565 1272 1635; x_wconf 78' lang='lat' dir='ltr'><strong>imperfectior</strong></span> <span class='ocrx_word' id='word_1_184' title='bbox 1295 1572 1434 1635; x_wconf 83' lang='lat' dir='ltr'><strong>aspectus,</strong></span> 
     </span>
     <span class='ocr_line' id='line_1_17' title="bbox 69 1638 1435 1715; baseline 0.001 -17"><span class='ocrx_word' id='word_1_185' title='bbox 69 1644 160 1698; x_wconf 79' lang='lat' dir='ltr'><strong>tertia</strong></span> <span class='ocrx_word' id='word_1_186' title='bbox 171 1646 240 1698; x_wconf 85' lang='lat' dir='ltr'><strong>dura</strong></span> <span class='ocrx_word' id='word_1_187' title='bbox 262 1643 447 1713; x_wconf 80' lang='lat' dir='ltr'><strong>imperfectior</strong></span> <span class='ocrx_word' id='word_1_188' title='bbox 462 1638 568 1713; x_wconf 88' lang='lat' dir='ltr'><strong>(potius</strong></span> <span class='ocrx_word' id='word_1_189' title='bbox 592 1645 708 1697; x_wconf 88' lang='lat' dir='ltr'><strong>alterius</strong></span> <span class='ocrx_word' id='word_1_190' title='bbox 731 1641 857 1715; x_wconf 78' lang='lat' dir='ltr'><strong>generis)</strong></span> <span class='ocrx_word' id='word_1_191' title='bbox 872 1646 1054 1700; x_wconf 87' lang='lat' dir='ltr'><strong>consonantia</strong></span> <span class='ocrx_word' id='word_1_192' title='bbox 1077 1647 1126 1699; x_wconf 89' lang='lat' dir='ltr'><strong>sit:</strong></span> <span class='ocrx_word' id='word_1_193' title='bbox 1148 1663 1202 1700; x_wconf 91' lang='lat' dir='ltr'><strong>non</strong></span> <span class='ocrx_word' id='word_1_194' title='bbox 1221 1644 1313 1709; x_wconf 80' lang='lat' dir='ltr'><strong>efficit,</strong></span> <span class='ocrx_word' id='word_1_195' title='bbox 1342 1652 1373 1699; x_wconf 93' lang='lat' dir='ltr'><strong>ut</strong></span> <span class='ocrx_word' id='word_1_196' title='bbox 1386 1645 1435 1700; x_wconf 91' lang='lat' dir='ltr'><strong>ille</strong></span> 
     </span>
     <span class='ocr_line' id='line_1_18' title="bbox 69 1723 1435 1794; baseline 0.001 -16"><span class='ocrx_word' id='word_1_197' title='bbox 69 1730 202 1794; x_wconf 76' lang='lat' dir='ltr'><strong>aspectus</strong></span> <span class='ocrx_word' id='word_1_198' title='bbox 225 1725 308 1793; x_wconf 87' lang='lat' dir='ltr'><strong>plane</strong></span> <span class='ocrx_word' id='word_1_199' title='bbox 332 1723 434 1777; x_wconf 89' lang='lat' dir='ltr'><strong>nullius</strong></span> <span class='ocrx_word' id='word_1_200' title='bbox 458 1723 605 1785; x_wconf 83' lang='lat' dir='ltr'><strong>efficaciae,</strong></span> <span class='ocrx_word' id='word_1_201' title='bbox 629 1724 699 1777; x_wconf 90' lang='lat' dir='ltr'><strong>haec</strong></span> <span class='ocrx_word' id='word_1_202' title='bbox 714 1726 895 1781; x_wconf 88' lang='lat' dir='ltr'><strong>consonantia</strong></span> <span class='ocrx_word' id='word_1_203' title='bbox 918 1726 1021 1781; x_wconf 83' lang='lat' dir='ltr'><strong>nullius</strong></span> <span class='ocrx_word' id='word_1_204' title='bbox 1037 1726 1074 1780; x_wconf 89' lang='lat' dir='ltr'><strong>sit</strong></span> <span class='ocrx_word' id='word_1_205' title='bbox 1088 1724 1246 1780; x_wconf 84' lang='lat' dir='ltr'><strong>suavitatis.</strong></span> <span class='ocrx_word' id='word_1_206' title='bbox 1287 1725 1360 1779; x_wconf 84' lang='lat' dir='ltr'><strong>Nam</strong></span> <span class='ocrx_word' id='word_1_207' title='bbox 1383 1725 1435 1779; x_wconf 90' lang='lat' dir='ltr'><strong>hoc</strong></span> 
     </span>
     <span class='ocr_line' id='line_1_19' title="bbox 64 1803 1435 1875; baseline -0.001 -16"><span class='ocrx_word' id='word_1_208' title='bbox 64 1803 128 1872; x_wconf 75' lang='lat' dir='ltr'><strong>jam</strong></span> <span class='ocrx_word' id='word_1_209' title='bbox 151 1805 251 1858; x_wconf 92' lang='lat' dir='ltr'><strong>dudum</strong></span> <span class='ocrx_word' id='word_1_210' title='bbox 272 1806 306 1857; x_wconf 90' lang='lat' dir='ltr'><strong>de</strong></span> <span class='ocrx_word' id='word_1_211' title='bbox 329 1803 453 1857; x_wconf 88' lang='lat' dir='ltr'><strong>omnihus</strong></span> <span class='ocrx_word' id='word_1_212' title='bbox 478 1804 596 1873; x_wconf 90' lang='lat' dir='ltr'><strong>quinque</strong></span> <span class='ocrx_word' id='word_1_213' title='bbox 621 1803 821 1871; x_wconf 87' lang='lat' dir='ltr'><strong>objectionibus</strong></span> <span class='ocrx_word' id='word_1_214' title='bbox 846 1812 908 1860; x_wconf 91' lang='lat' dir='ltr'><strong>erat</strong></span> <span class='ocrx_word' id='word_1_215' title='bbox 930 1807 1087 1868; x_wconf 69' lang='lat' dir='ltr'><strong>dicendum</strong></span> <span class='ocrx_word' id='word_1_216' title='bbox 1110 1807 1180 1875; x_wconf 92' lang='lat' dir='ltr'><strong>quod</strong></span> <span class='ocrx_word' id='word_1_217' title='bbox 1204 1804 1227 1859; x_wconf 92' lang='lat' dir='ltr'><strong>si</strong></span> <span class='ocrx_word' id='word_1_218' title='bbox 1247 1805 1382 1868; x_wconf 82' lang='lat' dir='ltr'><strong>valerent,</strong></span> <span class='ocrx_word' id='word_1_219' title='bbox 1407 1805 1435 1858; x_wconf 93' lang='lat' dir='ltr'><strong>in</strong></span> 
     </span>
     <span class='ocr_line' id='line_1_20' title="bbox 69 1883 1434 1954; baseline 0.001 -15"><span class='ocrx_word' id='word_1_220' title='bbox 69 1885 175 1939; x_wconf 73' lang='lat' dir='ltr'><strong>nasica</strong></span> <span class='ocrx_word' id='word_1_221' title='bbox 198 1900 287 1954; x_wconf 86' lang='lat' dir='ltr'><strong>aeque</strong></span> <span class='ocrx_word' id='word_1_222' title='bbox 311 1883 439 1937; x_wconf 84' lang='lat' dir='ltr'><strong>valerent</strong></span> <span class='ocrx_word' id='word_1_223' title='bbox 462 1900 495 1938; x_wconf 91' lang='lat' dir='ltr'><strong>ac</strong></span> <span class='ocrx_word' id='word_1_224' title='bbox 518 1884 546 1937; x_wconf 92' lang='lat' dir='ltr'><strong>in</strong></span> <span class='ocrx_word' id='word_1_225' title='bbox 569 1884 683 1954; x_wconf 77' lang='lat' dir='ltr'><strong>negotio</strong></span> <span class='ocrx_word' id='word_1_226' title='bbox 707 1892 883 1954; x_wconf 88' lang='lat' dir='ltr'><strong>aspectuum:</strong></span> <span class='ocrx_word' id='word_1_227' title='bbox 908 1903 958 1939; x_wconf 89' lang='lat' dir='ltr'><strong>nec</strong></span> <span class='ocrx_word' id='word_1_228' title='bbox 980 1886 1053 1940; x_wconf 90' lang='lat' dir='ltr'><strong>ratio</strong></span> <span class='ocrx_word' id='word_1_229' title='bbox 1078 1886 1138 1940; x_wconf 91' lang='lat' dir='ltr'><strong>ulla</strong></span> <span class='ocrx_word' id='word_1_230' title='bbox 1156 1883 1287 1950; x_wconf 81' lang='lat' dir='ltr'><strong>redditur,</strong></span> <span class='ocrx_word' id='word_1_231' title='bbox 1311 1901 1360 1939; x_wconf 89' lang='lat' dir='ltr'><strong>cur</strong></span> <span class='ocrx_word' id='word_1_232' title='bbox 1379 1885 1434 1941; x_wconf 80' lang='lat' dir='ltr'><strong>has</strong></span> 
     </span>
     <span class='ocr_line' id='line_1_21' title="bbox 68 1963 1480 2029; baseline 0.001 -10"><span class='ocrx_word' id='word_1_233' title='bbox 68 1970 174 2020; x_wconf 60' lang='lat' dir='ltr'><strong>ausae</strong></span> <span class='ocrx_word' id='word_1_234' title='bbox 194 1964 310 2019; x_wconf 75' lang='lat' dir='ltr'><strong>valeant</strong></span> <span class='ocrx_word' id='word_1_235' title='bbox 330 1963 396 2026; x_wconf 86' lang='lat' dir='ltr'><strong>illic,</strong></span> <span class='ocrx_word' id='word_1_236' title='bbox 418 1979 472 2016; x_wconf 88' lang='lat' dir='ltr'><strong>non</strong></span> <span class='ocrx_word' id='word_1_237' title='bbox 493 1964 608 2017; x_wconf 83' lang='lat' dir='ltr'><strong>valeant</strong></span> <span class='ocrx_word' id='word_1_238' title='bbox 620 1964 674 2018; x_wconf 88' lang='lat' dir='ltr'><strong>hic.</strong></span> <span class='ocrx_word' id='word_1_239' title='bbox 1476 2018 1480 2029; x_wconf 83' lang='grc'>,</span> 
     </span>
    </p>

    <p class='ocr_par' dir='ltr' id='par_1_4' title="bbox 67 2041 1435 2594">
     <span class='ocr_line' id='line_1_22' title="bbox 149 2041 1435 2115; baseline -0.012 2"><span class='ocrx_word' id='word_1_240' title='bbox 149 2041 203 2115; x_wconf 70' lang='lat'><strong>88)</strong></span> <span class='ocrx_word' id='word_1_241' title='bbox 224 2046 268 2097; x_wconf 85' lang='lat' dir='ltr'><strong>De</strong></span> <span class='ocrx_word' id='word_1_242' title='bbox 283 2043 435 2113; x_wconf 79' lang='lat' dir='ltr'><strong>octangula</strong></span> <span class='ocrx_word' id='word_1_243' title='bbox 458 2044 543 2097; x_wconf 89' lang='lat' dir='ltr'><strong>stella</strong></span> <span class='ocrx_word' id='word_1_244' title='bbox 564 2060 609 2096; x_wconf 88' lang='lat' dir='ltr'><strong>res</strong></span> <span class='ocrx_word' id='word_1_245' title='bbox 624 2049 668 2097; x_wconf 89' lang='lat' dir='ltr'><strong>est</strong></span> <span class='ocrx_word' id='word_1_246' title='bbox 682 2043 748 2098; x_wconf 90' lang='lat' dir='ltr'><strong>alia.</strong></span> <span class='ocrx_word' id='word_1_247' title='bbox 791 2044 846 2098; x_wconf 87' lang='lat' dir='ltr'><strong>Cur</strong></span> <span class='ocrx_word' id='word_1_248' title='bbox 866 2044 937 2100; x_wconf 88' lang='lat' dir='ltr'><strong>enirn</strong></span> <span class='ocrx_word' id='word_1_249' title='bbox 961 2044 1011 2098; x_wconf 93' lang='lat' dir='ltr'><strong>illa</strong></span> <span class='ocrx_word' id='word_1_250' title='bbox 1033 2062 1093 2100; x_wconf 90' lang='lat' dir='ltr'><strong>cum</strong></span> <span class='ocrx_word' id='word_1_251' title='bbox 1113 2047 1263 2115; x_wconf 89' lang='lat' dir='ltr'><strong>sesquadro</strong></span> <span class='ocrx_word' id='word_1_252' title='bbox 1277 2044 1435 2101; x_wconf 87' lang='lat' dir='ltr'><strong>eliminetur</strong></span> 
     </span>
     <span class='ocr_line' id='line_1_23' title="bbox 69 2123 1434 2196; baseline -0.001 -16"><span class='ocrx_word' id='word_1_253' title='bbox 69 2140 119 2180; x_wconf 80' lang='lat' dir='ltr'><strong>seu</strong></span> <span class='ocrx_word' id='word_1_254' title='bbox 134 2124 224 2196; x_wconf 74' lang='lat' dir='ltr'><strong>magis</strong></span> <span class='ocrx_word' id='word_1_255' title='bbox 238 2130 425 2193; x_wconf 88' lang='lat' dir='ltr'><strong>postponatur</strong></span> <span class='ocrx_word' id='word_1_256' title='bbox 438 2141 474 2176; x_wconf 85' lang='lat' dir='ltr'><strong>ex</strong></span> <span class='ocrx_word' id='word_1_257' title='bbox 489 2123 657 2192; x_wconf 87' lang='lat' dir='ltr'><strong>aspectibus,</strong></span> <span class='ocrx_word' id='word_1_258' title='bbox 683 2141 736 2177; x_wconf 91' lang='lat' dir='ltr'><strong>non</strong></span> <span class='ocrx_word' id='word_1_259' title='bbox 760 2124 826 2177; x_wconf 89' lang='lat' dir='ltr'><strong>item</strong></span> <span class='ocrx_word' id='word_1_260' title='bbox 844 2143 860 2177; x_wconf 89' lang='lat' dir='ltr'><strong>e</strong></span> <span class='ocrx_word' id='word_1_261' title='bbox 880 2125 984 2179; x_wconf 89' lang='lat' dir='ltr'><strong>musica</strong></span> <span class='ocrx_word' id='word_1_262' title='bbox 1000 2126 1157 2179; x_wconf 87' lang='lat' dir='ltr'><strong>eliminetur</strong></span> <span class='ocrx_word' id='word_1_263' title='bbox 1180 2132 1264 2191; x_wconf 85' lang='lat' dir='ltr'><strong>sexta</strong></span> <span class='ocrx_word' id='word_1_264' title='bbox 1288 2124 1374 2178; x_wconf 91' lang='lat' dir='ltr'><strong>minor</strong></span> <span class='ocrx_word' id='word_1_265' title='bbox 1397 2142 1434 2179; x_wconf 84' lang='lat' dir='ltr'><strong>ex</strong></span> 
     </span>
     <span class='ocr_line' id='line_1_24' title="bbox 69 2202 1435 2279; baseline 0.001 -22"><span class='ocrx_word' id='word_1_266' title='bbox 69 2205 221 2279; x_wconf 69' lang='lat' dir='ltr'><strong>eatangulo</strong></span> <span class='ocrx_word' id='word_1_267' title='bbox 235 2210 316 2259; x_wconf 86' lang='lat' dir='ltr'><strong>nota:</strong></span> <span class='ocrx_word' id='word_1_268' title='bbox 341 2202 402 2272; x_wconf 83' lang='lat' dir='ltr'><strong>ejus</strong></span> <span class='ocrx_word' id='word_1_269' title='bbox 416 2203 455 2257; x_wconf 89' lang='lat' dir='ltr'><strong>rei</strong></span> <span class='ocrx_word' id='word_1_270' title='bbox 472 2219 571 2257; x_wconf 90' lang='lat' dir='ltr'><strong>causas</strong></span> <span class='ocrx_word' id='word_1_271' title='bbox 585 2220 639 2274; x_wconf 78' lang='lat' dir='ltr'><strong>ego</strong></span> <span class='ocrx_word' id='word_1_272' title='bbox 654 2204 778 2272; x_wconf 85' lang='lat' dir='ltr'><strong>explicui</strong></span> <span class='ocrx_word' id='word_1_273' title='bbox 799 2204 848 2258; x_wconf 94' lang='lat' dir='ltr'><strong>lib.</strong></span> <span class='ocrx_word' id='word_1_274' title='bbox 866 2204 912 2259; x_wconf 83' lang='lat' dir='ltr'><strong>lv.</strong></span> <span class='ocrx_word' id='word_1_275' title='bbox 928 2206 1059 2258; x_wconf 88' lang='lat' dir='ltr'><strong>Harmon.</strong></span> <span class='ocrx_word' id='word_1_276' title='bbox 1077 2221 1138 2274; x_wconf 88' lang='lat' dir='ltr'><strong>cap.</strong></span> <span class='ocrx_word' id='word_1_277' title='bbox 1155 2206 1181 2259; x_wconf 89' lang='lat'><strong>6.</strong></span> <span class='ocrx_word' id='word_1_278' title='bbox 1224 2204 1336 2259; x_wconf 89' lang='lat' dir='ltr'><strong>Scilicet</strong></span> <span class='ocrx_word' id='word_1_279' title='bbox 1349 2205 1435 2260; x_wconf 86' lang='lat' dir='ltr'><strong>etiarn</strong></span> 
     </span>
     <span class='ocr_line' id='line_1_25' title="bbox 67 2279 1433 2355; baseline -0.001 -15"><span class='ocrx_word' id='word_1_280' title='bbox 67 2279 144 2341; x_wconf 85' lang='lat' dir='ltr'><strong>circa</strong></span> <span class='ocrx_word' id='word_1_281' title='bbox 155 2285 228 2339; x_wconf 90' lang='lat' dir='ltr'><strong>hunc</strong></span> <span class='ocrx_word' id='word_1_282' title='bbox 242 2299 334 2354; x_wconf 85' lang='lat' dir='ltr'><strong>aequa</strong></span> <span class='ocrx_word' id='word_1_283' title='bbox 348 2284 417 2337; x_wconf 83' lang='lat' dir='ltr'><strong>hunt</strong></span> <span class='ocrx_word' id='word_1_284' title='bbox 439 2279 500 2337; x_wconf 66' lang='lat' dir='ltr'><strong>‘tam</strong></span> <span class='ocrx_word' id='word_1_285' title='bbox 513 2283 542 2337; x_wconf 90' lang='lat' dir='ltr'><strong>in</strong></span> <span class='ocrx_word' id='word_1_286' title='bbox 555 2282 659 2337; x_wconf 87' lang='lat' dir='ltr'><strong>musica</strong></span> <span class='ocrx_word' id='word_1_287' title='bbox 673 2299 755 2352; x_wconf 85' lang='lat' dir='ltr'><strong>quam</strong></span> <span class='ocrx_word' id='word_1_288' title='bbox 777 2283 851 2337; x_wconf 85' lang='lat' dir='ltr'><strong>inter</strong></span> <span class='ocrx_word' id='word_1_289' title='bbox 864 2291 1003 2355; x_wconf 87' lang='lat' dir='ltr'><strong>aspectus,</strong></span> <span class='ocrx_word' id='word_1_290' title='bbox 1028 2286 1118 2355; x_wconf 90' lang='lat' dir='ltr'><strong>quoad</strong></span> <span class='ocrx_word' id='word_1_291' title='bbox 1141 2284 1333 2354; x_wconf 88' lang='lat' dir='ltr'><strong>proportiones</strong></span> <span class='ocrx_word' id='word_1_292' title='bbox 1358 2285 1433 2355; x_wconf 87' lang='lat' dir='ltr'><strong>ipsas</strong></span> 
     </span>
     <span class='ocr_line' id='line_1_26' title="bbox 69 2362 1434 2434; baseline 0 -15"><span class='ocrx_word' id='word_1_293' title='bbox 69 2364 165 2420; x_wconf 85' lang='lat' dir='ltr'><strong>3et5</strong></span> <span class='ocrx_word' id='word_1_294' title='bbox 184 2365 219 2418; x_wconf 87' lang='lat' dir='ltr'><strong>ad</strong></span> <span class='ocrx_word' id='word_1_295' title='bbox 234 2363 265 2426; x_wconf 89' lang='grc'><strong>8,</strong></span> <span class='ocrx_word' id='word_1_296' title='bbox 291 2369 356 2417; x_wconf 85' lang='lat' dir='ltr'><strong>sunt</strong></span> <span class='ocrx_word' id='word_1_297' title='bbox 374 2363 446 2417; x_wconf 87' lang='lat' dir='ltr'><strong>enim</strong></span> <span class='ocrx_word' id='word_1_298' title='bbox 464 2363 592 2434; x_wconf 88' lang='lat' dir='ltr'><strong>utrinque</strong></span> <span class='ocrx_word' id='word_1_299' title='bbox 607 2362 693 2416; x_wconf 77' lang='lat' dir='ltr'><strong>viles:</strong></span> <span class='ocrx_word' id='word_1_300' title='bbox 719 2370 750 2416; x_wconf 91' lang='lat' dir='ltr'><strong>at</strong></span> <span class='ocrx_word' id='word_1_301' title='bbox 770 2370 884 2434; x_wconf 91' lang='lat' dir='ltr'><strong>propter</strong></span> <span class='ocrx_word' id='word_1_302' title='bbox 898 2380 1057 2418; x_wconf 91' lang='lat' dir='ltr'><strong>concursum</strong></span> <span class='ocrx_word' id='word_1_303' title='bbox 1081 2364 1110 2418; x_wconf 93' lang='lat' dir='ltr'><strong>in</strong></span> <span class='ocrx_word' id='word_1_304' title='bbox 1127 2381 1184 2418; x_wconf 91' lang='lat' dir='ltr'><strong>una</strong></span> <span class='ocrx_word' id='word_1_305' title='bbox 1207 2364 1328 2417; x_wconf 89' lang='lat' dir='ltr'><strong>sections</strong></span> <span class='ocrx_word' id='word_1_306' title='bbox 1351 2364 1434 2419; x_wconf 88' lang='lat' dir='ltr'><strong>trium</strong></span> 
     </span>
     <span class='ocr_line' id='line_1_27' title="bbox 68 2441 1434 2516; baseline -0.003 -16"><span class='ocrx_word' id='word_1_307' title='bbox 68 2444 276 2516; x_wconf 88' lang='lat' dir='ltr'><strong>proportionum</strong></span> <span class='ocrx_word' id='word_1_308' title='bbox 291 2441 322 2506; x_wconf 85' lang='lat'><strong>3,</strong></span> <span class='ocrx_word' id='word_1_309' title='bbox 339 2443 356 2496; x_wconf 84' lang='lat'><strong>5</strong></span> <span class='ocrx_word' id='word_1_310' title='bbox 371 2450 402 2496; x_wconf 88' lang='lat' dir='ltr'><strong>et</strong></span> <span class='ocrx_word' id='word_1_311' title='bbox 416 2444 447 2505; x_wconf 81' lang='lat'><strong>5.</strong></span> <span class='ocrx_word' id='word_1_312' title='bbox 463 2443 482 2498; x_wconf 84' lang='lat'>8</span> <span class='ocrx_word' id='word_1_313' title='bbox 497 2451 527 2498; x_wconf 89' lang='lat' dir='ltr'><strong>et</strong></span> <span class='ocrx_word' id='word_1_314' title='bbox 540 2442 572 2507; x_wconf 88' lang='grc'><strong>3,</strong></span> <span class='ocrx_word' id='word_1_315' title='bbox 588 2442 619 2506; x_wconf 88' lang='grc'><strong>8,</strong></span> <span class='ocrx_word' id='word_1_316' title='bbox 645 2442 722 2512; x_wconf 87' lang='lat' dir='ltr'><strong>cujus</strong></span> <span class='ocrx_word' id='word_1_317' title='bbox 737 2443 809 2497; x_wconf 86' lang='lat' dir='ltr'><strong>ratio</strong></span> <span class='ocrx_word' id='word_1_318' title='bbox 831 2443 904 2497; x_wconf 90' lang='lat' dir='ltr'><strong>inter</strong></span> <span class='ocrx_word' id='word_1_319' title='bbox 922 2452 1052 2513; x_wconf 85' lang='lat' dir='ltr'><strong>aspectus</strong></span> <span class='ocrx_word' id='word_1_320' title='bbox 1072 2444 1193 2497; x_wconf 91' lang='lat' dir='ltr'><strong>habetur</strong></span> <span class='ocrx_word' id='word_1_321' title='bbox 1206 2444 1292 2506; x_wconf 88' lang='lat' dir='ltr'><strong>nulla,</strong></span> <span class='ocrx_word' id='word_1_322' title='bbox 1316 2443 1434 2497; x_wconf 87' lang='lat' dir='ltr'><strong>nobilior</strong></span> 
     </span>
     <span class='ocr_line' id='line_1_28' title="bbox 68 2522 673 2594; baseline -0.007 -15"><span class='ocrx_word' id='word_1_323' title='bbox 68 2531 114 2579; x_wconf 83' lang='lat' dir='ltr'><strong>ert</strong></span> <span class='ocrx_word' id='word_1_324' title='bbox 134 2525 205 2578; x_wconf 87' lang='lat' dir='ltr'><strong>haec</strong></span> <span class='ocrx_word' id='word_1_325' title='bbox 226 2522 391 2594; x_wconf 78' lang='lat' dir='ltr'><strong>octogonica</strong></span> <span class='ocrx_word' id='word_1_326' title='bbox 410 2531 489 2576; x_wconf 87' lang='lat' dir='ltr'><strong>secta</strong></span> <span class='ocrx_word' id='word_1_327' title='bbox 508 2523 535 2576; x_wconf 94' lang='lat' dir='ltr'><strong>in</strong></span> <span class='ocrx_word' id='word_1_328' title='bbox 561 2523 673 2576; x_wconf 81' lang='lat' dir='ltr'><strong>musica</strong></span> 
     </span>
    </p>

    <p class='ocr_par' dir='ltr' id='par_1_5' title="bbox 148 2598 1432 2672">
     <span class='ocr_line' id='line_1_29' title="bbox 148 2598 1432 2672; baseline -0.002 -15"><span class='ocrx_word' id='word_1_329' title='bbox 148 2598 202 2671; x_wconf 87' lang='lat' dir='ltr'><strong>hh)</strong></span> <span class='ocrx_word' id='word_1_330' title='bbox 222 2604 279 2657; x_wconf 91' lang='lat' dir='ltr'><strong>Imo</strong></span> <span class='ocrx_word' id='word_1_331' title='bbox 304 2619 368 2656; x_wconf 84' lang='lat' dir='ltr'><strong>vero</strong></span> <span class='ocrx_word' id='word_1_332' title='bbox 383 2608 413 2655; x_wconf 91' lang='lat' dir='ltr'><strong>et</strong></span> <span class='ocrx_word' id='word_1_333' title='bbox 431 2603 477 2656; x_wconf 87' lang='lat' dir='ltr'><strong>hic</strong></span> <span class='ocrx_word' id='word_1_334' title='bbox 500 2609 641 2672; x_wconf 90' lang='lat' dir='ltr'><strong>operatur,</strong></span> <span class='ocrx_word' id='word_1_335' title='bbox 666 2608 739 2656; x_wconf 86' lang='lat' dir='ltr'><strong>teste</strong></span> <span class='ocrx_word' id='word_1_336' title='bbox 754 2601 930 2671; x_wconf 86' lang='lat' dir='ltr'><strong>experientis</strong></span> <span class='ocrx_word' id='word_1_337' title='bbox 952 2610 982 2655; x_wconf 91' lang='lat' dir='ltr'><strong>et</strong></span> <span class='ocrx_word' id='word_1_338' title='bbox 1002 2603 1169 2656; x_wconf 90' lang='lat' dir='ltr'><strong>contrariam</strong></span> <span class='ocrx_word' id='word_1_339' title='bbox 1191 2602 1368 2672; x_wconf 80' lang='lat' dir='ltr'><strong>octangulari</strong></span> <span class='ocrx_word' id='word_1_340' title='bbox 1383 2619 1432 2655; x_wconf 89' lang='lat' dir='ltr'><strong>ex·</strong></span> 
     </span>
    </p>
   </div>
   <div class='ocr_carea' id='block_1_3' title="bbox 66 2681 1432 2756">
    <p class='ocr_par' dir='ltr' id='par_1_6' title="bbox 66 2681 1432 2756">
     <span class='ocr_line' id='line_1_30' title="bbox 66 2681 1432 2756; baseline -0.004 -17"><span class='ocrx_word' id='word_1_341' title='bbox 66 2684 174 2756; x_wconf 88' lang='lat' dir='ltr'><strong>peritur</strong></span> <span class='ocrx_word' id='word_1_342' title='bbox 188 2684 327 2738; x_wconf 81' lang='lat' dir='ltr'><strong>iortssnam</strong></span> <span class='ocrx_word' id='word_1_343' title='bbox 345 2683 373 2736; x_wconf 93' lang='lat' dir='ltr'><strong>in</strong></span> <span class='ocrx_word' id='word_1_344' title='bbox 392 2682 510 2744; x_wconf 88' lang='lat' dir='ltr'><strong>musica;</strong></span> <span class='ocrx_word' id='word_1_345' title='bbox 534 2683 639 2736; x_wconf 87' lang='lat' dir='ltr'><strong>nullam</strong></span> <span class='ocrx_word' id='word_1_346' title='bbox 653 2683 724 2736; x_wconf 89' lang='lat' dir='ltr'><strong>enim</strong></span> <span class='ocrx_word' id='word_1_347' title='bbox 739 2682 887 2736; x_wconf 85' lang='lat' dir='ltr'><strong>sectionem</strong></span> <span class='ocrx_word' id='word_1_348' title='bbox 906 2681 1075 2751; x_wconf 87' lang='lat' dir='ltr'><strong>peculiarem</strong></span> <span class='ocrx_word' id='word_1_349' title='bbox 1090 2682 1246 2735; x_wconf 88' lang='lat' dir='ltr'><strong>constituit:</strong></span> <span class='ocrx_word' id='word_1_350' title='bbox 1270 2682 1332 2735; x_wconf 85' lang='lat' dir='ltr'><strong>ride</strong></span> <span class='ocrx_word' id='word_1_351' title='bbox 1347 2685 1432 2751; x_wconf 77' lang='lat' dir='ltr'><strong>saepe</strong></span> 
     </span>
    </p>
   </div>
   <div class='ocr_carea' id='block_1_4' title="bbox 63 2761 1431 4596">
    <p class='ocr_par' dir='ltr' id='par_1_7' title="bbox 65 2761 1431 2993">
     <span class='ocr_line' id='line_1_31' title="bbox 66 2761 1431 2835; baseline -0.003 -16"><span class='ocrx_word' id='word_1_352' title='bbox 66 2765 223 2835; x_wconf 75' lang='lat' dir='ltr'><strong>allegatum</strong></span> <span class='ocrx_word' id='word_1_353' title='bbox 239 2778 300 2833; x_wconf 90' lang='lat' dir='ltr'><strong>cap.</strong></span> <span class='ocrx_word' id='word_1_354' title='bbox 316 2763 343 2817; x_wconf 85' lang='grc'><strong>6.</strong></span> <span class='ocrx_word' id='word_1_355' title='bbox 360 2763 407 2816; x_wconf 93' lang='lat' dir='ltr'><strong>lib.</strong></span> <span class='ocrx_word' id='word_1_356' title='bbox 422 2763 469 2816; x_wconf 92' lang='lat' dir='ltr'><strong>IV.</strong></span> <span class='ocrx_word' id='word_1_357' title='bbox 485 2764 616 2817; x_wconf 88' lang='lat' dir='ltr'><strong>Harmon.</strong></span> <span class='ocrx_word' id='word_1_358' title='bbox 658 2763 741 2815; x_wconf 87' lang='lat' dir='ltr'><strong>Vides</strong></span> <span class='ocrx_word' id='word_1_359' title='bbox 765 2761 852 2832; x_wconf 80' lang='lat' dir='ltr'><strong>igitur</strong></span> <span class='ocrx_word' id='word_1_360' title='bbox 866 2777 978 2816; x_wconf 85' lang='lat' dir='ltr'><strong>causam</strong></span> <span class='ocrx_word' id='word_1_361' title='bbox 1001 2762 1078 2816; x_wconf 89' lang='lat' dir='ltr'><strong>illam</strong></span> <span class='ocrx_word' id='word_1_362' title='bbox 1103 2762 1226 2832; x_wconf 91' lang='lat' dir='ltr'><strong>quintam</strong></span> <span class='ocrx_word' id='word_1_363' title='bbox 1250 2779 1313 2816; x_wconf 83' lang='lat' dir='ltr'><strong>esse</strong></span> <span class='ocrx_word' id='word_1_364' title='bbox 1333 2763 1367 2814; x_wconf 91' lang='lat' dir='ltr'><strong>de</strong></span> <span class='ocrx_word' id='word_1_365' title='bbox 1391 2762 1431 2815; x_wconf 91' lang='lat' dir='ltr'><strong>ni·</strong></span> 
     </span>
     <span class='ocr_line' id='line_1_32' title="bbox 65 2841 1431 2915; baseline -0.004 -16"><span class='ocrx_word' id='word_1_366' title='bbox 65 2845 138 2907; x_wconf 86' lang='lat' dir='ltr'><strong>hilo;</strong></span> <span class='ocrx_word' id='word_1_367' title='bbox 161 2844 241 2915; x_wconf 86' lang='lat' dir='ltr'><strong>qussi</strong></span> <span class='ocrx_word' id='word_1_368' title='bbox 256 2843 302 2913; x_wconf 93' lang='lat' dir='ltr'><strong>qui</strong></span> <span class='ocrx_word' id='word_1_369' title='bbox 316 2859 371 2896; x_wconf 91' lang='lat' dir='ltr'><strong>non</strong></span> <span class='ocrx_word' id='word_1_370' title='bbox 385 2842 502 2913; x_wconf 86' lang='lat' dir='ltr'><strong>implent</strong></span> <span class='ocrx_word' id='word_1_371' title='bbox 514 2843 667 2913; x_wconf 87' lang='lat' dir='ltr'><strong>planitiem,</strong></span> <span class='ocrx_word' id='word_1_372' title='bbox 693 2843 710 2895; x_wconf 94' lang='lat' dir='ltr'><strong>ii</strong></span> <span class='ocrx_word' id='word_1_373' title='bbox 725 2842 902 2911; x_wconf 88' lang='lat' dir='ltr'><strong>nonpossint</strong></span> <span class='ocrx_word' id='word_1_374' title='bbox 924 2842 982 2895; x_wconf 88' lang='lat' dir='ltr'><strong>lieri</strong></span> <span class='ocrx_word' id='word_1_375' title='bbox 1002 2850 1142 2913; x_wconf 86' lang='lat' dir='ltr'><strong>aspectus.</strong></span> <span class='ocrx_word' id='word_1_376' title='bbox 1184 2842 1253 2896; x_wconf 89' lang='lat' dir='ltr'><strong>Nam</strong></span> <span class='ocrx_word' id='word_1_377' title='bbox 1268 2841 1321 2894; x_wconf 88' lang='lat' dir='ltr'><strong>etsi</strong></span> <span class='ocrx_word' id='word_1_378' title='bbox 1336 2841 1431 2912; x_wconf 81' lang='lat' dir='ltr'><strong>singu·</strong></span> 
     </span>
     <span class='ocr_line' id='line_1_33' title="bbox 66 2922 925 2993; baseline -0.006 -13"><span class='ocrx_word' id='word_1_379' title='bbox 66 2926 158 2980; x_wconf 85' lang='lat' dir='ltr'><strong>laram</strong></span> <span class='ocrx_word' id='word_1_380' title='bbox 178 2923 332 2993; x_wconf 86' lang='lat' dir='ltr'><strong>specierum</strong></span> <span class='ocrx_word' id='word_1_381' title='bbox 351 2940 406 2977; x_wconf 90' lang='lat' dir='ltr'><strong>non</strong></span> <span class='ocrx_word' id='word_1_382' title='bbox 426 2923 550 2992; x_wconf 89' lang='lat' dir='ltr'><strong>implent,</strong></span> <span class='ocrx_word' id='word_1_383' title='bbox 572 2930 602 2976; x_wconf 90' lang='lat' dir='ltr'><strong>at</strong></span> <span class='ocrx_word' id='word_1_384' title='bbox 623 2923 739 2991; x_wconf 88' lang='lat' dir='ltr'><strong>implent</strong></span> <span class='ocrx_word' id='word_1_385' title='bbox 757 2922 925 2990; x_wconf 91' lang='lat' dir='ltr'><strong>junctarum.</strong></span> 
     </span>
    </p>

    <p class='ocr_par' dir='ltr' id='par_1_8' title="bbox 65 3001 1431 3153">
     <span class='ocr_line' id='line_1_34' title="bbox 147 3001 1431 3073; baseline -0.002 -16"><span class='ocrx_word' id='word_1_386' title='bbox 147 3002 178 3070; x_wconf 82' lang='lat' dir='ltr'><strong>ii)</strong></span> <span class='ocrx_word' id='word_1_387' title='bbox 199 3001 347 3073; x_wconf 87' lang='lat' dir='ltr'><strong>Separatio</strong></span> <span class='ocrx_word' id='word_1_388' title='bbox 371 3002 467 3072; x_wconf 85' lang='lat' dir='ltr'><strong>aliqua</strong></span> <span class='ocrx_word' id='word_1_389' title='bbox 484 3002 643 3056; x_wconf 84' lang='lat' dir='ltr'><strong>necessaria</strong></span> <span class='ocrx_word' id='word_1_390' title='bbox 663 3002 722 3066; x_wconf 84' lang='lat' dir='ltr'><strong>fuit,</strong></span> <span class='ocrx_word' id='word_1_391' title='bbox 748 3004 795 3056; x_wconf 91' lang='lat' dir='ltr'><strong>sed</strong></span> <span class='ocrx_word' id='word_1_392' title='bbox 818 3002 869 3055; x_wconf 91' lang='lat' dir='ltr'><strong>illa</strong></span> <span class='ocrx_word' id='word_1_393' title='bbox 883 3003 918 3055; x_wconf 90' lang='lat' dir='ltr'><strong>oh</strong></span> <span class='ocrx_word' id='word_1_394' title='bbox 933 3018 1033 3056; x_wconf 88' lang='lat' dir='ltr'><strong>causas</strong></span> <span class='ocrx_word' id='word_1_395' title='bbox 1058 3002 1142 3071; x_wconf 78' lang='lat' dir='ltr'><strong>longe</strong></span> <span class='ocrx_word' id='word_1_396' title='bbox 1157 3001 1237 3064; x_wconf 87' lang='lat' dir='ltr'><strong>alias,</strong></span> <span class='ocrx_word' id='word_1_397' title='bbox 1263 3017 1344 3072; x_wconf 91' lang='lat' dir='ltr'><strong>quam</strong></span> <span class='ocrx_word' id='word_1_398' title='bbox 1360 3016 1431 3072; x_wconf 89' lang='lat' dir='ltr'><strong>quas</strong></span> 
     </span>
     <span class='ocr_line' id='line_1_35' title="bbox 65 3082 565 3153; baseline -0.006 -15"><span class='ocrx_word' id='word_1_399' title='bbox 65 3086 111 3139; x_wconf 89' lang='lat' dir='ltr'><strong>hic</strong></span> <span class='ocrx_word' id='word_1_400' title='bbox 131 3086 193 3138; x_wconf 85' lang='lat' dir='ltr'><strong>loco</strong></span> <span class='ocrx_word' id='word_1_401' title='bbox 214 3082 310 3153; x_wconf 92' lang='lat' dir='ltr'><strong>quinto</strong></span> <span class='ocrx_word' id='word_1_402' title='bbox 331 3088 565 3136; x_wconf 86' lang='lat' dir='ltr'><strong>commemoratur.</strong></span> 
     </span>
    </p>

    <p class='ocr_par' dir='ltr' id='par_1_9' title="bbox 145 3157 1428 3233">
     <span class='ocr_line' id='line_1_36' title="bbox 145 3157 1428 3233; baseline -0.002 -15"><span class='ocrx_word' id='word_1_403' title='bbox 145 3157 202 3231; x_wconf 73' lang='lat' dir='ltr'><strong>kk)</strong></span> <span class='ocrx_word' id='word_1_404' title='bbox 225 3161 347 3233; x_wconf 88' lang='lat' dir='ltr'><strong>Optime:</strong></span> <span class='ocrx_word' id='word_1_405' title='bbox 369 3163 447 3216; x_wconf 81' lang='lat' dir='ltr'><strong>valet</strong></span> <span class='ocrx_word' id='word_1_406' title='bbox 470 3162 541 3215; x_wconf 87' lang='lat' dir='ltr'><strong>enirn</strong></span> <span class='ocrx_word' id='word_1_407' title='bbox 559 3162 611 3215; x_wconf 90' lang='lat' dir='ltr'><strong>hoc</strong></span> <span class='ocrx_word' id='word_1_408' title='bbox 630 3162 717 3231; x_wconf 90' lang='lat' dir='ltr'><strong>ipsum</strong></span> <span class='ocrx_word' id='word_1_409' title='bbox 737 3161 821 3216; x_wconf 88' lang='lat' dir='ltr'><strong>etiam</strong></span> <span class='ocrx_word' id='word_1_410' title='bbox 841 3161 868 3214; x_wconf 89' lang='lat' dir='ltr'><strong>in</strong></span> <span class='ocrx_word' id='word_1_411' title='bbox 882 3177 950 3215; x_wconf 82' lang='lat' dir='ltr'><strong>vers</strong></span> <span class='ocrx_word' id='word_1_412' title='bbox 963 3177 1058 3215; x_wconf 88' lang='lat' dir='ltr'><strong>causa.</strong></span> <span class='ocrx_word' id='word_1_413' title='bbox 1089 3159 1157 3214; x_wconf 88' lang='lat' dir='ltr'><strong>Vide</strong></span> <span class='ocrx_word' id='word_1_414' title='bbox 1172 3161 1303 3213; x_wconf 81' lang='lat' dir='ltr'><strong>Hermon.</strong></span> <span class='ocrx_word' id='word_1_415' title='bbox 1319 3160 1366 3215; x_wconf 89' lang='lat' dir='ltr'><strong>lib.</strong></span> <span class='ocrx_word' id='word_1_416' title='bbox 1384 3161 1428 3215; x_wconf 91' lang='lat' dir='ltr'><strong>lV.</strong></span> 
     </span>
    </p>

    <p class='ocr_par' dir='ltr' id='par_1_10' title="bbox 64 3240 1431 3553">
     <span class='ocr_line' id='line_1_37' title="bbox 147 3240 1429 3312; baseline -0.002 -14"><span class='ocrx_word' id='word_1_417' title='bbox 147 3241 180 3308; x_wconf 89' lang='lat' dir='ltr'><strong>ll)</strong></span> <span class='ocrx_word' id='word_1_418' title='bbox 201 3243 262 3297; x_wconf 85' lang='lat' dir='ltr'><strong>Hoc</strong></span> <span class='ocrx_word' id='word_1_419' title='bbox 275 3242 386 3296; x_wconf 91' lang='lat' dir='ltr'><strong>nimium</strong></span> <span class='ocrx_word' id='word_1_420' title='bbox 400 3250 446 3296; x_wconf 86' lang='lat' dir='ltr'><strong>est</strong></span> <span class='ocrx_word' id='word_1_421' title='bbox 459 3249 489 3295; x_wconf 90' lang='lat' dir='ltr'><strong>et</strong></span> <span class='ocrx_word' id='word_1_422' title='bbox 502 3241 669 3295; x_wconf 89' lang='lat' dir='ltr'><strong>contrarium</strong></span> <span class='ocrx_word' id='word_1_423' title='bbox 684 3243 843 3312; x_wconf 87' lang='lat' dir='ltr'><strong>praemisso.</strong></span> <span class='ocrx_word' id='word_1_424' title='bbox 886 3240 914 3294; x_wconf 90' lang='lat' dir='ltr'><strong>Si</strong></span> <span class='ocrx_word' id='word_1_425' title='bbox 937 3251 1053 3311; x_wconf 78' lang='lat' dir='ltr'><strong>propter</strong></span> <span class='ocrx_word' id='word_1_426' title='bbox 1071 3241 1213 3310; x_wconf 75' lang='lat' dir='ltr'><strong>angulum,</strong></span> <span class='ocrx_word' id='word_1_427' title='bbox 1236 3240 1331 3310; x_wconf 85' lang='lat' dir='ltr'><strong>utique</strong></span> <span class='ocrx_word' id='word_1_428' title='bbox 1347 3240 1429 3295; x_wconf 86' lang='lat' dir='ltr'><strong>etiam</strong></span> 
     </span>
     <span class='ocr_line' id='line_1_38' title="bbox 66 3320 1431 3395; baseline -0.004 -16"><span class='ocrx_word' id='word_1_429' title='bbox 66 3331 181 3395; x_wconf 89' lang='lat' dir='ltr'><strong>propter</strong></span> <span class='ocrx_word' id='word_1_430' title='bbox 203 3324 336 3395; x_wconf 76' lang='lat' dir='ltr'><strong>figuram:</strong></span> <span class='ocrx_word' id='word_1_431' title='bbox 360 3339 423 3377; x_wconf 90' lang='lat' dir='ltr'><strong>nam</strong></span> <span class='ocrx_word' id='word_1_432' title='bbox 447 3329 478 3376; x_wconf 87' lang='lat' dir='ltr'><strong>et</strong></span> <span class='ocrx_word' id='word_1_433' title='bbox 497 3323 590 3393; x_wconf 78' lang='lat' dir='ltr'><strong>figura</strong></span> <span class='ocrx_word' id='word_1_434' title='bbox 612 3339 662 3392; x_wconf 89' lang='lat' dir='ltr'><strong>per</strong></span> <span class='ocrx_word' id='word_1_435' title='bbox 686 3322 805 3392; x_wconf 81' lang='lat' dir='ltr'><strong>angulos</strong></span> <span class='ocrx_word' id='word_1_436' title='bbox 820 3320 997 3375; x_wconf 89' lang='lat' dir='ltr'><strong>constituitur</strong></span> <span class='ocrx_word' id='word_1_437' title='bbox 1013 3327 1043 3375; x_wconf 89' lang='lat' dir='ltr'><strong>et</strong></span> <span class='ocrx_word' id='word_1_438' title='bbox 1057 3321 1221 3390; x_wconf 81' lang='lat' dir='ltr'><strong>angulorum</strong></span> <span class='ocrx_word' id='word_1_439' title='bbox 1236 3320 1360 3374; x_wconf 91' lang='lat' dir='ltr'><strong>delectus</strong></span> <span class='ocrx_word' id='word_1_440' title='bbox 1380 3337 1431 3389; x_wconf 88' lang='lat' dir='ltr'><strong>per</strong></span> 
     </span>
     <span class='ocr_line' id='line_1_39' title="bbox 64 3399 1430 3476; baseline -0.003 -18"><span class='ocrx_word' id='word_1_441' title='bbox 64 3406 171 3476; x_wconf 73' lang='lat' dir='ltr'><strong>figuras</strong></span> <span class='ocrx_word' id='word_1_442' title='bbox 194 3405 235 3457; x_wconf 84' lang='lat' dir='ltr'><strong>dt.</strong></span> <span class='ocrx_word' id='word_1_443' title='bbox 277 3402 331 3457; x_wconf 87' lang='lat' dir='ltr'><strong>Sed</strong></span> <span class='ocrx_word' id='word_1_444' title='bbox 352 3403 414 3457; x_wconf 88' lang='lat' dir='ltr'><strong>ride</strong></span> <span class='ocrx_word' id='word_1_445' title='bbox 437 3403 595 3471; x_wconf 89' lang='lat' dir='ltr'><strong>scrupulum</strong></span> <span class='ocrx_word' id='word_1_446' title='bbox 619 3404 653 3455; x_wconf 86' lang='lat' dir='ltr'><strong>de</strong></span> <span class='ocrx_word' id='word_1_447' title='bbox 676 3403 768 3472; x_wconf 78' lang='lat' dir='ltr'><strong>figura</strong></span> <span class='ocrx_word' id='word_1_448' title='bbox 782 3402 898 3457; x_wconf 87' lang='lat' dir='ltr'><strong>centrali</strong></span> <span class='ocrx_word' id='word_1_449' title='bbox 922 3409 951 3455; x_wconf 92' lang='lat' dir='ltr'><strong>et</strong></span> <span class='ocrx_word' id='word_1_450' title='bbox 974 3404 1007 3455; x_wconf 88' lang='lat' dir='ltr'><strong>de</strong></span> <span class='ocrx_word' id='word_1_451' title='bbox 1022 3399 1261 3454; x_wconf 83' lang='lat' dir='ltr'><strong>circumferentiali</strong></span> <span class='ocrx_word' id='word_1_452' title='bbox 1284 3416 1430 3455; x_wconf 86' lang='lat' dir='ltr'><strong>excussum</strong></span> 
     </span>
     <span class='ocr_line' id='line_1_40' title="bbox 65 3482 434 3553; baseline -0.005 -14"><span class='ocrx_word' id='word_1_453' title='bbox 65 3485 114 3539; x_wconf 86' lang='lat' dir='ltr'><strong>lih.</strong></span> <span class='ocrx_word' id='word_1_454' title='bbox 136 3485 185 3539; x_wconf 78' lang='lat' dir='ltr'><strong>tv.</strong></span> <span class='ocrx_word' id='word_1_455' title='bbox 206 3484 302 3538; x_wconf 73' lang='lat' dir='ltr'><strong>narn.</strong></span> <span class='ocrx_word' id='word_1_456' title='bbox 324 3499 384 3553; x_wconf 88' lang='lat' dir='ltr'><strong>cap.</strong></span> <span class='ocrx_word' id='word_1_457' title='bbox 408 3482 434 3537; x_wconf 85' lang='lat'><strong>5.</strong></span> 
     </span>
    </p>

    <p class='ocr_par' dir='ltr' id='par_1_11' title="bbox 65 3558 1429 3859">
     <span class='ocr_line' id='line_1_41' title="bbox 146 3558 1429 3635; baseline -0.004 -18"><span class='ocrx_word' id='word_1_458' title='bbox 146 3560 212 3627; x_wconf 85' lang='lat' dir='ltr'><strong>mm)</strong></span> <span class='ocrx_word' id='word_1_459' title='bbox 233 3563 286 3617; x_wconf 79' lang='lat' dir='ltr'><strong>Hic</strong></span> <span class='ocrx_word' id='word_1_460' title='bbox 300 3563 497 3635; x_wconf 80' lang='lat' dir='ltr'><strong>paragraphus</strong></span> <span class='ocrx_word' id='word_1_461' title='bbox 512 3561 704 3631; x_wconf 90' lang='lat' dir='ltr'><strong>complectitur</strong></span> <span class='ocrx_word' id='word_1_462' title='bbox 718 3569 806 3615; x_wconf 86' lang='lat' dir='ltr'><strong>totam</strong></span> <span class='ocrx_word' id='word_1_463' title='bbox 824 3561 882 3614; x_wconf 83' lang='lat' dir='ltr'><strong>fere</strong></span> <span class='ocrx_word' id='word_1_464' title='bbox 897 3559 1102 3629; x_wconf 88' lang='lat' dir='ltr'><strong>dispositionem</strong></span> <span class='ocrx_word' id='word_1_465' title='bbox 1116 3558 1341 3614; x_wconf 85' lang='lat' dir='ltr'><strong>Harmonicorum</strong></span> <span class='ocrx_word' id='word_1_466' title='bbox 1355 3577 1429 3613; x_wconf 88' lang='lat' dir='ltr'><strong>meo·</strong></span> 
     </span>
     <span class='ocr_line' id='line_1_42' title="bbox 66 3637 1428 3713; baseline -0.004 -14"><span class='ocrx_word' id='word_1_467' title='bbox 66 3661 136 3699; x_wconf 85' lang='lat' dir='ltr'><strong>rum.</strong></span> <span class='ocrx_word' id='word_1_468' title='bbox 178 3644 249 3698; x_wconf 82' lang='lat' dir='ltr'><strong>Nam</strong></span> <span class='ocrx_word' id='word_1_469' title='bbox 273 3659 413 3697; x_wconf 89' lang='lat' dir='ltr'><strong>commune</strong></span> <span class='ocrx_word' id='word_1_470' title='bbox 440 3642 508 3696; x_wconf 92' lang='lat' dir='ltr'><strong>illud</strong></span> <span class='ocrx_word' id='word_1_471' title='bbox 531 3641 735 3713; x_wconf 79' lang='lat' dir='ltr'><strong>geometricum,</strong></span> <span class='ocrx_word' id='word_1_472' title='bbox 761 3648 891 3712; x_wconf 85' lang='lat' dir='ltr'><strong>tanquam</strong></span> <span class='ocrx_word' id='word_1_473' title='bbox 923 3656 1035 3694; x_wconf 89' lang='lat' dir='ltr'><strong>causam</strong></span> <span class='ocrx_word' id='word_1_474' title='bbox 1058 3637 1273 3709; x_wconf 76' lang='lat' dir='ltr'><strong>archetypicam,</strong></span> <span class='ocrx_word' id='word_1_475' title='bbox 1299 3640 1428 3709; x_wconf 88' lang='lat' dir='ltr'><strong>praemisi</strong></span> 
     </span>
     <span class='ocr_line' id='line_1_43' title="bbox 65 3719 1427 3793; baseline -0.005 -13"><span class='ocrx_word' id='word_1_476' title='bbox 65 3726 115 3793; x_wconf 85' lang='lat' dir='ltr'><strong>lib.</strong></span> <span class='ocrx_word' id='word_1_477' title='bbox 131 3725 152 3779; x_wconf 90' lang='lat'><strong>1.</strong></span> <span class='ocrx_word' id='word_1_478' title='bbox 167 3731 198 3778; x_wconf 91' lang='lat' dir='ltr'><strong>et</strong></span> <span class='ocrx_word' id='word_1_479' title='bbox 212 3724 261 3786; x_wconf 69' lang='lat'><strong>11„</strong></span> <span class='ocrx_word' id='word_1_480' title='bbox 286 3722 349 3793; x_wconf 89' lang='lat' dir='ltr'><strong>quid</strong></span> <span class='ocrx_word' id='word_1_481' title='bbox 363 3739 429 3777; x_wconf 79' lang='lat' dir='ltr'><strong>vero</strong></span> <span class='ocrx_word' id='word_1_482' title='bbox 452 3722 520 3776; x_wconf 91' lang='lat' dir='ltr'><strong>illud</strong></span> <span class='ocrx_word' id='word_1_483' title='bbox 535 3728 665 3775; x_wconf 88' lang='lat' dir='ltr'><strong>causetur</strong></span> <span class='ocrx_word' id='word_1_484' title='bbox 688 3722 715 3775; x_wconf 90' lang='lat' dir='ltr'><strong>in</strong></span> <span class='ocrx_word' id='word_1_485' title='bbox 739 3721 851 3786; x_wconf 91' lang='lat' dir='ltr'><strong>musica,</strong></span> <span class='ocrx_word' id='word_1_486' title='bbox 874 3720 1013 3790; x_wconf 85' lang='lat' dir='ltr'><strong>explicavi</strong></span> <span class='ocrx_word' id='word_1_487' title='bbox 1026 3719 1074 3775; x_wconf 90' lang='lat' dir='ltr'><strong>lib.</strong></span> <span class='ocrx_word' id='word_1_488' title='bbox 1091 3720 1153 3782; x_wconf 89' lang='lat' dir='ltr'><strong>lll.,</strong></span> <span class='ocrx_word' id='word_1_489' title='bbox 1176 3719 1239 3785; x_wconf 91' lang='lat' dir='ltr'><strong>quid</strong></span> <span class='ocrx_word' id='word_1_490' title='bbox 1263 3719 1289 3771; x_wconf 89' lang='lat' dir='ltr'><strong>in</strong></span> <span class='ocrx_word' id='word_1_491' title='bbox 1309 3721 1427 3790; x_wconf 87' lang='lat' dir='ltr'><strong>aspecti·</strong></span> 
     </span>
     <span class='ocr_line' id='line_1_44' title="bbox 65 3803 498 3859; baseline 0 0"><span class='ocrx_word' id='word_1_492' title='bbox 65 3807 117 3859; x_wconf 87' lang='lat' dir='ltr'><strong>hus</strong></span> <span class='ocrx_word' id='word_1_493' title='bbox 139 3804 188 3858; x_wconf 88' lang='lat' dir='ltr'><strong>lib.</strong></span> <span class='ocrx_word' id='word_1_494' title='bbox 211 3803 257 3858; x_wconf 88' lang='lat' dir='ltr'><strong>1v.</strong></span> <span class='ocrx_word' id='word_1_495' title='bbox 497 3856 498 3859; x_wconf 74' lang='grc'>,</span> 
     </span>
    </p>

    <p class='ocr_par' dir='ltr' id='par_1_12' title="bbox 63 3877 1429 4346">
     <span class='ocr_line' id='line_1_45' title="bbox 146 3877 1427 3949; baseline -0.005 -11"><span class='ocrx_word' id='word_1_496' title='bbox 146 3881 195 3949; x_wconf 88' lang='lat' dir='ltr'><strong>nn)</strong></span> <span class='ocrx_word' id='word_1_497' title='bbox 216 3883 333 3938; x_wconf 74' lang='lat' dir='ltr'><strong>Frustra</strong></span> <span class='ocrx_word' id='word_1_498' title='bbox 353 3882 404 3936; x_wconf 91' lang='lat' dir='ltr'><strong>has</strong></span> <span class='ocrx_word' id='word_1_499' title='bbox 420 3897 519 3935; x_wconf 90' lang='lat' dir='ltr'><strong>causas</strong></span> <span class='ocrx_word' id='word_1_500' title='bbox 534 3901 569 3936; x_wconf 87' lang='lat' dir='ltr'><strong>ex</strong></span> <span class='ocrx_word' id='word_1_501' title='bbox 585 3880 738 3935; x_wconf 86' lang='lat' dir='ltr'><strong>Ptolemaei</strong></span> <span class='ocrx_word' id='word_1_502' title='bbox 752 3879 860 3934; x_wconf 90' lang='lat' dir='ltr'><strong>musicis</strong></span> <span class='ocrx_word' id='word_1_503' title='bbox 884 3886 1049 3948; x_wconf 83' lang='lat' dir='ltr'><strong>expectatae</strong></span> <span class='ocrx_word' id='word_1_504' title='bbox 1071 3893 1145 3932; x_wconf 88' lang='lat' dir='ltr'><strong>ame</strong></span> <span class='ocrx_word' id='word_1_505' title='bbox 1160 3896 1229 3942; x_wconf 88' lang='lat' dir='ltr'><strong>esse,</strong></span> <span class='ocrx_word' id='word_1_506' title='bbox 1259 3881 1347 3932; x_wconf 90' lang='lat' dir='ltr'><strong>lector</strong></span> <span class='ocrx_word' id='word_1_507' title='bbox 1370 3877 1427 3948; x_wconf 89' lang='lat' dir='ltr'><strong>ipse</strong></span> 
     </span>
     <span class='ocr_line' id='line_1_46' title="bbox 64 3957 1427 4033; baseline -0.004 -14"><span class='ocrx_word' id='word_1_508' title='bbox 64 3966 146 4028; x_wconf 88' lang='lat' dir='ltr'><strong>dicet,</strong></span> <span class='ocrx_word' id='word_1_509' title='bbox 171 3964 323 4033; x_wconf 88' lang='lat' dir='ltr'><strong>siquando</strong></span> <span class='ocrx_word' id='word_1_510' title='bbox 345 3968 474 4016; x_wconf 86' lang='lat' dir='ltr'><strong>auctores</strong></span> <span class='ocrx_word' id='word_1_511' title='bbox 497 3962 526 4015; x_wconf 91' lang='lat' dir='ltr'><strong>hi</strong></span> <span class='ocrx_word' id='word_1_512' title='bbox 550 3980 609 4016; x_wconf 90' lang='lat' dir='ltr'><strong>cum</strong></span> <span class='ocrx_word' id='word_1_513' title='bbox 626 3961 692 4015; x_wconf 89' lang='lat' dir='ltr'><strong>meis</strong></span> <span class='ocrx_word' id='word_1_514' title='bbox 707 3960 779 4015; x_wconf 90' lang='lat' dir='ltr'><strong>notis</strong></span> <span class='ocrx_word' id='word_1_515' title='bbox 794 3961 920 4023; x_wconf 88' lang='lat' dir='ltr'><strong>edantur,</strong></span> <span class='ocrx_word' id='word_1_516' title='bbox 944 3959 1005 4013; x_wconf 92' lang='lat' dir='ltr'><strong>Deo</strong></span> <span class='ocrx_word' id='word_1_517' title='bbox 1019 3957 1105 4011; x_wconf 77' lang='lat' dir='ltr'><strong>vitam</strong></span> <span class='ocrx_word' id='word_1_518' title='bbox 1121 3967 1300 4029; x_wconf 83' lang='lat' dir='ltr'><strong>prorogante.</strong></span> <span class='ocrx_word' id='word_1_519' title='bbox 1330 3961 1427 4028; x_wconf 84' lang='lat' dir='ltr'><strong>(Comp.</strong></span> 
     </span>
     <span class='ocr_line' id='line_1_47' title="bbox 64 4037 1427 4112; baseline -0.009 -9"><span class='ocrx_word' id='word_1_520' title='bbox 64 4058 151 4103; x_wconf 79' lang='lat' dir='ltr'><strong>annot</strong></span> <span class='ocrx_word' id='word_1_521' title='bbox 172 4047 228 4112; x_wconf 77' lang='grc'><strong>38.)</strong></span> <span class='ocrx_word' id='word_1_522' title='bbox 269 4043 377 4097; x_wconf 85' lang='lat' dir='ltr'><strong>Haeret</strong></span> <span class='ocrx_word' id='word_1_523' title='bbox 402 4041 473 4095; x_wconf 90' lang='lat' dir='ltr'><strong>enim</strong></span> <span class='ocrx_word' id='word_1_524' title='bbox 494 4042 670 4095; x_wconf 85' lang='lat' dir='ltr'><strong>Ptolemaeus</strong></span> <span class='ocrx_word' id='word_1_525' title='bbox 697 4042 724 4095; x_wconf 93' lang='lat' dir='ltr'><strong>in</strong></span> <span class='ocrx_word' id='word_1_526' title='bbox 752 4040 887 4102; x_wconf 85' lang='lat' dir='ltr'><strong>numeris,</strong></span> <span class='ocrx_word' id='word_1_527' title='bbox 917 4046 950 4093; x_wconf 89' lang='lat' dir='ltr'><strong>ut</strong></span> <span class='ocrx_word' id='word_1_528' title='bbox 970 4053 1066 4100; x_wconf 86' lang='lat' dir='ltr'><strong>causa,</strong></span> <span class='ocrx_word' id='word_1_529' title='bbox 1090 4037 1149 4091; x_wconf 89' lang='lat' dir='ltr'><strong>sine</strong></span> <span class='ocrx_word' id='word_1_530' title='bbox 1174 4045 1304 4109; x_wconf 87' lang='lat' dir='ltr'><strong>respectu</strong></span> <span class='ocrx_word' id='word_1_531' title='bbox 1324 4037 1427 4107; x_wconf 79' lang='lat' dir='ltr'><strong>ligura·</strong></span> 
     </span>
     <span class='ocr_line' id='line_1_48' title="bbox 63 4116 1428 4193; baseline -0.006 -13"><span class='ocrx_word' id='word_1_532' title='bbox 63 4143 138 4189; x_wconf 88' lang='lat' dir='ltr'><strong>rum,</strong></span> <span class='ocrx_word' id='word_1_533' title='bbox 170 4131 204 4178; x_wconf 90' lang='lat' dir='ltr'><strong>ut</strong></span> <span class='ocrx_word' id='word_1_534' title='bbox 232 4122 338 4178; x_wconf 92' lang='lat' dir='ltr'><strong>numeri</strong></span> <span class='ocrx_word' id='word_1_535' title='bbox 364 4122 515 4182; x_wconf 83' lang='lat' dir='ltr'><strong>numerati;</strong></span> <span class='ocrx_word' id='word_1_536' title='bbox 547 4122 643 4193; x_wconf 89' lang='lat' dir='ltr'><strong>itaque</strong></span> <span class='ocrx_word' id='word_1_537' title='bbox 669 4128 698 4175; x_wconf 89' lang='lat' dir='ltr'><strong>et</strong></span> <span class='ocrx_word' id='word_1_538' title='bbox 724 4120 880 4175; x_wconf 87' lang='lat' dir='ltr'><strong>harmonias</strong></span> <span class='ocrx_word' id='word_1_539' title='bbox 907 4119 1053 4173; x_wconf 87' lang='lat' dir='ltr'><strong>nonnullas</strong></span> <span class='ocrx_word' id='word_1_540' title='bbox 1082 4134 1142 4171; x_wconf 88' lang='lat' dir='ltr'><strong>cum</strong></span> <span class='ocrx_word' id='word_1_541' title='bbox 1163 4119 1304 4173; x_wconf 78' lang='lat' dir='ltr'><strong>veteribus</strong></span> <span class='ocrx_word' id='word_1_542' title='bbox 1325 4116 1428 4187; x_wconf 80' lang='lat' dir='ltr'><strong>injuste</strong></span> 
     </span>
     <span class='ocr_line' id='line_1_49' title="bbox 63 4197 1429 4276; baseline -0.006 -17"><span class='ocrx_word' id='word_1_543' title='bbox 63 4203 221 4276; x_wconf 82' lang='lat' dir='ltr'><strong>proscribit,</strong></span> <span class='ocrx_word' id='word_1_544' title='bbox 242 4209 273 4257; x_wconf 90' lang='lat' dir='ltr'><strong>et</strong></span> <span class='ocrx_word' id='word_1_545' title='bbox 292 4202 443 4257; x_wconf 77' lang='lat' dir='ltr'><strong>intervalla</strong></span> <span class='ocrx_word' id='word_1_546' title='bbox 464 4204 598 4272; x_wconf 89' lang='lat' dir='ltr'><strong>quaedam</strong></span> <span class='ocrx_word' id='word_1_547' title='bbox 620 4204 692 4256; x_wconf 90' lang='lat' dir='ltr'><strong>inter</strong></span> <span class='ocrx_word' id='word_1_548' title='bbox 713 4201 846 4256; x_wconf 89' lang='lat' dir='ltr'><strong>concinna</strong></span> <span class='ocrx_word' id='word_1_549' title='bbox 866 4198 965 4268; x_wconf 88' lang='lat' dir='ltr'><strong>recipit</strong></span> <span class='ocrx_word' id='word_1_550' title='bbox 986 4199 1063 4252; x_wconf 89' lang='lat' dir='ltr'><strong>nullo</strong></span> <span class='ocrx_word' id='word_1_551' title='bbox 1084 4197 1194 4253; x_wconf 89' lang='lat' dir='ltr'><strong>illorum</strong></span> <span class='ocrx_word' id='word_1_552' title='bbox 1214 4200 1321 4253; x_wconf 90' lang='lat' dir='ltr'><strong>merito.</strong></span> <span class='ocrx_word' id='word_1_553' title='bbox 1359 4198 1429 4252; x_wconf 88' lang='lat' dir='ltr'><strong>Vide</strong></span> 
     </span>
     <span class='ocr_line' id='line_1_50' title="bbox 64 4273 453 4346; baseline -0.01 -6"><span class='ocrx_word' id='word_1_554' title='bbox 64 4273 453 4346; x_wconf 81' lang='lat' dir='ltr'><strong>llarm.meaelib.11L‘&#39;)</strong></span> 
     </span>
    </p>

    <p class='ocr_par' dir='ltr' id='par_1_13' title="bbox 63 4356 1429 4596">
     <span class='ocr_line' id='line_1_51' title="bbox 144 4356 1428 4433; baseline -0.008 -13"><span class='ocrx_word' id='word_1_555' title='bbox 144 4359 195 4432; x_wconf 89' lang='lat' dir='ltr'><strong>oo)</strong></span> <span class='ocrx_word' id='word_1_556' title='bbox 215 4364 259 4421; x_wconf 86' lang='lat' dir='ltr'><strong>De</strong></span> <span class='ocrx_word' id='word_1_557' title='bbox 285 4363 330 4417; x_wconf 89' lang='lat' dir='ltr'><strong>his</strong></span> <span class='ocrx_word' id='word_1_558' title='bbox 358 4365 473 4433; x_wconf 88' lang='lat' dir='ltr'><strong>praeter</strong></span> <span class='ocrx_word' id='word_1_559' title='bbox 500 4361 702 4431; x_wconf 90' lang='lat' dir='ltr'><strong>propositiones</strong></span> <span class='ocrx_word' id='word_1_560' title='bbox 729 4357 927 4430; x_wconf 69' lang='lat' dir='ltr'><strong>aDasypodio</strong></span> <span class='ocrx_word' id='word_1_561' title='bbox 949 4356 1105 4427; x_wconf 84' lang='lat' dir='ltr'><strong>exscriptas</strong></span> <span class='ocrx_word' id='word_1_562' title='bbox 1135 4356 1203 4411; x_wconf 90' lang='lat' dir='ltr'><strong>nihil</strong></span> <span class='ocrx_word' id='word_1_563' title='bbox 1228 4358 1291 4412; x_wconf 84' lang='lat' dir='ltr'><strong>ridi.</strong></span> <span class='ocrx_word' id='word_1_564' title='bbox 1333 4359 1428 4428; x_wconf 87' lang='lat' dir='ltr'><strong>Neque</strong></span> 
     </span>
     <span class='ocr_line' id='line_1_52' title="bbox 64 4437 1429 4515; baseline -0.01 -12"><span class='ocrx_word' id='word_1_565' title='bbox 64 4452 161 4503; x_wconf 62' lang='lat' dir='ltr'><strong>umen</strong></span> <span class='ocrx_word' id='word_1_566' title='bbox 180 4460 246 4515; x_wconf 85' lang='lat' dir='ltr'><strong>spes</strong></span> <span class='ocrx_word' id='word_1_567' title='bbox 267 4450 320 4508; x_wconf 87' lang='lat' dir='ltr'><strong>cst,</strong></span> <span class='ocrx_word' id='word_1_568' title='bbox 341 4442 370 4496; x_wconf 93' lang='lat' dir='ltr'><strong>in</strong></span> <span class='ocrx_word' id='word_1_569' title='bbox 389 4441 505 4496; x_wconf 88' lang='lat' dir='ltr'><strong>Euclide</strong></span> <span class='ocrx_word' id='word_1_570' title='bbox 526 4449 665 4511; x_wconf 89' lang='lat' dir='ltr'><strong>repertum</strong></span> <span class='ocrx_word' id='word_1_571' title='bbox 686 4441 728 4504; x_wconf 88' lang='lat' dir='ltr'><strong>iri,</strong></span> <span class='ocrx_word' id='word_1_572' title='bbox 751 4456 821 4510; x_wconf 88' lang='lat' dir='ltr'><strong>quae</strong></span> <span class='ocrx_word' id='word_1_573' title='bbox 835 4439 1020 4501; x_wconf 88' lang='lat' dir='ltr'><strong>Ptolemaeus,</strong></span> <span class='ocrx_word' id='word_1_574' title='bbox 1043 4453 1115 4508; x_wconf 90' lang='lat' dir='ltr'><strong>quae</strong></span> <span class='ocrx_word' id='word_1_575' title='bbox 1129 4437 1309 4511; x_wconf 74' lang='lat' dir='ltr'><strong>Porphyrius,</strong></span> <span class='ocrx_word' id='word_1_576' title='bbox 1333 4444 1429 4492; x_wconf 86' lang='lat' dir='ltr'><strong>aetate</strong></span> 
     </span>
     <span class='ocr_line' id='line_1_53' title="bbox 63 4513 510 4596; baseline -0.013 -14"><span class='ocrx_word' id='word_1_577' title='bbox 63 4525 244 4596; x_wconf 85' lang='lat' dir='ltr'><strong>posteriores,</strong></span> <span class='ocrx_word' id='word_1_578' title='bbox 265 4541 321 4579; x_wconf 92' lang='lat' dir='ltr'><strong>non</strong></span> <span class='ocrx_word' id='word_1_579' title='bbox 340 4522 456 4578; x_wconf 87' lang='lat' dir='ltr'><strong>hahent.</strong></span> <span class='ocrx_word' id='word_1_580' title='bbox 474 4513 510 4586; x_wconf 82' lang='lat'><strong>“)</strong></span> 
     </span>
    </p>
   </div>
   <div class='ocr_carea' id='block_1_5' title="bbox 654 4682 844 4694">
    <p class='ocr_par' dir='ltr' id='par_1_14' title="bbox 654 4682 844 4694">
     <span class='ocr_line' id='line_1_54' title="bbox 654 4682 844 4694; baseline -0.016 -1"><span class='ocrx_word' id='word_1_581' title='bbox 654 4682 844 4694; x_wconf 68' lang='lat' dir='ltr'><strong>...n—›—</strong></span> 
     </span>
    </p>
   </div>
   <div class='ocr_carea' id='block_1_6' title="bbox 0 0 1712 5550">
    <p class='ocr_par' dir='ltr' id='par_1_15' title="bbox 0 0 1712 5550">
     <span class='ocr_line' id='line_1_55' title="bbox 0 0 1712 5550; baseline 0 4"><span class='ocrx_word' id='word_1_582' title='bbox 0 0 1712 5550; x_wconf 95' lang='lat' dir='ltr'><strong> </strong></span> 
     </span>
    </p>
   </div>
  </div>
 </body>
</html>
