3428 5542
717 296 799 364 capnt
814 297 885 351 m.
1110 331 1113 335 ¹
1417 300 1475 373 ihi

125 453 241 514 nomiae
264 453 496 536 descriptionem
519 455 655 518 obtinere
680 458 812 519 fortasse
835 467 962 539 possunt
978 459 1055 520 hanc
1069 478 1201 533 causam,
1226 462 1388 541 propterea
1401 462 1480 542 quod
1572 460 1581 467 ’

125 539 238 603 orbium
269 544 480 623 proportiones
508 545 709 623 investigandi
741 547 823 608 nulla
853 546 915 609 illic
945 547 1079 620 occasio,
1114 548 1225 609 nullum
1259 548 1479 615 adminiculum.

125 627 382 698 Quemadmodum
405 634 484 694 enim
510 633 561 706 iis,
587 635 635 713 qui
661 635 698 695 de
723 636 808 696 novis
833 636 925 697 lndiis
949 637 1146 716 scripserunt.
1182 656 1269 697 neruo
1293 638 1381 699 facile
1405 657 1480 700 con-

126 718 247 782 tradicit
269 722 320 802 qui
342 721 397 784 illa
419 723 488 784 loca
510 741 568 784 uon
593 722 657 801 ipse
682 724 835 793 lustravit,
860 725 903 786 sic
927 725 1116 807 physicorum
1140 724 1325 786 ratiunculas
1347 727 1384 786 ds
1406 746 1480 788 con·
1579 793 1585 803 ,

124 814 209 870 tactu
231 809 345 874 orbium
367 818 558 873 astronomus
582 811 706 890 rejicere
722 831 779 874 non
793 822 905 892 potest,
931 833 1016 893 quem
1036 813 1278 875 observationum
1294 814 1482 892 experientia

124 902 156 956 et
178 896 387 977 hypothesium
410 899 542 961 conditio
573 899 602 960 in
626 901 741 963 coelum
765 901 863 981 ipsum
890 903 1025 981 interque
1054 902 1142 962 orbes
1167 920 1225 962 uon
1254 904 1363 963 evexit.
1409 902 1480 967 Jaru

124 1002 195 1046 vero
219 1004 256 1047 ex
278 984 438 1067 copemici
462 988 678 1071 hypothesibus
696 997 729 1050 et
752 1009 790 1050 ex
814 990 865 1052 illo
881 990 991 1052 Terrae
1015 998 1098 1051 motu
1116 989 1260 1070 sequitur,
1286 991 1396 1052 nullam
1412 1010 1480 1054 esse

124 1073 240 1136 orbium
266 1075 429 1139 uicinorum
462 1077 675 1150 differentiam,
709 1097 784 1157 quae
818 1098 875 1139 uon
908 1079 1010 1140 multis
1043 1078 1180 1158 partibus
1214 1078 1294 1139 orbis
1326 1078 1480 1159 utriusque

124 1163 378 1227 eccentricitatcm
410 1174 541 1245 superet.
588 1167 690 1246 Atque
723 1166 811 1246 hujus
844 1167 886 1229 rei
919 1186 993 1246 cape
1027 1166 1195 1244 exemplum
1228 1186 1264 1227 ex
1293 1167 1421 1229 Telluris
1449 1176 1482 1232 et

123 1250 254 1315 Veneris
276 1253 408 1325 orbibus,
432 1254 469 1315 iis
493 1273 608 1332 nempe,
635 1254 683 1333 qui
708 1255 859 1316 minimum
874 1257 911 1316 ab
936 1255 1065 1317 invicem
1084 1254 1202 1315 absunt.
1239 1252 1391 1331 ¹Qualium
1406 1256 1480 1318 Tol-

121 1340 194 1402 luris
218 1362 238 1402 a
259 1350 363 1404 contro
386 1343 486 1404 mnndi
511 1342 660 1403 distantia
682 1343 839 1404 mediocris
868 1353 916 1405 est
940 1339 996 1417 60,
1021 1344 1126 1404 talium
1146 1343 1276 1403 Veneris
1306 1345 1344 1404 ab
1373 1345 1480 1406 eodem

123 1428 272 1492 distantia
302 1430 460 1493 mediocris
494 1440 543 1491 est
568 1427 610 1492 43
621 1426 671 1512 7„
705 1432 875 1493 differentia
910 1427 985 1509 idi,
1015 1433 1163 1510 scrupula.
1212 1431 1282 1492 Jam
1313 1432 1415 1493 Tellus
1449 1433 1479 1494 iu

121 1518 264 1598 perigaeo
288 1520 504 1602 appropinquat
532 1519 642 1580 Veneri
667 1520 813 1599 scrupulis
839 1515 917 1603 27„
951 1521 1055 1581 Venus
1079 1521 1122 1582 illi
1147 1519 1266 1580 obviam
1289 1520 1425 1599 procedit
1449 1520 1480 1583 iu

122 1625 257 1687 apogaeo
281 1608 427 1687 scrupulis
451 1607 554 1669 itidem
579 1602 659 1686 27„
689 1628 803 1670 summa
827 1607 846 1672 5
871 1609 1084 1687 scrupulorum.
1133 1609 1211 1686 Ergo
1242 1607 1399 1669 duodecim
1428 1627 1479 1670 re-

122 1696 216 1757 siduis
245 1696 392 1775 scrupulis
420 1697 495 1758 haec
524 1698 580 1758 duo
611 1716 736 1776 corpora
769 1698 886 1760 distant
913 1699 1007 1758 etiarn
1035 1717 1103 1759 cum
1131 1696 1265 1775 proxime
1290 1697 1327 1757 ab
1352 1696 1478 1759 invicem

122 1784 242 1848 absunt.
289 1782 378 1856 Quod
405 1785 432 1847 si
456 1784 521 1864 quis
545 1786 601 1846 hoc
626 1786 833 1848 intermedium
861 1787 992 1866 spatium
1022 1786 1162 1864 compleri
1192 1793 1312 1846 asserat
1339 1785 1480 1848 deleren-

121 1872 202 1935 tibus
235 1875 329 1936 nodos
362 1883 394 1936 ct
421 1874 540 1936 circulis
569 1874 774 1949 latitudinum,
808 1875 833 1936 is
862 1876 991 1953 cogitet:
1025 1893 1115 1953 posse
1145 1893 1181 1934 ea
1209 1873 1308 1934 officia
1336 1873 1428 1936 etiam
1461 1894 1481 1935 a

124 1963 212 2041 longe
236 1962 421 2024 tenuioribus
446 1962 582 2036 orbibus,
612 1983 699 2043 qnam
725 1963 773 2043 qui
796 1972 914 2025 tantum
939 1963 1053 2024 hiatum
1076 1963 1232 2042 impleant,
1265 1962 1477 2035 administrari,

123 2070 219 2130 neque
243 2059 383 2113 naturam
408 2051 529 2113 immani
551 2053 627 2114 mole
652 2060 804 2113 tantorum
829 2054 942 2113 orbium
968 2053 1161 2113 onerandam.
1208 2049 1355 2121 Quamvis
1380 2052 1480 2113 hercle

125 2138 285 2220 Oopernici
314 2140 498 2222 hypotheses
526 2159 628 2201 omnes
659 2142 702 2202 ita
732 2151 938 2222 comparatae,
973 2141 1017 2201 ita
1045 2149 1135 2220 aptae
1165 2149 1248 2208 suut,
1282 2140 1326 2200 ita
1352 2139 1479 2201 invicem

122 2229 304 2301 inserviunt,
336 2239 371 2291 nt
393 2229 473 2290 haud
492 2229 581 2290 facile
605 2229 665 2290 ullo
690 2230 780 2303 orbe,
808 2231 857 2308 qui
878 2231 957 2291 ultra
979 2231 1120 2308 planetae
1146 2229 1224 2289 viam
1249 2237 1409 2307 evagatur,
1440 2229 1478 2289 ad

122 2325 221 2379 motus
244 2317 413 2380 reddendos
438 2317 571 2396 indigere
595 2318 759 2379 videamur.
807 2318 869 2380 Sed
894 2327 973 2393 esto,
1000 2318 1085 2379 utin
1110 2316 1283 2396 propinquis
1308 2317 1409 2394 spatia
1431 2317 1477 2378 his

121 2407 301 2486 impleantur
324 2406 460 2468 orbibus:
486 2425 597 2486 quaeso
622 2405 693 2468 illud
718 2408 805 2487 quale
829 2408 869 2468 sit
892 2407 1058 2468 videamus
1107 2404 1181 2467 Cum
1202 2427 1220 2464 a
1234 2404 1477 2483 perigaeaJovis

123 2494 271 2556 distantia
294 2496 333 2556 ad
357 2495 466 2557 Martis
491 2514 675 2574 apogaeum,
702 2495 791 2573 duplo
817 2494 933 2574 longius
958 2504 1128 2556 numeretur
1151 2494 1295 2572 spatium,
1326 2512 1415 2570 quam
1439 2494 1477 2553 ab

121 2584 188 2662 ipso
202 2584 302 2645 Marte
326 2585 364 2646 ad
388 2592 524 2645 centrum
547 2584 646 2644 mundi
672 2583 773 2655 (Jovis
793 2584 872 2643 enim
891 2584 1039 2644 distantia
1062 2583 1154 2661 tripla
1177 2588 1226 2641 est
1248 2581 1286 2642 ad
1307 2581 1476 2653 Martiam),

121 2689 231 2751 ergone
261 2672 299 2732 ad
332 2672 433 2752 pusilli
462 2673 601 2751 planetae
626 2672 677 2732 vix
706 2671 888 2732 adsensum
912 2672 1073 2733 variandas
1102 2669 1316 2739 motiunculas,
1350 2668 1379 2729 iu
1409 2670 1477 2730 lou-

120 2780 200 2840 gum,
225 2761 254 2823 iu
279 2762 382 2834 latum,
408 2769 504 2822 totum
527 2763 583 2823 hoc
607 2761 738 2840 spatium
763 2760 853 2839 duplo
877 2761 1008 2822 crassius
1032 2761 1112 2821 omni
1135 2759 1234 2819 Marte
1260 2757 1391 2836 repletur
1412 2764 1477 2819 tam

120 2850 305 2929 portentosis
333 2849 477 2912 orbibus?
523 2850 608 2920 Quae
637 2850 711 2911 haec
740 2856 867 2910 naturae
896 2849 1046 2911 luxuries?
1084 2846 1182 2918 Quam
1214 2845 1335 2925 inepta?
1377 2843 1477 2915 Quam

121 2938 258 3001 inutilis?
295 2937 394 3009 Quam
418 2939 537 3001 minime
562 2939 618 3018 ipsi
644 2939 777 3000 usitata?
823 2940 925 3018 Atque
950 2958 986 2998 ex
1011 2937 1066 2999 boc
1090 2937 1191 2997 videre
1216 2943 1277 3008 est,
1303 2934 1331 2993 in
1358 2932 1475 3012 Copcr-
1571 2995 1574 2999 .

120 3027 188 3089 nico
212 3027 323 3089 nullum
348 3029 450 3090 orbem
474 3027 512 3089 ab
536 3029 595 3089 alio
625 3027 726 3108 tangi,
760 3027 814 3089 sed
839 3027 972 3106 ingentia
1001 3025 1125 3105 relinqui
1159 3030 1355 3106 systematum
1380 3022 1475 3083 inter-

120 3115 203 3177 valla
226 3116 328 3196 ntique
356 3117 446 3196 plena
469 3117 593 3178 coelesti
617 3135 702 3190 aura,
737 3117 790 3178 sed
815 3117 852 3178 ad
878 3124 1013 3178 neutrum
1042 3124 1142 3176 tamen
1167 3112 1399 3192 propinquorum
1423 3130 1476 3192 sy·

120 3212 283 3267 stornatum
314 3205 508 3285 pertinentia.
562 3203 738 3277 (Schemate
762 3202 815 3269 22.
848 3208 887 3267 ob
920 3206 1022 3268 oculos
1046 3222 1179 3284 propono
1212 3200 1267 3262 tibi
1299 3198 1414 3260 orbium
1445 3205 1478 3259 et

120 3293 349 3356 interstitiorum
382 3292 604 3373 magnitudines
637 3294 723 3372 juxta
751 3312 839 3355 veras
872 3293 1098 3373 proportiones:
1134 3291 1176 3352 uti
1208 3308 1261 3349 eae
1292 3287 1423 3351 numeris
1457 3306 1476 3351 a

121 3380 288 3462 Cupernico
309 3400 472 3463 expressae
496 3379 635 3458 sunem)
673 3379 784 3443 Eorum
807 3392 909 3443 autem
934 3382 1098 3460 spatiorum
1123 3398 1189 3440 cum
1214 3376 1298 3436 initio
1322 3376 1477 3453 professus

120 3471 178 3533 sim
200 3490 310 3534 causas
334 3490 372 3533 ex
395 3467 415 3534 5
439 3470 612 3551 corporibus
637 3469 771 3545 reddere,
797 3488 849 3530 cur
872 3477 959 3531 tauta
982 3469 1102 3548 singula
1126 3468 1203 3526 iuter
1227 3464 1312 3524 binos
1336 3463 1476 3541 planetae

120 3560 228 3623 relicta
250 3560 312 3622 sint
335 3581 354 3622 a
378 3556 524 3622 Creatore
549 3558 672 3641 Optimo
695 3557 800 3631 Mac,
830 3576 934 3637 nempe
959 3559 1037 3637 qnod
1061 3556 1197 3634 singulae
1221 3552 1333 3630 figurae
1357 3549 1477 3629 singula

120 3649 282 3711 intervalla
304 3648 445 3725 efficiant,
469 3648 625 3713 videamus
649 3647 745 3722 modo,
771 3665 860 3726 quam
884 3645 912 3707 id
938 3645 1067 3707 feliciter
1089 3650 1239 3704 tentatum
1259 3639 1309 3710 sit,
1334 3656 1475 3700 causam-

120 3757 177 3819 que
209 3739 286 3801 hanc
318 3756 419 3801 coram
450 3738 637 3801 astronomia
663 3736 765 3819 judice
801 3743 833 3796 et
865 3735 1029 3813 interprete
1062 3728 1227 3808 Copemico
1261 3725 1475 3804 disceptemus.

121 3823 253 3890 Orbibus
276 3827 349 3907 ipsis
373 3834 491 3890 tautam
514 3828 649 3906 relinquo
673 3823 851 3898 crassitiem,
877 3829 1020 3904 quantam
1043 3817 1168 3897 requirit
1183 3833 1326 3876 ascensus
1346 3813 1475 3877 descen·

121 3935 231 3997 susque
254 3918 413 3996 planetae:
438 3935 513 3997 quae
538 3920 639 3979 tamon
662 3923 761 3978 utrum
785 3912 924 3984 sufficiat,
949 3908 1027 3970 intra
1049 3925 1115 3985 cap.
1136 3902 1191 3965 22.
1216 3902 1343 3964 videbis.
1386 3900 1477 3974 Quod

121 4004 148 4066 si
179 4006 291 4086 figurae
319 4005 499 4084 interjectae
522 4014 608 4081 sunt,
642 4012 677 4066 nt
699 4003 776 4064 dixi:
793 4039 795 4043 ψ
810 4005 931 4079 oportet
958 3997 1048 4058 imam
1076 3992 1238 4073 superioris
1254 3992 1476 4092 ’orbissuper-

121 4093 217 4156 ficiem
245 4095 366 4174 aequari
398 4093 622 4172 circumscripto
649 4093 781 4172 figurae,
815 4105 959 4150 summam
990 4081 1140 4146 inferioris
1171 4081 1330 4159 iuscrrpto,
1362 4082 1476 4163 figuras

122 4189 223 4245 autem
245 4184 360 4246 censeri
385 4201 421 4245 eo
444 4181 556 4257 ordine,
582 4199 667 4261 queru
691 4197 782 4258 snpra
805 4175 971 4238 rationibus
995 4167 1327 4320 ⁰⁰nfirm³vi1Jeri⁸r3

1187 4279 1197 4320 r
1221 4305 1228 4320 .
1278 4304 1284 4318 .
1329 4277 1432 4341 opem.

308 4353 329 4432 b
622 4354 710 4417 Jovis
779 4349 843 4413 577
1108 4344 1177 4412 Υ635
1204 4346 1279 4427 Cap.
1326 4343 1356 4410 9.

283 4370 356 4552 illi
401 4452 450 4506 est
477 4440 560 4507 1000
622 4441 733 4504 Martis
779 4436 843 4502 333
922 4440 968 4501 At
992 4449 1041 4501 est
1112 4433 1176 4500 333
1202 4434 1278 4514 Cap.
1307 4430 1356 4496 14.
1461 4456 1464 4461 ·

141 4535 176 4600 Si
199 4536 290 4598 imas
371 4532 580 4596 debebatesse
623 4529 751 4592 Telluris
780 4523 821 4590 79
899 4528 1062 4589 secundum
1112 4522 1175 4589 757
1202 4523 1278 4603 Cap.
1307 4520 1356 4586 19.

307 4625 332 4698 ὅ
422 4640 537 4683 summa
624 4617 754 4680 Veneris
779 4525 1076 4871 wigiloperuicum
1112 4612 1177 4678 794
1201 4610 1278 4692 Gap.
1303 4609 1341 4674 21
1370 4614 1396 4673 du
1423 4608 1477 4674 22.

308 4708 333 4783 Ω
621 4706 764 4770 Mercurii
778 4702 843 4769 577
1112 4701 1176 4767 723
1201 4700 1278 4782 Cap.
1303 4695 1419 4774 2712)

655 4871 658 4875 g
708 4795 757 4856 vel
781 4791 844 4856 707
