3428 5542
175 283 240 351 ³36
599 288 699 339 umas
716 288 820 354 Κφιαι
838 289 989 354 uterumque
1005 297 1108 340 muna·

174 446 259 505 Haec
282 443 383 504 omnia
401 453 568 524 sequuntur
590 464 627 506 ex
651 445 707 506 hoc
731 446 896 527 principio,
930 447 1008 527 quod
1037 456 1072 508 tu
1094 448 1224 510 nondum
1246 448 1413 510 refutasti=
1445 469 1467 510 a
1487 448 1535 510 die

174 531 337 613 significari
363 551 488 608 annum,
523 533 695 595 amotibus
725 534 841 596 seilicet
864 537 996 597 natalitii
1022 536 1096 599 coeli
1124 555 1179 616 per
1202 537 1282 600 diem
1309 555 1401 599 unum
1424 554 1536 617 perque

175 622 241 683 loca
265 620 409 681 thematis
433 620 637 683 characteritii
663 631 693 684 et
717 623 860 685 natalitii.

262 709 333 770 Jam
356 711 394 770 ad
419 718 471 770 tua
495 720 684 789 argumenta.
730 713 828 791 Nego,
851 712 1155 793 respicereplanetas
1179 712 1310 776 orbitam
1323 712 1419 775 Solia.
1457 711 1536 775 nan

174 816 228 876 per
251 797 392 859 accidens
416 799 457 869 lit,
483 808 515 859 ut
539 799 677 860 dividant
699 819 753 879 per
776 801 918 862 circuitus
943 819 1012 861 suos
1037 801 1173 863 bifariam
1187 810 1307 880 partem
1322 801 1393 873 buc,
1416 807 1537 880 partem

175 886 244 950 illuc
269 907 287 946 a
311 885 393 947 Solis
417 886 535 948 semita.
584 889 649 949 Hoc
674 890 769 949 solunt
786 891 938 963 affectant,
966 898 998 949 ut
1016 886 1096 950 circa
1119 899 1253 952 centrum
1274 890 1378 951 muudi
1393 898 1537 951 maneant

174 975 203 1036 in
229 976 336 1036 eodem
359 974 449 1053 plano
474 978 526 1048 (ne
551 985 581 1037 te
607 976 791 1055 Cepernicus
816 979 979 1049 oll'endat);
1004 977 1082 1039 idem
1105 977 1158 1039 Sol
1182 979 1265 1051 facit,
1291 978 1372 1041 alter
1394 978 1462 1040 sine
1485 996 1536 1040 re-

173 1062 438 1143 spectualterius.
484 1064 551 1125 Hoc
576 1085 647 1126 vero
673 1066 818 1127 facientes
845 1076 984 1146 uterque,
1010 1084 1134 1126 necesse
1159 1077 1207 1128 est
1230 1066 1347 1129 orbitas
1372 1076 1428 1129 aut
1450 1065 1536 1127 coin·

174 1153 291 1226 cidere,
327 1163 379 1213 ant
402 1152 499 1214 secari
532 1152 647 1214 duobus
671 1155 789 1232 punctis
813 1153 961 1233 oppositis
991 1161 1022 1213 et
1044 1154 1194 1217 bifariam.
1240 1154 1442 1217 Astronomia
1465 1172 1537 1216 reru

173 1238 371 1303 disertissime
403 1241 554 1315 affirmat,
589 1243 668 1303 nullo
702 1251 791 1321 pacto
816 1241 985 1322 dispensari
1019 1251 1116 1304 notus
1148 1244 1339 1323 planetamm
1374 1243 1414 1306 ab
1438 1242 1538 1305 orbita

122 1338 127 1345 '
173 1329 264 1405 Solis,
291 1349 356 1391 cum
381 1329 463 1409 leges
488 1330 615 1391 realium
640 1340 772 1392 motuum
796 1331 876 1393 nullo
900 1339 990 1410 pacto
1010 1332 1164 1409 pendeant
1187 1353 1206 1394 a
1228 1331 1311 1394 Solis
1335 1331 1535 1394 revolutione.

172 1420 251 1481 llum
276 1437 352 1497 quae
377 1419 413 1479 de
438 1418 572 1500 epicyclo
596 1420 679 1480 dicta
702 1429 773 1480 sunt
796 1442 813 1480 a
838 1420 1002 1493 veteribus
1037 1420 1182 1481 tolluntur
1206 1442 1224 1482 a
1247 1420 1390 1503 Tychone
1415 1430 1449 1483 et
1471 1418 1536 1485 Go-

174 1508 294 1588 peruico
318 1506 486 1568 rationibus
511 1508 629 1586 opticis.
678 1507 816 1569 Secundo
840 1508 956 1586 allegas
981 1508 1207 1587 experientiam.
1254 1511 1355 1590 Nego,
1380 1519 1412 1572 te
1432 1509 1533 1571 sinec-

174 1616 240 1659 ram
271 1614 362 1675 posse
395 1612 521 1673 capere,
556 1596 669 1658 lubrica
693 1605 758 1667 est,
792 1596 871 1676 quod
905 1595 977 1669 tibi,
1006 1615 1059 1674 per
1082 1608 1185 1676 partes
1208 1598 1389 1678 proponenti
1412 1596 1535 1678 experi-

175 1693 296 1757 menta,
329 1683 496 1763 probarem.
544 1685 647 1747 Tertio
680 1686 816 1765 confugis
849 1685 888 1746 ad
920 1685 1140 1764 profectiones,
1174 1717 1213 1729 -
1248 1688 1408 1749 ficulneum
1442 1704 1532 1766 argu·

174 1784 316 1835 mentum.
363 1772 457 1834 Nihili
481 1782 529 1833 est
551 1774 713 1852 profectio,
748 1774 829 1834 etsi
862 1771 931 1854 quid
956 1782 1055 1847 esset,
1085 1775 1150 1853 jam
1175 1775 1256 1850 dixi,
1290 1784 1322 1836 te
1347 1774 1414 1837 falli
1438 1793 1533 1854 expe·

175 1863 288 1924 riundo.
334 1861 470 1941 Denique
495 1863 616 1935 nescio,
641 1863 710 1942 quid
736 1872 765 1923 te
790 1863 858 1942 polo
883 1861 1031 1924 attulerit.
1078 1862 1207 1926 Primum
1232 1882 1290 1924 non
1316 1872 1390 1925 sunt
1413 1862 1493 1924 vires
1516 1881 1536 1922 a

173 1951 263 2031 polis.
311 1949 427 2011 Deinde
451 1949 591 2029 ecliptica
615 1971 672 2011 non
697 1961 746 2011 est
769 1951 867 2014 media
883 1952 960 2012 inter
976 1950 1062 2029 polos
1077 1953 1276 2031 planetarum,
1302 1970 1399 2031 aeque
1414 1951 1535 2013 distans

174 2041 212 2100 ab
237 2039 313 2112 illis,
339 2038 393 2098 sed
417 2037 521 2118 cuique
545 2040 687 2118 planetae
712 2060 782 2100 suus
806 2040 901 2117 polus.
949 2040 1051 2100 Tertio
1076 2059 1130 2101 uec
1146 2041 1288 2119 ecliptica
1316 2060 1412 2120 aeque
1438 2040 1535 2102 distat

174 2146 293 2206 semper
316 2127 354 2187 ab
378 2126 483 2187 iisdem
521 2129 642 2207 punctis
666 2128 810 2201 fixaru1n3
839 2128 910 2188 olim
935 2127 1012 2187 enim
1036 2128 1165 2207 majores
1192 2130 1272 2189 fuere
1299 2128 1490 2190 latitudines.

245 2216 428 2264 Fabricius:
459 2214 522 2264 Mire
541 2215 656 2279 placent.
681 2231 746 2280 quae
764 2217 916 2281 geometrice
935 2221 961 2265 et
978 2217 1073 2264 musica
1091 2216 1165 2266 alfere
1183 2217 1214 2266 de
1233 2217 1393 2281 aspectibus,
1421 2231 1471 2267 nec
1488 2222 1535 2273 eat»

174 2287 240 2352 quod
257 2286 305 2335 illis
323 2285 492 2336 contradicam
511 2284 556 2337 dec.

262 2357 463 2437 Keplerus:
501 2358 714 2419 Harmonicam
738 2358 905 2419 doctrinam
930 2358 1056 2436 recipis,
1089 2359 1148 2419 vim
1171 2358 1240 2419 inde
1264 2360 1442 2438 aspectibus
1465 2375 1535 2420 esee

174 2446 294 2526 probas.
343 2444 489 2519 Gaudeo,
525 2455 556 2507 te
580 2446 717 2508 hausisse
742 2447 797 2507 hoc
821 2446 1033 2526 pharmacum:
1075 2448 1163 2509 crede
1188 2447 1278 2520 mihi,
1313 2447 1342 2508 in
1368 2456 1534 2526 posterum,

175 2537 231 2598 nisi
253 2555 307 2616 per
330 2535 475 2596 uomitum
499 2536 685 2609 reddideris,
721 2536 768 2597 ubi
795 2535 977 2596 ventriculus
1002 2535 1033 2596 id
1057 2535 1246 2609 concoxerit,
1282 2536 1457 2615 aperientur
1480 2535 1535 2597 tibi

175 2627 203 2687 in
227 2616 445 2703 meteorologia
469 2624 577 2684 mentis
603 2624 699 2698 oculi,
734 2624 822 2703 ioque
857 2624 1092 2695 „Fundamentis
1115 2624 1343 2703 Astrologiae“.
1393 2623 1427 2686 Si
1452 2624 1536 2704 prius

175 2715 309 2786 fecisses,
335 2724 417 2792 puto,
444 2713 538 2774 multa
564 2714 673 2774 fuisses
697 2713 744 2772 hic
768 2712 1045 2792 praetermissurus.

245 2803 425 2852 Fabricius:
458 2801 493 2850 Ex
512 2802 595 2850 divina
613 2800 767 2849 ordinatione
786 2808 856 2849 certa
873 2799 995 2862 quaedam
1013 2799 1070 2849 loca
1086 2799 1202 2863 aphetiea
1213 2804 1271 2847 tunt
1289 2800 1315 2847 in
1333 2798 1447 2849 menate
1460 2800 1535 2857 bone.

175 2881 201 2923 et
218 2874 341 2938 quaedam
360 2873 434 2921 male.
473 2871 523 2921 Sed
542 2873 661 2937 quomodo
681 2872 786 2921 discerni
806 2872 926 2923 debeant.
947 2886 995 2919 non
1014 2871 1091 2920 rideo.
1130 2869 1264 2919 Multamm
1284 2872 1414 2934 genesium
1433 2884 1534 2935 compn-

174 2947 270 2995 ratione
288 2944 347 2993 illud
365 2943 536 3006 inquirendum
555 2951 581 2993 et
599 2943 781 2992 deremendum
801 2950 869 3006 puto.
897 2950 925 2991 nt
943 2957 973 2990 ex
992 2941 1123 3004 apheticee
1141 2943 1237 2990 cinctis
1256 2939 1365 2990 naturali
1384 2943 1492 2991 termino
1508 2943 1536 2991 ln

175 3016 255 3081 figure
288 3029 404 3063 numerus
437 3021 463 3062 et
492 3016 651 3063 interstitium
679 3029 761 3063 rerum
790 3014 915 3063 domorum
948 3014 1084 3075 inquiratur
1115 3009 1263 3075 (Keplernu
1300 3011 1350 3061 Hie
1382 3019 1412 3061 tu
1447 3012 1535 3077 insiste

174 3090 230 3136 nine
247 3088 356 3139 udone.
386 3084 487 3134 credens
506 3087 628 3135 conclusis
646 3094 755 3134 veterum
780 3086 833 3134 sine
856 3085 952 3132 ratione
977 3084 1097 3137 collectis.
1126 3098 1175 3132 non
1194 3084 1309 3132 divinitus
1327 3080 1482 3147 inspiratis).
1507 3083 1537 3133 ln

175 3172 223 3222 qno
241 3157 313 3206 raldo
332 3157 424 3212 laboro,
445 3164 471 3205 et
488 3163 517 3205 ut
534 3164 561 3205 tu
579 3172 674 3221 quoqne
693 3157 789 3206 labores
809 3171 874 3220 rogo.
913 3155 1068 3204 Potissimum
1086 3156 1134 3203 rim
1153 3157 1218 3203 iuter
1235 3155 1321 3203 domus
1344 3156 1427 3204 tribuo
1441 3154 1535 3220 anulo

174 3229 249 3278 medii
267 3228 343 3283 coeli.
368 3228 571 3291 quinillelocus
590 3243 699 3277 summus
718 3229 799 3276 estin
818 3227 944 3276 horizonte
964 3226 1058 3291 aliquo,
1083 3226 1227 3276 nobilitatus
1245 3240 1262 3276 a
1280 3224 1344 3274 Solis
1362 3227 1473 3276 maximo
1491 3239 1532 3274 ct·

174 3301 232 3361 lore,
252 3306 278 3349 et
296 3301 441 3362 conspicuus
460 3306 499 3349 est
516 3301 631 3349 maxime.

262 3372 462 3450 Keplerus:
502 3371 648 3450 Proponie
673 3369 745 3442 tibi,
771 3369 935 3430 interstitia
958 3369 1095 3430 domuum
1120 3376 1151 3428 et
1175 3368 1241 3429 loca
1265 3367 1411 3429 thematis
1435 3367 1533 3447 aphe-

173 3463 235 3524 tica
259 3462 344 3522 novis
368 3460 514 3540 exemplis
538 3460 696 3539 inquirere.
744 3459 876 3533 Invitas,
914 3470 945 3520 ut
977 3468 1007 3520 te
1037 3459 1150 3536 jurem.
1196 3457 1264 3518 Nou
1299 3457 1429 3531 lacinio,
1464 3458 1535 3538 quia

173 3570 230 3612 non
256 3552 356 3622 credo,
382 3551 459 3628 quod
484 3560 516 3610 tu
542 3548 727 3609 fundamenti
752 3549 818 3608 loco
837 3549 946 3622 credis,
972 3566 1039 3606 esse
1064 3547 1171 3626 aliqua.
1219 3545 1264 3605 Tu
1288 3545 1313 3605 si
1338 3546 1533 3608 harmonicen

174 3640 359 3713 concoxeris,
385 3657 476 3699 exues
500 3640 577 3700 hanc
601 3638 821 3698 credulitatem.
869 3636 914 3696 Tu
938 3637 1032 3710 enim,
1057 3634 1206 3695 conclusis
1230 3642 1365 3694 veterum
1390 3636 1456 3696 aine
1480 3654 1535 3697 ra·

172 3729 253 3791 tione
287 3728 423 3790 collectis
457 3728 583 3807 ideoque
613 3745 670 3787 uon
700 3725 844 3787 divinitus
868 3724 1040 3803 inspiratis,
1076 3735 1177 3785 tamen
1200 3723 1314 3801 primus
1338 3723 1385 3784 ris
1410 3725 1535 3789 credere

173 3817 396 3888 metatione,
426 3817 496 3895 quia
520 3816 594 3876 dicis
618 3815 742 3888 „divina
766 3814 933 3875 t·elatione“
966 3812 1157 3874 hauddubie
1182 3811 1254 3871 lieri.
1301 3810 1455 3874 Rationes
1479 3832 1536 3875 ne·

172 3915 269 3967 terum
294 3906 361 3966 ride
388 3906 415 3965 in
440 3906 615 3966 Ptolemaeo
640 3915 671 3965 et
695 3903 772 3977 aliis,
798 3912 829 3964 et
853 3921 919 3963 curn
943 3902 1124 3963 harmonicis
1148 3902 1270 3973 cont'er;
1296 3903 1370 3973 scio,
1397 3904 1534 3965 deseres.

173 3995 306 4056 Medium
330 3994 405 4054 coeli
429 3994 457 4054 in
482 4012 584 4071 regem
607 3992 703 4069 eligis,
728 3992 805 4071 quod
830 3991 912 4052 calor
932 3989 1012 4051 Solis
1038 3991 1078 4051 ibi
1102 3989 1260 4050 maximus.
1308 3987 1457 4051 Crassum
1482 4010 1536 4053 ar·

172 4093 365 4163 gementum
400 4082 457 4143 imo
487 4083 560 4143 hora
589 4083 721 4141 secunda
748 4081 831 4142 calor
861 4079 967 4157 major.
1014 4079 1182 4140 incidentia
1206 4077 1325 4157 quidem
1350 4080 1535 4143 rectissime.

172 4175 219 4234 At
242 4182 273 4232 et
297 4172 352 4231 hoc
378 4191 523 4233 crassum.
569 4170 750 4231 llaruronice
774 4170 837 4230 sic:
868 4179 952 4230 ortus
972 4168 1097 4247 jacenti,
1123 4169 1165 4227 M.
1183 4165 1217 4229 C.
1243 4166 1339 4228 stanti
1364 4167 1480 4232 homini
1502 4180 1536 4231 et

172 4262 337 4323 ambulanti
362 4271 393 4320 et
416 4260 516 4339 agenti
542 4260 646 4321 simile.

243 4349 432 4399 Fabricius:
463 4349 539 4412 Cupio
566 4361 729 4412 cognoscere.
747 4359 780 4393 an
799 4352 909 4402 antuus.
930 4345 1078 4408 imaginaria
1103 4343 1147 4393 illa
1164 4349 1258 4406 puncta
1276 4345 1384 4393 antiocia
1402 4343 1438 4394 lt
1458 4343 1490 4395 C.
1508 4354 1537 4395 α

172 4421 348 4475 ascendentis,
375 4434 418 4482 per
442 4435 469 4468 se
496 4419 529 4468 ad
548 4417 583 4467 M.
604 4416 631 4466 C.
652 4425 678 4466 et
697 4416 834 4466 urendam
854 4416 948 4465 directa
972 4418 1019 4462 rim
1039 4414 1162 4479 quandam
1181 4414 1289 4472 babere.
1317 4416 1415 4465 edenti
1434 4416 1461 4465 ln
1480 4418 1536 4467 h&

172 4494 330 4543 antismorum
348 4492 407 4540 locis
426 4491 484 4539 nulli
503 4491 620 4553 planetae
640 4489 755 4543 existant,
776 4487 813 4535 rel
833 4503 864 4536 au
883 4487 1000 4550 planetae
1018 4486 1066 4536 illic
1086 4487 1219 4534 existentes
1237 4486 1338 4547 majoris
1356 4487 1455 4536 virtutis
1473 4490 1534 4545 eina

174 4578 229 4613 cum
248 4565 318 4628 qnasi
338 4565 363 4611 in
382 4564 439 4625 ipsis
459 4561 555 4627 angulis
575 4575 628 4608 ease
648 4560 819 4608 existimantur
842 4560 866 4606 in
886 4555 1038 4607 directione?
1076 4554 1137 4618 (Kz
1164 4554 1220 4605 Non
1239 4558 1274 4605 tic
1293 4559 1326 4605 mi
1344 4555 1436 4606 bomo!
1474 4558 1534 4610 Ple·

171 4643 247 4685 nene
266 4637 397 4684 nuseium
416 4648 465 4682 non
484 4640 599 4696 operatur
616 4633 663 4679 nisi
682 4630 715 4679 ad
734 4630 846 4678 cudae·
863 4626 970 4688 mnndi.)

261 4707 459 4784 lieplerus:
492 4705 539 4765 De
567 4703 704 4763 autisciis
733 4721 779 4762 me
811 4720 868 4762 non
897 4700 1074 4780 percepisti,
1103 4699 1200 4759 dicem
1229 4699 1350 4759 clarius.
1389 4700 1535 4764 Antistia

171 4795 245 4860 nihil
272 4793 452 4877 promittuut
480 4793 545 4856 Soli
573 4792 620 4853 vet
651 4791 774 4865 Lunae,
807 4789 860 4852 sed
893 4798 1010 4851 tautum
1039 4788 1213 4850 ascendenti
1242 4796 1273 4849 ct
1300 4788 1345 4850 ll.
1370 4786 1408 4853 C.
1433 4788 1534 4872 tigni.
