3428 5542
176 328 242 396 ³74
358 318 360 323 ¹
597 332 698 384 bitem
714 332 818 397 septen
836 333 988 398 aliumque
1004 340 1107 385 mutuae

178 490 305 551 necdum
329 488 432 562 linita,
461 490 549 552 simul
573 491 641 570 ipsa
664 491 793 553 musices
817 491 905 570 hujus
929 491 1065 552 suavitas
1089 492 1200 553 invitat
1221 511 1284 564 me,
1313 499 1350 550 ut
1371 490 1539 568 epistolam

176 577 315 657 sequenti
338 577 470 640 diatriba
493 580 601 640 finiam.
648 580 781 640 Veteres
804 580 833 638 in
858 597 964 640 vocum
987 579 1155 642 intervallis
1170 581 1365 661 quaesiemut
1387 578 1431 651 id,
1455 578 1539 657 quod

177 675 227 729 est
258 665 427 741 minimum,
466 675 499 728 nt
532 688 569 728 ex
602 687 637 728 eo
670 687 723 727 ceu
766 669 914 729 elemento
954 677 1167 748 componerent
1198 668 1382 729 diastemata
1410 667 1537 729 humo·

176 756 253 828 nica,
279 773 338 834 qua
355 774 389 817 re
402 755 560 834 plurimum
584 756 661 835 lapsi
677 763 758 827 sunt,
782 765 813 816 et
828 776 896 817 sese
921 757 1087 818 indometa
1106 755 1326 818 inextricabilia
1341 755 1540 819 induxerunt.

176 845 211 905 Iu
243 861 318 904 voce
349 862 478 923 namque
511 858 618 924 suapte
653 853 762 906 natura
793 864 851 905 uon
885 845 974 906 datur
1003 845 1153 906 minimum
1185 845 1430 918 intervallorum,
1465 844 1541 923 quia

177 931 368 994 intervallum
406 941 454 994 est
486 933 672 1012 comparatio
705 932 829 994 duarum
870 933 1071 1012 inaequalium
1109 935 1310 1012 quantitatum
1349 931 1538 1006 meantium,

175 1027 337 1102 potestque
366 1020 506 1083 infinities
530 1022 641 1082 variari
670 1040 706 1081 ex
731 1031 839 1082 natura
862 1023 1074 1100 quantitatum.
1122 1022 1217 1098 igitur
1239 1021 1394 1083 contraria
1417 1020 1539 1082 ratione

176 1108 262 1170 nobie
291 1109 449 1186 agendum.
496 1108 696 1180 Quaerendae
730 1129 839 1171 causae
864 1111 1076 1171 diastematum
1112 1111 1363 1183 harmonicorum,
1398 1119 1435 1170 ut
1457 1109 1536 1171 hac-

176 1206 264 1259 teuus
289 1216 345 1276 ego
370 1197 442 1258 feci:
477 1198 559 1270 inde,
593 1199 816 1276 comparatione
842 1200 925 1260 facta
948 1200 1163 1260 diastematum
1187 1200 1304 1270 horum,
1340 1197 1539 1259 resultabunt

176 1287 255 1348 ultro
279 1287 464 1347 diastemata
482 1295 585 1347 cetera
609 1306 666 1347 uon
692 1287 872 1360 harmonica,
898 1288 1013 1348 usitata
1037 1296 1136 1348 tamen
1170 1296 1202 1348 et
1223 1305 1277 1365 per
1292 1305 1370 1364 qnae
1395 1286 1536 1347 cauendo

176 1373 236 1436 itur
260 1381 350 1453 atque
374 1374 496 1448 reditur,
522 1375 754 1453 apparebitque,
780 1377 832 1436 illa
856 1394 912 1435 non
937 1377 1038 1436 valere
1063 1376 1127 1435 solo
1151 1396 1219 1446 usu,
1246 1374 1299 1434 sed
1324 1384 1438 1436 natura
1460 1373 1537 1447 niti;

176 1481 273 1542 neque
296 1462 376 1524 inter
399 1482 467 1524 sese
492 1461 708 1524 commonicare
732 1462 831 1542 aliquo
855 1465 984 1537 minimo,
1010 1464 1088 1542 quod
1112 1465 1154 1524 sit
1177 1463 1261 1523 unius
1286 1462 1378 1523 modi.
1428 1461 1536 1542 Igitur,

177 1550 202 1612 si
226 1551 383 1612 harmonia
406 1552 601 1632 aequalitatis
626 1552 762 1611 solvatur
786 1552 813 1610 in
838 1553 896 1613 duo
921 1552 1073 1630 aequalia,
1103 1553 1179 1612 duae
1202 1559 1306 1630 partes
1330 1560 1421 1613 erunt
1444 1552 1537 1613 chor·

181 1639 248 1713 dae,
273 1658 396 1718 quarum
422 1640 575 1719 quaelibet
596 1659 663 1699 cum
688 1649 754 1700 tota
777 1649 867 1701 sonat
891 1646 1051 1700 dranceos.
1100 1639 1133 1700 Si
1165 1640 1203 1700 ad
1227 1650 1321 1700 totam
1354 1640 1382 1701 in
1410 1636 1431 1702 3
1456 1638 1537 1699 divi·

182 1746 246 1787 sam
271 1746 427 1807 compares
452 1747 555 1789 sonum
579 1728 710 1806 partium
734 1727 771 1799 2,
795 1729 898 1789 existit
922 1734 1068 1801 deunana,
1097 1737 1128 1787 et
1152 1748 1189 1789 ex
1213 1729 1276 1806 ejus
1300 1727 1475 1789 differentia
1498 1726 1537 1789 ad

180 1820 335 1876 dmnuunv
366 1817 473 1878 existit
499 1823 712 1894 drnreuuapnv.
760 1817 838 1880 Nam
867 1818 896 1877 in
928 1817 1022 1877 tribus
1053 1816 1190 1889 vocibus,
1225 1835 1348 1896 quarum
1378 1824 1536 1878 extremae

180 1907 334 1965 dunecan
358 1904 488 1973 distant,
513 1905 612 1966 media
637 1925 702 1966 cum
727 1905 786 1965 ima
809 1913 940 1967 ornnem
965 1905 1093 1977 iaciens,
1123 1905 1194 1966 facit
1219 1924 1284 1965 cum
1309 1922 1454 1982 suprema
1477 1911 1536 1966 bm-

178 2012 350 2068 seooupor,
384 2002 436 2053 aut
460 2003 574 2054 contra.
621 1993 690 2054 Jam
720 1994 825 2072 igitur,
860 1995 886 2054 si
910 2013 1065 2073 compares
1097 2002 1128 2055 et
1158 2004 1274 2073 partem
1299 2012 1376 2070 quae
1401 1998 1537 2055 murum

179 2088 210 2141 et
234 2099 310 2159 quae
334 2086 539 2159 deorsooopon
563 2081 636 2142 facit
664 2101 729 2142 cum
761 2084 864 2141 eadem
890 2091 971 2156 tota,
1005 2092 1037 2141 ut
1060 2083 1086 2143 si
1110 2082 1221 2142 chorda
1249 2082 1277 2139 in
1308 2079 1345 2142 12
1370 2082 1535 2155 dividatur,
1600 2080 1606 2093 ’

179 2177 249 2230 tunc
274 2188 364 2231 sonus
387 2170 516 2248 partium
542 2169 562 2231 8
587 2171 710 2232 sonabit
733 2171 882 2248 diapente,
908 2172 1036 2247 partium
1061 2168 1080 2233 9
1105 2171 1303 2241 diatessaron,
1331 2174 1403 2231 tunc
1420 2190 1460 2232 ex
1480 2172 1537 2232 hac

178 2258 401 2343 comparatione
425 2259 518 2320 oritur
542 2267 630 2319 tonus
655 2259 748 2337 major
773 2259 850 2320 inter
874 2260 1015 2321 chordam
1040 2256 1104 2321 in9
1129 2257 1256 2318 divisam
1280 2267 1312 2318 et
1336 2277 1446 2319 sonum
1460 2278 1536 2338 par·

177 2347 250 2407 tium
273 2344 294 2409 8
305 2365 314 2420 ;
348 2346 454 2407 dicitur
477 2346 636 2425 dnoyb'ooe,
671 2367 707 2406 ex
731 2348 815 2425 cujus
841 2348 1077 2408 accumulatione
1106 2358 1240 2418 veteres,
1274 2364 1331 2408 uno
1358 2347 1535 2409 Ptolemaeo

176 2443 314 2513 excepto,
339 2436 402 2508 sed,
428 2436 506 2515 quod
531 2436 657 2507 mireris,
683 2435 844 2496 etiamnum
869 2436 1029 2509 Boethius,
1063 2435 1162 2496 conati
1187 2443 1257 2495 suut
1280 2453 1462 2512 componere
1487 2437 1535 2498 in·

175 2524 305 2584 tervalla
329 2524 512 2584 harmonica.
559 2525 681 2603 ltaque,
712 2524 735 2584 si
762 2533 936 2603 quaeratur,
968 2542 1058 2602 quare
1088 2542 1190 2582 omnes
1215 2523 1289 2582 adeo
1315 2523 1454 2585 homines
1478 2544 1532 2586 ca·

173 2612 270 2672 nendo
294 2631 348 2690 per
371 2613 426 2672 hoc
452 2613 640 2674 intervallum
665 2623 736 2674 eant
760 2617 807 2681 (ut
831 2613 859 2672 in
886 2613 1057 2685 ,Victimae
1081 2612 1220 2672 Paschali
1248 2612 1352 2671 laudes
1378 2612 1535 2674 immolent

174 2697 371 2775 Christiani“,
397 2710 485 2761 tonus
510 2702 606 2778 major
629 2709 678 2761 est
701 2702 778 2761 inter
802 2720 892 2760 voces
919 2701 978 2773 „im
1001 2703 1104 2774 mo“),
1130 2701 1336 2776 respondetur,
1364 2701 1436 2778 quia
1458 2703 1533 2763 haec

172 2787 215 2848 sit
245 2789 416 2850 differentia
449 2790 571 2850 duarum
606 2789 765 2867 primarum
797 2790 1032 2862 harmoniarum,
1068 2808 1143 2866 quae
1178 2788 1205 2847 iu
1231 2794 1386 2849 dannanus
1418 2791 1531 2851 insunt.

175 2877 324 2955 Amplius,
342 2877 367 2938 si
384 2878 536 2938 dividatur
552 2879 696 2956 diapason
714 2878 740 2938 in
758 2875 787 2948 3,
804 2877 833 2947 5,
860 2875 888 2949 6,
916 2887 948 2937 ut
962 2896 1052 2936 sonus
1067 2877 1196 2953 partium
1217 2875 1236 2937 5
1252 2896 1317 2935 cum
1336 2897 1411 2937 sono
1429 2880 1531 2951 totius,

175 2983 227 3025 seu
242 2967 371 3044 partium
388 2961 417 3040 6,
435 2966 528 3027 faciut
543 2967 670 3027 diatrion
682 2966 786 3025 molle:
804 2967 894 3026 faciet
910 2966 988 3027 idem
999 2984 1089 3025 sonus
1100 2963 1259 3042 partiumb
1274 2985 1339 3025 cum
1356 2986 1432 3026 sono
1444 2966 1532 3028 dimi-

176 3052 244 3113 diae
259 3054 389 3114 chordae
414 3074 465 3114 seu
491 3055 619 3133 partium
635 3052 665 3127 3,
691 3073 765 3131 quae
791 3073 848 3112 vox
873 3063 921 3114 est
940 3053 1084 3131 superior,
1110 3054 1293 3114 harmoniam
1319 3053 1351 3114 δι’
1368 3051 1401 3126 ἐξ
1416 3056 1531 3116 duram.

176 3139 377 3221 Comparetnr
401 3162 471 3220 ergo
503 3138 535 3223 7,
567 3145 605 3203 ad
638 3143 768 3221 priorem
807 3138 838 3220 7,
873 3162 924 3202 seu
958 3151 1110 3219 quartum,
1143 3142 1199 3203 sibi
1230 3142 1415 3220 propiorem,
1452 3145 1482 3204 h.
1506 3165 1531 3205 e.

182 3223 248 3310 ⁸7„
279 3232 316 3291 ad
347 3226 417 3311 72,
452 3232 564 3294 existet
597 3240 666 3293 tuos
692 3241 779 3292 tonus
815 3232 909 3292 minor
938 3226 1010 3309 7,„
1046 3241 1079 3291 ut
1111 3231 1190 3291 inter
1213 3250 1302 3292 voces
1338 3232 1530 3310 ,paschali.“

177 3319 210 3379 ln
230 3320 316 3380 scala
340 3319 430 3397 igitur
454 3320 590 3382 cantoria
610 3319 753 3381 habemus
778 3321 946 3380 naturalem
970 3319 1115 3396 originem
1141 3318 1160 3379 5
1185 3338 1305 3392 vocum,
1331 3338 1379 3391 re,
1407 3321 1453 3391 fa,
1479 3320 1532 3397 sol,

177 3408 220 3479 la,
247 3409 305 3480 sol,
330 3413 378 3480 l'a,
408 3411 456 3471 vel
480 3410 508 3471 in
533 3410 657 3490 hymno:
699 3409 859 3480 „victimae
884 3409 1019 3485 paschali
1047 3408 1150 3467 laudes
1176 3407 1328 3468 immolent
1353 3406 1530 3482 Christiani,

175 3515 270 3575 agnus
285 3499 354 3559 rede
372 3501 412 3570 (-
428 3498 483 3559 mit
499 3498 618 3566 oves).“
658 3498 806 3575 Amplius,
834 3497 857 3556 si
875 3498 1024 3556 dividatur
1040 3498 1183 3575 diapason
1205 3498 1233 3556 in
1249 3492 1279 3570 ci,
1297 3494 1325 3568 5,
1344 3494 1374 3569 8,
1392 3507 1427 3557 ut
1441 3518 1531 3558 sonus

174 3585 303 3664 partium
319 3585 415 3649 boum
430 3605 504 3648 sono
520 3587 623 3658 totius,
649 3605 700 3646 seu
716 3586 844 3664 partium
861 3583 890 3659 8,
917 3586 1008 3645 faciat
1024 3584 1056 3645 δι’
1072 3581 1102 3657 ἐξ
1117 3585 1213 3658 molle,
1240 3585 1331 3646 saciet
1346 3585 1426 3646 idem
1442 3606 1531 3647 sonus

175 3675 305 3754 partium
331 3675 350 3737 5
376 3696 441 3737 cum
467 3694 541 3736 sono
566 3675 706 3736 dimidiae
731 3675 870 3746 chordae,
896 3694 947 3734 seu
973 3675 1102 3753 partium
1127 3671 1157 3745 4,
1184 3692 1259 3751 quae
1284 3692 1342 3733 vox
1366 3685 1416 3734 est
1440 3695 1530 3754 supe·

173 3761 244 3837 rior,
270 3765 455 3825 harmoniam
480 3771 615 3841 deceptor
635 3764 747 3824 dnrnnr.
797 3762 995 3840 Cornparetur
1028 3782 1099 3837 ergo
1130 3756 1152 3840 '7
1198 3762 1234 3820 ad
1264 3763 1346 3841 prius
1379 3763 1530 3825 iuventam

174 3851 230 3912 sibi
246 3855 415 3934 propiorem
437 3848 488 3934 7„
515 3873 565 3913 seu
591 3848 656 3932 ¹7„
685 3853 723 3911 ad
747 3848 831 3933 ¹72„
858 3853 969 3911 existet
991 3852 1055 3912 hinc
1071 3852 1213 3910 usitatum
1230 3850 1421 3913 intervallum
1435 3853 1530 3913 rrduus

175 3941 280 4004 minori
304 3952 386 4010 tono,
407 3945 484 4022 quod
515 3943 583 4003 idco
608 3940 799 4002 semitonium
825 3941 979 4019 appellare
1004 3941 1102 4011 soleo,
1143 3933 1226 4018 ¹75,
1259 3959 1301 4000 sc.
1327 3939 1406 4001 inter
1429 3943 1530 4003 claves

175 4029 208 4102 d,
234 4030 294 4104 dis,
319 4033 367 4092 vel
391 4050 481 4092 voces
507 4032 549 4103 ln,
576 4034 614 4103 fn,
641 4031 840 4092 ascendendo.
890 4030 972 4089 idem
997 4031 1049 4090 fiet
1074 4030 1100 4089 in
1126 4038 1215 4104 cantu
1241 4030 1330 4102 duro,
1360 4030 1387 4091 si
1410 4031 1528 4093 divida-

175 4124 223 4177 tnr
247 4120 391 4199 diapason
419 4120 445 4178 in
472 4119 505 4191 5,
532 4118 569 4191 8,
599 4119 653 4189 10,
678 4129 748 4180 tuuc
777 4113 827 4202 7¹⁰
858 4129 905 4177 est
929 4124 976 4178 δια
1000 4140 1086 4195 speon
1110 4118 1198 4187 dura,
1238 4118 1315 4180 inter
1340 4116 1384 4193 G,
1410 4120 1444 4193 h,
1477 4120 1529 4181 sed

180 4199 213 4287 7,
243 4216 290 4267 est
322 4209 354 4270 δι’
382 4203 414 4281 ἕξ
437 4209 535 4279 ruoilo,
562 4208 641 4266 inter
665 4207 698 4276 h,
732 4227 760 4284 g.
806 4209 888 4268 Tunc
917 4200 969 4285 7¹⁰
999 4209 1043 4266 vel
1084 4201 1116 4286 7,
1152 4225 1215 4265 cum
1237 4207 1371 4285 proximo
1394 4203 1428 4289 7,
1449 4224 1528 4270 com·

174 4306 322 4374 puratum,
349 4319 390 4359 sc.
425 4293 490 4376 '7²⁰
520 4315 584 4355 cum
617 4288 702 4373 ¹72„
727 4296 824 4373 gignit
854 4290 945 4375 ¹7„.
973 4295 1051 4356 inter
1067 4297 1114 4364 mi,
1142 4296 1182 4363 la,
1207 4295 1254 4355 vel
1280 4294 1307 4369 h,
1334 4315 1363 4368 c,
1390 4295 1420 4356 in
1445 4314 1528 4357 rom·

173 4386 380 4462 pensationem
405 4387 442 4456 li,
469 4403 502 4459 v3
537 4395 567 4443 et
592 4384 616 4443 si
641 4382 792 4444 dividatur
816 4383 961 4461 diapason
986 4385 1014 4444 in
1040 4382 1072 4456 5,
1099 4380 1134 4457 6,
1174 4381 1224 4452 lll,
1257 4391 1328 4443 tunc
1357 4379 1409 4466 7¹⁰
1435 4392 1529 4445 sonat

174 4470 206 4531 δι’
232 4469 264 4545 ἐξ
310 4477 423 4543 durrnm,
447 4482 477 4531 et
507 4467 539 4552 7,
570 4479 616 4533 deo
640 4494 727 4548 aprum
751 4472 848 4541 molle,
876 4482 906 4531 et
930 4481 1135 4551 comparatum
1156 4466 1209 4552 7„
1239 4472 1287 4531 vel
1314 4467 1345 4552 7,
1375 4491 1528 4550 cumpro·

173 4561 251 4621 ximo
283 4557 335 4637 Ἃ,
361 4563 408 4622 vel
439 4557 489 4641 7„
520 4582 584 4621 curn
617 4558 683 4638 ¹7„
714 4561 811 4639 uiguit
840 4555 910 4640 70,
935 4571 968 4621 ut
995 4563 1070 4621 inter
1095 4563 1128 4633 d,
1155 4581 1186 4632 e,
1216 4561 1261 4620 rel
1286 4579 1333 4634 re,
1360 4563 1411 4622 mi.
1455 4560 1527 4622 Jam

174 4648 264 4727 igitur
289 4663 354 4712 tota
378 4660 487 4710 octava
511 4652 596 4712 nobis
621 4670 673 4730 per
697 4650 818 4729 gradus,
843 4669 896 4727 per
920 4667 994 4727 quos
1019 4660 1126 4710 natura
1142 4650 1230 4709 docet
1253 4650 1455 4725 canendnum,
1478 4659 1529 4710 est

175 4739 282 4799 divisa.
330 4741 409 4802 Num
434 4740 490 4799 etsi
515 4741 643 4802 nondum
670 4742 788 4820 quidem
813 4757 900 4797 voces
925 4739 979 4811 mi,
1014 4739 1092 4800 inter
1116 4759 1162 4812 re,
1198 4741 1228 4799 l'a
1252 4746 1322 4799 sunt
1352 4739 1528 4817 unigenae

173 4827 203 4888 iu
219 4828 327 4910 hymno
355 4828 443 4908 ..qnid
469 4828 582 4891 vidisti
605 4829 671 4903 in“,
697 4838 798 4890 tumen
822 4829 959 4906 exemplo
985 4847 1005 4888 a
1019 4827 1221 4907 superioribus
1241 4827 1408 4888 intervalis
1423 4828 1528 4903 ducto,
