<?xml version="1.0" encoding="UTF-8"?>
<!DOCTYPE html PUBLIC "-//W3C//DTD XHTML 1.0 Transitional//EN"
    "http://www.w3.org/TR/xhtml1/DTD/xhtml1-transitional.dtd">
<html xmlns="http://www.w3.org/1999/xhtml" xml:lang="en" lang="en">
 <head>
  <title>
</title>
<meta http-equiv="Content-Type" content="text/html;charset=utf-8" />
  <meta name='ocr-system' content='tesseract 3.04.00' />
  <meta name='ocr-capabilities' content='ocr_page ocr_carea ocr_par ocr_line ocrx_word'/>
</head>
<body>
  <div class='ocr_page' id='page_1' title='image "./joanniskepleria10frisgoog_0114.png"; bbox 0 0 3428 5542; ppageno 0'>
   <div class='ocr_carea' id='block_1_1' title="bbox 738 303 1502 373">
    <p class='ocr_par' dir='ltr' id='par_1_1' title="bbox 738 303 1502 373">
     <span class='ocr_line' id='line_1_1' title="bbox 738 303 1502 373; baseline 0.004 -19"><span class='ocrx_word' id='word_1_1' title='bbox 738 303 902 357; x_wconf 63' lang='lat' dir='ltr'>unomen.</span> <span class='ocrx_word' id='word_1_2' title='bbox 1458 303 1502 373; x_wconf 79' lang='lat'>93</span> 
     </span>
    </p>
   </div>
   <div class='ocr_carea' id='block_1_2' title="bbox 132 458 1504 952">
    <p class='ocr_par' dir='ltr' id='par_1_2' title="bbox 132 458 1504 952">
     <span class='ocr_line' id='line_1_2' title="bbox 203 458 1503 531; baseline 0.006 -21"><span class='ocrx_word' id='word_1_3' title='bbox 203 458 416 511; x_wconf 73' lang='lat' dir='ltr'>Maestiinus:</span> <span class='ocrx_word' id='word_1_4' title='bbox 442 459 483 511; x_wconf 89' lang='lat' dir='ltr'>De</span> <span class='ocrx_word' id='word_1_5' title='bbox 497 458 676 526; x_wconf 77' lang='lat' dir='ltr'>Stutgardiauo</span> <span class='ocrx_word' id='word_1_6' title='bbox 694 464 797 527; x_wconf 84' lang='lat' dir='ltr'>negotio</span> <span class='ocrx_word' id='word_1_7' title='bbox 815 462 886 512; x_wconf 90' lang='lat' dir='ltr'>rideo</span> <span class='ocrx_word' id='word_1_8' title='bbox 906 463 991 513; x_wconf 83' lang='lat' dir='ltr'>omnia</span> <span class='ocrx_word' id='word_1_9' title='bbox 1008 463 1134 527; x_wconf 73' lang='lat' dir='ltr'>quiescere</span> <span class='ocrx_word' id='word_1_10' title='bbox 1154 469 1181 512; x_wconf 84' lang='lat' dir='ltr'>et</span> <span class='ocrx_word' id='word_1_11' title='bbox 1198 463 1277 514; x_wconf 84' lang='lat' dir='ltr'>silere.</span> <span class='ocrx_word' id='word_1_12' title='bbox 1306 463 1503 531; x_wconf 70' lang='grc' dir='ltr'><strong>Κιιιιιιιιιιιι</strong></span> 
     </span>
     <span class='ocr_line' id='line_1_3' title="bbox 133 525 1503 618; baseline 0.007 -39"><span class='ocrx_word' id='word_1_13' title='bbox 133 529 242 581; x_wconf 88' lang='lat' dir='ltr'>multum</span> <span class='ocrx_word' id='word_1_14' title='bbox 261 532 357 599; x_wconf 85' lang='lat' dir='ltr'>negotii</span> <span class='ocrx_word' id='word_1_15' title='bbox 372 525 479 582; x_wconf 76' lang='lat' dir='ltr'>incenit</span> <span class='ocrx_word' id='word_1_16' title='bbox 496 530 614 583; x_wconf 80' lang='lat' dir='ltr'>machina</span> <span class='ocrx_word' id='word_1_17' title='bbox 630 530 777 618; x_wconf 79' lang='lat' dir='ltr'>hydraulica</span> <span class='ocrx_word' id='word_1_18' title='bbox 796 533 937 584; x_wconf 82' lang='lat' dir='ltr'>artificiosa.</span> <span class='ocrx_word' id='word_1_19' title='bbox 966 531 1013 584; x_wconf 89' lang='lat' dir='ltr'>Ubi</span> <span class='ocrx_word' id='word_1_20' title='bbox 1032 535 1065 582; x_wconf 91' lang='lat' dir='ltr'>sit</span> <span class='ocrx_word' id='word_1_21' title='bbox 1083 533 1169 601; x_wconf 85' lang='lat' dir='ltr'>globus</span> <span class='ocrx_word' id='word_1_22' title='bbox 1188 541 1322 601; x_wconf 85' lang='lat' dir='ltr'>argenteus</span> <span class='ocrx_word' id='word_1_23' title='bbox 1339 537 1435 602; x_wconf 83' lang='lat' dir='ltr'>ignoro,</span> <span class='ocrx_word' id='word_1_24' title='bbox 1453 537 1503 588; x_wconf 75' lang='lat' dir='ltr'>ior·</span> 
     </span>
     <span class='ocr_line' id='line_1_4' title="bbox 132 600 1502 722; baseline 0.006 -71"><span class='ocrx_word' id='word_1_25' title='bbox 132 615 182 722; x_wconf 70' lang='lat' dir='ltr'>ssan</span> <span class='ocrx_word' id='word_1_26' title='bbox 200 617 246 667; x_wconf 86' lang='lat' dir='ltr'>per</span> <span class='ocrx_word' id='word_1_27' title='bbox 263 600 349 652; x_wconf 86' lang='lat' dir='ltr'>literas</span> <span class='ocrx_word' id='word_1_28' title='bbox 367 602 654 668; x_wconf 62' lang='lat' dir='ltr'>monumemtum</span> <span class='ocrx_word' id='word_1_29' title='bbox 673 605 805 655; x_wconf 72' lang='lat' dir='ltr'>occasione</span> <span class='ocrx_word' id='word_1_30' title='bbox 824 604 910 655; x_wconf 85' lang='lat' dir='ltr'>obluta</span> <span class='ocrx_word' id='word_1_31' title='bbox 927 617 975 670; x_wconf 82' lang='lat' dir='ltr'>ego</span> <span class='ocrx_word' id='word_1_32' title='bbox 993 604 1045 668; x_wconf 88' lang='lat' dir='ltr'>ipse</span> <span class='ocrx_word' id='word_1_33' title='bbox 1064 602 1235 672; x_wconf 80' lang='lat' dir='ltr'>Stntgurdiurn</span> <span class='ocrx_word' id='word_1_34' title='bbox 1254 607 1355 657; x_wconf 85' lang='lat' dir='ltr'>renisus</span> <span class='ocrx_word' id='word_1_35' title='bbox 1373 607 1502 672; x_wconf 78' lang='lat' dir='ltr'>inquiram.</span> 
     </span>
     <span class='ocr_line' id='line_1_5' title="bbox 132 672 1504 834; baseline 0.005 -40"><span class='ocrx_word' id='word_1_36' title='bbox 132 672 196 794; x_wconf 55' lang='lat' dir='ltr'>usddri</span> <span class='ocrx_word' id='word_1_37' title='bbox 205 673 275 795; x_wconf 54' lang='lat' dir='ltr'>ff:</span> <span class='ocrx_word' id='word_1_38' title='bbox 291 672 1031 830; x_wconf 46' lang='lat' dir='ltr'>meyfflcrffluffmefflunffdusddumneoffi</span> <span class='ocrx_word' id='word_1_39' title='bbox 1037 679 1182 811; x_wconf 52' lang='lat' dir='ltr'>siacrffigtis</span> <span class='ocrx_word' id='word_1_40' title='bbox 1195 683 1307 801; x_wconf 48' lang='grc' dir='ltr'><strong>εῗιξιιιοιῐι.</strong></span> <span class='ocrx_word' id='word_1_41' title='bbox 1311 676 1504 834; x_wconf 48' lang='grc' dir='ltr'>1111ῐῐιιθιιιιιοιδιιιιῃιί</span> 
     </span>
     <span class='ocr_line' id='line_1_6' title="bbox 132 815 1502 885; baseline 0.007 -20"><span class='ocrx_word' id='word_1_42' title='bbox 132 829 200 879; x_wconf 82' lang='lat' dir='ltr'>quse</span> <span class='ocrx_word' id='word_1_43' title='bbox 218 822 307 866; x_wconf 88' lang='lat' dir='ltr'>contrs</span> <span class='ocrx_word' id='word_1_44' title='bbox 325 815 427 866; x_wconf 89' lang='lat' dir='ltr'>ductum</span> <span class='ocrx_word' id='word_1_45' title='bbox 444 816 530 883; x_wconf 86' lang='lat' dir='ltr'>ligni</span> <span class='ocrx_word' id='word_1_46' title='bbox 523 817 605 866; x_wconf 85' lang='lat' dir='ltr'>ruciss</span> <span class='ocrx_word' id='word_1_47' title='bbox 623 817 704 876; x_wconf 83' lang='lat' dir='ltr'>init,</span> <span class='ocrx_word' id='word_1_48' title='bbox 697 831 723 867; x_wconf 89' lang='lat' dir='ltr'>ru</span> <span class='ocrx_word' id='word_1_49' title='bbox 741 817 821 868; x_wconf 84' lang='lat' dir='ltr'>multa</span> <span class='ocrx_word' id='word_1_50' title='bbox 839 817 981 884; x_wconf 77' lang='lat' dir='ltr'>fragmenta</span> <span class='ocrx_word' id='word_1_51' title='bbox 998 817 1045 867; x_wconf 89' lang='lat' dir='ltr'>init</span> <span class='ocrx_word' id='word_1_52' title='bbox 1058 817 1196 874; x_wconf 75' lang='lat' dir='ltr'>confracta,</span> <span class='ocrx_word' id='word_1_53' title='bbox 1215 834 1271 871; x_wconf 90' lang='lat' dir='ltr'>curu</span> <span class='ocrx_word' id='word_1_54' title='bbox 1289 833 1345 871; x_wconf 84' lang='lat' dir='ltr'>eum</span> <span class='ocrx_word' id='word_1_55' title='bbox 1363 821 1441 885; x_wconf 90' lang='lat' dir='ltr'>primo</span> <span class='ocrx_word' id='word_1_56' title='bbox 1459 832 1502 875; x_wconf 75' lang='lat' dir='ltr'>st·</span> 
     </span>
     <span class='ocr_line' id='line_1_7' title="bbox 132 883 612 952; baseline -0.004 -14"><span class='ocrx_word' id='word_1_57' title='bbox 132 887 265 951; x_wconf 84' lang='lat' dir='ltr'>cepissem.</span> <span class='ocrx_word' id='word_1_58' title='bbox 303 883 359 950; x_wconf 84' lang='grc'>(12</span> <span class='ocrx_word' id='word_1_59' title='bbox 378 884 422 936; x_wconf 79' lang='lat'>22.</span> <span class='ocrx_word' id='word_1_60' title='bbox 442 889 501 952; x_wconf 80' lang='lat' dir='ltr'>Apr.</span> <span class='ocrx_word' id='word_1_61' title='bbox 522 884 612 949; x_wconf 79' lang='grc'>1500.)</span> 
     </span>
    </p>
   </div>
   <div class='ocr_carea' id='block_1_3' title="bbox 133 976 1502 1237">
    <p class='ocr_par' dir='ltr' id='par_1_3' title="bbox 133 976 1502 1237">
     <span class='ocr_line' id='line_1_8' title="bbox 223 976 1502 1061; baseline -0.005 -23"><span class='ocrx_word' id='word_1_62' title='bbox 223 976 413 1053; x_wconf 83' lang='grc' dir='ltr'><strong>Μιιιιιιιιι,</strong></span> <span class='ocrx_word' id='word_1_63' title='bbox 433 984 560 1050; x_wconf 77' lang='grc' dir='ltr'><strong>ιιιιοιιὶι</strong></span> <span class='ocrx_word' id='word_1_64' title='bbox 577 983 702 1049; x_wconf 82' lang='lat' dir='ltr'>Kepierus</span> <span class='ocrx_word' id='word_1_65' title='bbox 720 981 776 1048; x_wconf 83' lang='lat'>(29.</span> <span class='ocrx_word' id='word_1_66' title='bbox 795 988 858 1052; x_wconf 76' lang='lat' dir='ltr'>Aug.</span> <span class='ocrx_word' id='word_1_67' title='bbox 880 982 934 1047; x_wconf 79' lang='grc'>99),</span> <span class='ocrx_word' id='word_1_68' title='bbox 957 978 1058 1059; x_wconf 86' lang='lat' dir='ltr'>accepi</span> <span class='ocrx_word' id='word_1_69' title='bbox 1074 997 1132 1039; x_wconf 92' lang='lat' dir='ltr'>uon</span> <span class='ocrx_word' id='word_1_70' title='bbox 1147 978 1320 1058; x_wconf 86' lang='lat' dir='ltr'>integriora,</span> <span class='ocrx_word' id='word_1_71' title='bbox 1342 999 1432 1061; x_wconf 79' lang='lat' dir='ltr'>quum</span> <span class='ocrx_word' id='word_1_72' title='bbox 1447 1001 1502 1043; x_wconf 72' lang='lat' dir='ltr'>ne.</span> 
     </span>
     <span class='ocr_line' id='line_1_9' title="bbox 134 1064 1502 1149; baseline 0.004 -23"><span class='ocrx_word' id='word_1_73' title='bbox 134 1084 221 1128; x_wconf 87' lang='lat' dir='ltr'>cesse</span> <span class='ocrx_word' id='word_1_74' title='bbox 243 1072 303 1127; x_wconf 89' lang='lat' dir='ltr'>est.</span> <span class='ocrx_word' id='word_1_75' title='bbox 336 1065 384 1127; x_wconf 92' lang='lat' dir='ltr'>De</span> <span class='ocrx_word' id='word_1_76' title='bbox 399 1065 490 1147; x_wconf 89' lang='lat' dir='ltr'>globo</span> <span class='ocrx_word' id='word_1_77' title='bbox 510 1074 542 1127; x_wconf 91' lang='lat' dir='ltr'>et</span> <span class='ocrx_word' id='word_1_78' title='bbox 560 1064 680 1128; x_wconf 86' lang='lat' dir='ltr'>circulis</span> <span class='ocrx_word' id='word_1_79' title='bbox 704 1067 821 1149; x_wconf 77' lang='lat' dir='ltr'>aliquot</span> <span class='ocrx_word' id='word_1_80' title='bbox 844 1068 998 1148; x_wconf 84' lang='lat' dir='ltr'>argenteis</span> <span class='ocrx_word' id='word_1_81' title='bbox 1021 1067 1119 1149; x_wconf 87' lang='lat' dir='ltr'>planis</span> <span class='ocrx_word' id='word_1_82' title='bbox 1144 1086 1256 1148; x_wconf 84' lang='lat' dir='ltr'>quaeso</span> <span class='ocrx_word' id='word_1_83' title='bbox 1281 1088 1361 1143; x_wconf 86' lang='lat' dir='ltr'>eura,</span> <span class='ocrx_word' id='word_1_84' title='bbox 1388 1069 1413 1132; x_wconf 92' lang='lat' dir='ltr'>si</span> <span class='ocrx_word' id='word_1_85' title='bbox 1438 1069 1502 1140; x_wconf 81' lang='lat' dir='ltr'>fieri</span> 
     </span>
     <span class='ocr_line' id='line_1_10' title="bbox 133 1153 651 1237; baseline 0 -22"><span class='ocrx_word' id='word_1_86' title='bbox 133 1154 190 1217; x_wconf 89' lang='lat' dir='ltr'>abs</span> <span class='ocrx_word' id='word_1_87' title='bbox 215 1165 247 1217; x_wconf 89' lang='lat' dir='ltr'>te</span> <span class='ocrx_word' id='word_1_88' title='bbox 268 1160 373 1237; x_wconf 91' lang='lat' dir='ltr'>potest</span> <span class='ocrx_word' id='word_1_89' title='bbox 396 1154 473 1217; x_wconf 81' lang='lat' dir='ltr'>citra</span> <span class='ocrx_word' id='word_1_90' title='bbox 494 1153 651 1216; x_wconf 88' lang='lat' dir='ltr'>invidiam.</span> 
     </span>
    </p>
   </div>
   <div class='ocr_carea' id='block_1_4' title="bbox 135 1248 1502 1467">
    <p class='ocr_par' dir='ltr' id='par_1_4' title="bbox 135 1248 1502 1467">
     <span class='ocr_line' id='line_1_11' title="bbox 209 1248 1065 1325; baseline -0.001 -17"><span class='ocrx_word' id='word_1_91' title='bbox 209 1259 258 1309; x_wconf 88' lang='lat' dir='ltr'>Die</span> <span class='ocrx_word' id='word_1_92' title='bbox 278 1257 320 1308; x_wconf 81' lang='lat'>15.</span> <span class='ocrx_word' id='word_1_93' title='bbox 341 1256 383 1311; x_wconf 76' lang='grc'>25.</span> <span class='ocrx_word' id='word_1_94' title='bbox 401 1259 460 1311; x_wconf 74' lang='grc' dir='ltr'><strong>ιιι.</strong></span> <span class='ocrx_word' id='word_1_95' title='bbox 482 1256 550 1308; x_wconf 87' lang='grc'>1000</span> <span class='ocrx_word' id='word_1_96' title='bbox 568 1260 633 1311; x_wconf 90' lang='lat' dir='ltr'>haec</span> <span class='ocrx_word' id='word_1_97' title='bbox 651 1261 792 1325; x_wconf 88' lang='lat' dir='ltr'>praemissis</span> <span class='ocrx_word' id='word_1_98' title='bbox 812 1248 881 1309; x_wconf 74' lang='lat' dir='ltr'>uddit</span> <span class='ocrx_word' id='word_1_99' title='bbox 899 1257 1065 1308; x_wconf 82' lang='lat' dir='ltr'>Maestiiuus:</span> 
     </span>
     <span class='ocr_line' id='line_1_12' title="bbox 208 1329 1502 1400; baseline 0.005 -21"><span class='ocrx_word' id='word_1_100' title='bbox 208 1329 247 1380; x_wconf 89' lang='lat' dir='ltr'>De</span> <span class='ocrx_word' id='word_1_101' title='bbox 266 1331 429 1382; x_wconf 88' lang='lat' dir='ltr'>instrumento</span> <span class='ocrx_word' id='word_1_102' title='bbox 447 1345 583 1394; x_wconf 82' lang='lat' dir='ltr'>senopem</span> <span class='ocrx_word' id='word_1_103' title='bbox 601 1331 778 1381; x_wconf 83' lang='lat' dir='ltr'>mathematico</span> <span class='ocrx_word' id='word_1_104' title='bbox 796 1329 845 1379; x_wconf 91' lang='lat' dir='ltr'>huc</span> <span class='ocrx_word' id='word_1_105' title='bbox 864 1344 941 1395; x_wconf 86' lang='lat' dir='ltr'>usque</span> <span class='ocrx_word' id='word_1_106' title='bbox 958 1329 1020 1379; x_wconf 86' lang='lat' dir='ltr'><strong>nihil</strong></span> <span class='ocrx_word' id='word_1_107' title='bbox 1039 1332 1100 1378; x_wconf 89' lang='lat' dir='ltr'>certi</span> <span class='ocrx_word' id='word_1_108' title='bbox 1118 1332 1246 1394; x_wconf 82' lang='lat' dir='ltr'>comperiri</span> <span class='ocrx_word' id='word_1_109' title='bbox 1265 1333 1348 1395; x_wconf 85' lang='lat' dir='ltr'>potui.</span> <span class='ocrx_word' id='word_1_110' title='bbox 1371 1335 1418 1383; x_wconf 92' lang='lat' dir='ltr'>nisi</span> <span class='ocrx_word' id='word_1_111' title='bbox 1436 1334 1502 1400; x_wconf 83' lang='lat' dir='ltr'>quod</span> 
     </span>
     <span class='ocr_line' id='line_1_13' title="bbox 135 1400 1500 1467; baseline 0.004 -17"><span class='ocrx_word' id='word_1_112' title='bbox 135 1401 262 1451; x_wconf 71' lang='lat' dir='ltr'>aurifaber</span> <span class='ocrx_word' id='word_1_113' title='bbox 279 1401 321 1452; x_wconf 86' lang='lat' dir='ltr'>ills</span> <span class='ocrx_word' id='word_1_114' title='bbox 340 1400 542 1467; x_wconf 82' lang='lat' dir='ltr'>Stutgardisnus‚</span> <span class='ocrx_word' id='word_1_115' title='bbox 561 1403 602 1466; x_wconf 90' lang='lat' dir='ltr'>qni</span> <span class='ocrx_word' id='word_1_116' title='bbox 621 1404 646 1452; x_wconf 94' lang='lat' dir='ltr'>iu</span> <span class='ocrx_word' id='word_1_117' title='bbox 666 1403 810 1453; x_wconf 88' lang='lat' dir='ltr'>consistorio</span> <span class='ocrx_word' id='word_1_118' title='bbox 828 1401 910 1451; x_wconf 80' lang='lat' dir='ltr'>duculi</span> <span class='ocrx_word' id='word_1_119' title='bbox 930 1415 1079 1451; x_wconf 85' lang='lat' dir='ltr'>assessorem</span> <span class='ocrx_word' id='word_1_120' title='bbox 1098 1403 1152 1466; x_wconf 80' lang='lat' dir='ltr'>ugit</span> <span class='ocrx_word' id='word_1_121' title='bbox 1165 1401 1215 1464; x_wconf 76' lang='lat' dir='ltr'>(i),</span> <span class='ocrx_word' id='word_1_122' title='bbox 1235 1419 1313 1466; x_wconf 91' lang='lat' dir='ltr'>uuper</span> <span class='ocrx_word' id='word_1_123' title='bbox 1330 1403 1389 1453; x_wconf 90' lang='lat' dir='ltr'>mihi</span> <span class='ocrx_word' id='word_1_124' title='bbox 1407 1405 1500 1465; x_wconf 87' lang='lat' dir='ltr'>retulit,</span> 
     </span>
    </p>
   </div>
   <div class='ocr_carea' id='block_1_5' title="bbox 134 1471 1603 1539">
    <p class='ocr_par' dir='ltr' id='par_1_5' title="bbox 134 1471 1603 1539">
     <span class='ocr_line' id='line_1_14' title="bbox 134 1471 1603 1539; baseline 0.003 -17"><span class='ocrx_word' id='word_1_125' title='bbox 134 1472 200 1536; x_wconf 86' lang='lat' dir='ltr'>quod</span> <span class='ocrx_word' id='word_1_126' title='bbox 214 1471 318 1522; x_wconf 81' lang='lat' dir='ltr'>Carolus</span> <span class='ocrx_word' id='word_1_127' title='bbox 330 1474 455 1523; x_wconf 77' lang='lat' dir='ltr'>aurifaber</span> <span class='ocrx_word' id='word_1_128' title='bbox 467 1487 509 1536; x_wconf 93' lang='lat' dir='ltr'>pro</span> <span class='ocrx_word' id='word_1_129' title='bbox 529 1488 605 1537; x_wconf 87' lang='lat' dir='ltr'>opera</span> <span class='ocrx_word' id='word_1_130' title='bbox 623 1488 670 1522; x_wconf 85' lang='grc' dir='ltr'>ιιι</span> <span class='ocrx_word' id='word_1_131' title='bbox 687 1475 775 1538; x_wconf 81' lang='lat' dir='ltr'>ingens</span> <span class='ocrx_word' id='word_1_132' title='bbox 793 1475 898 1536; x_wconf 89' lang='lat' dir='ltr'>pretium</span> <span class='ocrx_word' id='word_1_133' title='bbox 916 1473 1063 1536; x_wconf 72' lang='lat' dir='ltr'>poposcerit.</span> <span class='ocrx_word' id='word_1_134' title='bbox 1092 1471 1142 1522; x_wconf 90' lang='lat' dir='ltr'>Sed</span> <span class='ocrx_word' id='word_1_135' title='bbox 1161 1487 1266 1523; x_wconf 90' lang='lat' dir='ltr'>censura</span> <span class='ocrx_word' id='word_1_136' title='bbox 1284 1477 1337 1537; x_wconf 80' lang='lat' dir='ltr'>ejus</span> <span class='ocrx_word' id='word_1_137' title='bbox 1355 1477 1502 1539; x_wconf 80' lang='lat' dir='ltr'>quibusdam</span> <span class='ocrx_word' id='word_1_138' title='bbox 1599 1501 1603 1508; x_wconf 43' lang='grc' dir='ltr'><em>ν</em></span> 
     </span>
    </p>
   </div>
   <div class='ocr_carea' id='block_1_6' title="bbox 129 1543 1500 2106">
    <p class='ocr_par' dir='ltr' id='par_1_6' title="bbox 134 1543 1500 1666">
     <span class='ocr_line' id='line_1_15' title="bbox 134 1543 1500 1610; baseline 0.005 -18"><span class='ocrx_word' id='word_1_139' title='bbox 134 1544 271 1608; x_wconf 82' lang='lat' dir='ltr'>deputatis,</span> <span class='ocrx_word' id='word_1_140' title='bbox 289 1545 354 1594; x_wconf 92' lang='lat' dir='ltr'>inter</span> <span class='ocrx_word' id='word_1_141' title='bbox 371 1558 432 1609; x_wconf 84' lang='lat' dir='ltr'>quos</span> <span class='ocrx_word' id='word_1_142' title='bbox 451 1551 477 1593; x_wconf 86' lang='lat' dir='ltr'>et</span> <span class='ocrx_word' id='word_1_143' title='bbox 495 1544 556 1607; x_wconf 86' lang='lat' dir='ltr'>ipse.</span> <span class='ocrx_word' id='word_1_144' title='bbox 576 1545 617 1608; x_wconf 90' lang='lat' dir='ltr'>qni</span> <span class='ocrx_word' id='word_1_145' title='bbox 635 1543 694 1593; x_wconf 89' lang='lat' dir='ltr'>mihi</span> <span class='ocrx_word' id='word_1_146' title='bbox 713 1545 804 1604; x_wconf 88' lang='lat' dir='ltr'>retulit,</span> <span class='ocrx_word' id='word_1_147' title='bbox 824 1545 879 1598; x_wconf 80' lang='lat' dir='ltr'>fuit.</span> <span class='ocrx_word' id='word_1_148' title='bbox 900 1558 917 1593; x_wconf 88' lang='grc' dir='ltr'>ι</span> <span class='ocrx_word' id='word_1_149' title='bbox 928 1544 1038 1607; x_wconf 88' lang='lat' dir='ltr'>principe</span> <span class='ocrx_word' id='word_1_150' title='bbox 1050 1544 1097 1592; x_wconf 81' lang='lat' dir='ltr'>tuit</span> <span class='ocrx_word' id='word_1_151' title='bbox 1109 1546 1249 1600; x_wconf 85' lang='lat' dir='ltr'>commissa,</span> <span class='ocrx_word' id='word_1_152' title='bbox 1267 1547 1307 1609; x_wconf 89' lang='lat' dir='ltr'>qui</span> <span class='ocrx_word' id='word_1_153' title='bbox 1320 1549 1425 1610; x_wconf 90' lang='lat' dir='ltr'>pretium</span> <span class='ocrx_word' id='word_1_154' title='bbox 1440 1547 1500 1599; x_wconf 88' lang='lat' dir='ltr'>iliud</span> 
     </span>
     <span class='ocr_line' id='line_1_16' title="bbox 134 1614 587 1666; baseline 0.002 -3"><span class='ocrx_word' id='word_1_155' title='bbox 134 1614 186 1665; x_wconf 85' lang='lat' dir='ltr'>iere</span> <span class='ocrx_word' id='word_1_156' title='bbox 207 1615 241 1665; x_wconf 87' lang='lat' dir='ltr'>ad</span> <span class='ocrx_word' id='word_1_157' title='bbox 258 1614 386 1666; x_wconf 87' lang='lat' dir='ltr'>dimidium</span> <span class='ocrx_word' id='word_1_158' title='bbox 404 1620 587 1664; x_wconf 80' lang='lat' dir='ltr'>contraxerunt.</span> 
     </span>
    </p>

    <p class='ocr_par' dir='ltr' id='par_1_7' title="bbox 131 1684 1500 1893">
     <span class='ocr_line' id='line_1_17' title="bbox 205 1684 1500 1751; baseline 0.004 -17"><span class='ocrx_word' id='word_1_159' title='bbox 205 1685 268 1736; x_wconf 89' lang='lat' dir='ltr'>Inde</span> <span class='ocrx_word' id='word_1_160' title='bbox 286 1685 319 1736; x_wconf 84' lang='lat' dir='ltr'>ab</span> <span class='ocrx_word' id='word_1_161' title='bbox 336 1684 384 1736; x_wconf 87' lang='lat' dir='ltr'>hcc</span> <span class='ocrx_word' id='word_1_162' title='bbox 403 1691 512 1750; x_wconf 89' lang='lat' dir='ltr'>ternpore</span> <span class='ocrx_word' id='word_1_163' title='bbox 530 1686 565 1735; x_wconf 89' lang='lat' dir='ltr'>nii</span> <span class='ocrx_word' id='word_1_164' title='bbox 584 1685 690 1751; x_wconf 80' lang='lat' dir='ltr'>emplius</span> <span class='ocrx_word' id='word_1_165' title='bbox 709 1685 739 1734; x_wconf 92' lang='lat' dir='ltr'>de</span> <span class='ocrx_word' id='word_1_166' title='bbox 758 1684 804 1734; x_wconf 92' lang='lat' dir='ltr'>boc</span> <span class='ocrx_word' id='word_1_167' title='bbox 824 1699 897 1749; x_wconf 92' lang='lat' dir='ltr'>opere</span> <span class='ocrx_word' id='word_1_168' title='bbox 916 1685 1030 1739; x_wconf 83' lang='lat' dir='ltr'>occurrit.</span> <span class='ocrx_word' id='word_1_169' title='bbox 1053 1699 1128 1748; x_wconf 86' lang='lat' dir='ltr'>quum</span> <span class='ocrx_word' id='word_1_170' title='bbox 1148 1686 1234 1735; x_wconf 84' lang='lat' dir='ltr'>turbae</span> <span class='ocrx_word' id='word_1_171' title='bbox 1253 1693 1305 1735; x_wconf 89' lang='lat' dir='ltr'>turn</span> <span class='ocrx_word' id='word_1_172' title='bbox 1324 1690 1440 1751; x_wconf 77' lang='lat' dir='ltr'>temporie</span> <span class='ocrx_word' id='word_1_173' title='bbox 1458 1703 1500 1740; x_wconf 87' lang='grc' dir='ltr'>ιι-</span> 
     </span>
     <span class='ocr_line' id='line_1_18' title="bbox 131 1752 1499 1822; baseline 0.004 -17"><span class='ocrx_word' id='word_1_174' title='bbox 131 1763 202 1807; x_wconf 87' lang='lat' dir='ltr'>ortae</span> <span class='ocrx_word' id='word_1_175' title='bbox 220 1759 247 1806; x_wconf 91' lang='lat' dir='ltr'>iu</span> <span class='ocrx_word' id='word_1_176' title='bbox 266 1757 360 1819; x_wconf 52' lang='lat' dir='ltr'>Styri&amp;</span> <span class='ocrx_word' id='word_1_177' title='bbox 380 1758 468 1821; x_wconf 88' lang='lat' dir='ltr'>quibus</span> <span class='ocrx_word' id='word_1_178' title='bbox 485 1757 609 1820; x_wconf 87' lang='lat' dir='ltr'>Keplerus</span> <span class='ocrx_word' id='word_1_179' title='bbox 627 1771 723 1822; x_wconf 86' lang='lat' dir='ltr'>quoque</span> <span class='ocrx_word' id='word_1_180' title='bbox 741 1758 852 1822; x_wconf 85' lang='lat' dir='ltr'>agitatus</span> <span class='ocrx_word' id='word_1_181' title='bbox 871 1761 910 1804; x_wconf 89' lang='lat' dir='ltr'>est</span> <span class='ocrx_word' id='word_1_182' title='bbox 928 1752 1020 1818; x_wconf 84' lang='lat' dir='ltr'>(comp.</span> <span class='ocrx_word' id='word_1_183' title='bbox 1040 1770 1065 1819; x_wconf 90' lang='lat' dir='ltr'>p.</span> <span class='ocrx_word' id='word_1_184' title='bbox 1086 1753 1128 1804; x_wconf 82' lang='lat'>³9.</span> <span class='ocrx_word' id='word_1_185' title='bbox 1148 1755 1179 1805; x_wconf 80' lang='grc' dir='ltr'>ιι</span> <span class='ocrx_word' id='word_1_186' title='bbox 1195 1754 1270 1822; x_wconf 64' lang='lat' dir='ltr'>squ),</span> <span class='ocrx_word' id='word_1_187' title='bbox 1290 1758 1422 1808; x_wconf 76' lang='lat' dir='ltr'>rideantur</span> <span class='ocrx_word' id='word_1_188' title='bbox 1439 1759 1499 1811; x_wconf 81' lang='lat' dir='ltr'>eus·</span> 
     </span>
     <span class='ocr_line' id='line_1_19' title="bbox 132 1827 1028 1893; baseline -0.004 -15"><span class='ocrx_word' id='word_1_189' title='bbox 132 1829 212 1889; x_wconf 85' lang='lat' dir='ltr'>cisse,</span> <span class='ocrx_word' id='word_1_190' title='bbox 232 1834 261 1878; x_wconf 90' lang='lat' dir='ltr'>ut</span> <span class='ocrx_word' id='word_1_191' title='bbox 278 1827 311 1878; x_wconf 91' lang='lat' dir='ltr'>de</span> <span class='ocrx_word' id='word_1_192' title='bbox 330 1841 358 1878; x_wconf 86' lang='lat' dir='ltr'>rs</span> <span class='ocrx_word' id='word_1_193' title='bbox 376 1827 479 1878; x_wconf 87' lang='lat' dir='ltr'>ulterius</span> <span class='ocrx_word' id='word_1_194' title='bbox 497 1828 683 1893; x_wconf 83' lang='lat' dir='ltr'>persequenda,</span> <span class='ocrx_word' id='word_1_195' title='bbox 703 1843 753 1877; x_wconf 92' lang='lat' dir='ltr'>uon</span> <span class='ocrx_word' id='word_1_196' title='bbox 772 1827 877 1890; x_wconf 85' lang='lat' dir='ltr'>amplius</span> <span class='ocrx_word' id='word_1_197' title='bbox 896 1827 1028 1891; x_wconf 86' lang='lat' dir='ltr'>cogitaret.</span> 
     </span>
    </p>

    <p class='ocr_par' dir='ltr' id='par_1_8' title="bbox 129 1896 1499 2035">
     <span class='ocr_line' id='line_1_20' title="bbox 204 1896 1499 1966; baseline 0.002 -18"><span class='ocrx_word' id='word_1_198' title='bbox 204 1899 302 1949; x_wconf 76' lang='lat' dir='ltr'>Tabula</span> <span class='ocrx_word' id='word_1_199' title='bbox 321 1898 422 1962; x_wconf 70' lang='lat' dir='ltr'>adjectu</span> <span class='ocrx_word' id='word_1_200' title='bbox 439 1898 518 1949; x_wconf 90' lang='lat' dir='ltr'>solum</span> <span class='ocrx_word' id='word_1_201' title='bbox 536 1907 650 1963; x_wconf 89' lang='lat' dir='ltr'>superest</span> <span class='ocrx_word' id='word_1_202' title='bbox 668 1901 794 1962; x_wconf 77' lang='lat' dir='ltr'>specimen</span> <span class='ocrx_word' id='word_1_203' title='bbox 814 1898 951 1948; x_wconf 73' lang='lat' dir='ltr'>conaminis</span> <span class='ocrx_word' id='word_1_204' title='bbox 967 1896 1098 1959; x_wconf 76' lang='lat' dir='ltr'>Jureuilis,</span> <span class='ocrx_word' id='word_1_205' title='bbox 1123 1898 1188 1962; x_wconf 88' lang='lat' dir='ltr'>quod</span> <span class='ocrx_word' id='word_1_206' title='bbox 1205 1898 1307 1957; x_wconf 84' lang='lat' dir='ltr'>literae.</span> <span class='ocrx_word' id='word_1_207' title='bbox 1333 1914 1394 1964; x_wconf 82' lang='lat' dir='ltr'>quus</span> <span class='ocrx_word' id='word_1_208' title='bbox 1412 1915 1499 1966; x_wconf 87' lang='lat' dir='ltr'>propo·</span> 
     </span>
     <span class='ocr_line' id='line_1_21' title="bbox 129 1968 677 2035; baseline -0.004 -14"><span class='ocrx_word' id='word_1_209' title='bbox 129 1973 237 2027; x_wconf 83' lang='lat' dir='ltr'>suimus,</span> <span class='ocrx_word' id='word_1_210' title='bbox 255 1970 364 2035; x_wconf 87' lang='lat' dir='ltr'>pluribus</span> <span class='ocrx_word' id='word_1_211' title='bbox 383 1968 500 2020; x_wconf 78' lang='lat' dir='ltr'>exhibent</span> <span class='ocrx_word' id='word_1_212' title='bbox 519 1970 677 2034; x_wconf 88' lang='lat' dir='ltr'>descriptum.</span> 
     </span>
    </p>

    <p class='ocr_par' dir='ltr' id='par_1_9' title="bbox 200 2040 680 2106">
     <span class='ocr_line' id='line_1_22' title="bbox 200 2040 680 2106; baseline -0.002 -15"><span class='ocrx_word' id='word_1_213' title='bbox 200 2040 321 2091; x_wconf 85' lang='lat' dir='ltr'>Redimus</span> <span class='ocrx_word' id='word_1_214' title='bbox 339 2040 373 2090; x_wconf 84' lang='lat' dir='ltr'>sd</span> <span class='ocrx_word' id='word_1_215' title='bbox 391 2055 452 2104; x_wconf 89' lang='lat' dir='ltr'>opus</span> <span class='ocrx_word' id='word_1_216' title='bbox 469 2042 598 2106; x_wconf 82' lang='lat' dir='ltr'>Kepleri&#39;</span> <span class='ocrx_word' id='word_1_217' title='bbox 592 2056 680 2105; x_wconf 91' lang='lat' dir='ltr'>rpsum.</span> 
     </span>
    </p>
   </div>
   <div class='ocr_carea' id='block_1_7' title="bbox 125 2088 1553 2890">
    <p class='ocr_par' dir='ltr' id='par_1_10' title="bbox 125 2088 1553 2890">
     <span class='ocr_line' id='line_1_23' title="bbox 202 2088 1499 2198; baseline 0.005 -20"><span class='ocrx_word' id='word_1_218' title='bbox 202 2128 269 2189; x_wconf 83' lang='lat' dir='ltr'>Quid</span> <span class='ocrx_word' id='word_1_219' title='bbox 287 2131 438 2193; x_wconf 80' lang='lat' dir='ltr'>spectaverit</span> <span class='ocrx_word' id='word_1_220' title='bbox 457 2130 523 2180; x_wconf 90' lang='lat' dir='ltr'>edito</span> <span class='ocrx_word' id='word_1_221' title='bbox 541 2131 588 2180; x_wconf 90' lang='lat' dir='ltr'>hoc</span> <span class='ocrx_word' id='word_1_222' title='bbox 607 2144 680 2194; x_wconf 91' lang='lat' dir='ltr'>opere</span> <span class='ocrx_word' id='word_1_223' title='bbox 699 2128 841 2192; x_wconf 82' lang='lat' dir='ltr'>Keplerus,</span> <span class='ocrx_word' id='word_1_224' title='bbox 867 2128 925 2192; x_wconf 90' lang='lat' dir='ltr'>quid</span> <span class='ocrx_word' id='word_1_225' title='bbox 949 2088 990 2177; x_wconf 84' lang='lat' dir='ltr'>alii</span> <span class='ocrx_word' id='word_1_226' title='bbox 1015 2128 1046 2177; x_wconf 94' lang='lat' dir='ltr'>de</span> <span class='ocrx_word' id='word_1_227' title='bbox 1065 2143 1093 2177; x_wconf 91' lang='lat' dir='ltr'>eo</span> <span class='ocrx_word' id='word_1_228' title='bbox 1109 2128 1291 2190; x_wconf 72' lang='lat' dir='ltr'>iudicaverint,</span> <span class='ocrx_word' id='word_1_229' title='bbox 1317 2145 1347 2179; x_wconf 96' lang='grc' dir='ltr'>ιι</span> <span class='ocrx_word' id='word_1_230' title='bbox 1366 2132 1409 2187; x_wconf 87' lang='grc' dir='ltr'><strong>ιιι,</strong></span> <span class='ocrx_word' id='word_1_231' title='bbox 1434 2145 1499 2198; x_wconf 75' lang='lat' dir='ltr'>quus</span> 
     </span>
     <span class='ocr_line' id='line_1_24' title="bbox 129 2218 1499 2284; baseline 0.003 -15"><span class='ocrx_word' id='word_1_232' title='bbox 129 2219 310 2283; x_wconf 69' lang='lat' dir='ltr'>praemisimus,</span> <span class='ocrx_word' id='word_1_233' title='bbox 330 2218 421 2268; x_wconf 89' lang='lat' dir='ltr'>elucet.</span> <span class='ocrx_word' id='word_1_234' title='bbox 459 2220 541 2284; x_wconf 76' lang='lat' dir='ltr'>Atque</span> <span class='ocrx_word' id='word_1_235' title='bbox 560 2219 752 2274; x_wconf 82' lang='lat' dir='ltr'>adolescentem,</span> <span class='ocrx_word' id='word_1_236' title='bbox 773 2232 865 2266; x_wconf 85' lang='lat' dir='ltr'>anuum</span> <span class='ocrx_word' id='word_1_237' title='bbox 884 2225 936 2266; x_wconf 89' lang='lat' dir='ltr'>tum</span> <span class='ocrx_word' id='word_1_238' title='bbox 958 2219 1065 2267; x_wconf 83' lang='lat' dir='ltr'>maxime</span> <span class='ocrx_word' id='word_1_239' title='bbox 1084 2223 1202 2282; x_wconf 79' lang='lat' dir='ltr'>agentem</span> <span class='ocrx_word' id='word_1_240' title='bbox 1221 2219 1365 2269; x_wconf 78' lang='lat' dir='ltr'>vicesimum</span> <span class='ocrx_word' id='word_1_241' title='bbox 1384 2223 1499 2284; x_wconf 86' lang='lat' dir='ltr'>quintum</span> 
     </span>
     <span class='ocr_line' id='line_1_25' title="bbox 127 2307 1500 2372; baseline 0.003 -15"><span class='ocrx_word' id='word_1_242' title='bbox 127 2322 178 2358; x_wconf 96' lang='grc' dir='ltr'>ιιι</span> <span class='ocrx_word' id='word_1_243' title='bbox 197 2314 392 2358; x_wconf 72' lang='lat' dir='ltr'>astronomorum</span> <span class='ocrx_word' id='word_1_244' title='bbox 410 2314 518 2370; x_wconf 83' lang='lat' dir='ltr'>tuntum,</span> <span class='ocrx_word' id='word_1_245' title='bbox 536 2307 580 2358; x_wconf 88' lang='lat' dir='ltr'>sed</span> <span class='ocrx_word' id='word_1_246' title='bbox 599 2309 675 2358; x_wconf 84' lang='lat' dir='ltr'>eciem</span> <span class='ocrx_word' id='word_1_247' title='bbox 694 2308 813 2363; x_wconf 85' lang='lat' dir='ltr'>virorum,</span> <span class='ocrx_word' id='word_1_248' title='bbox 832 2308 874 2369; x_wconf 87' lang='lat' dir='ltr'>qui</span> <span class='ocrx_word' id='word_1_249' title='bbox 893 2307 944 2355; x_wconf 84' lang='lat' dir='ltr'>alia</span> <span class='ocrx_word' id='word_1_250' title='bbox 962 2307 1090 2356; x_wconf 84' lang='lat' dir='ltr'>doctrinae</span> <span class='ocrx_word' id='word_1_251' title='bbox 1109 2320 1203 2372; x_wconf 81' lang='lat' dir='ltr'>genens</span> <span class='ocrx_word' id='word_1_252' title='bbox 1222 2307 1352 2366; x_wconf 83' lang='lat' dir='ltr'>calebunt,</span> <span class='ocrx_word' id='word_1_253' title='bbox 1372 2310 1456 2360; x_wconf 82' lang='lat' dir='ltr'>oculos</span> <span class='ocrx_word' id='word_1_254' title='bbox 1473 2311 1500 2361; x_wconf 88' lang='lat' dir='ltr'>lu</span> 
     </span>
     <span class='ocr_line' id='line_1_26' title="bbox 126 2394 1498 2462; baseline 0.002 -17"><span class='ocrx_word' id='word_1_255' title='bbox 126 2410 155 2445; x_wconf 89' lang='lat' dir='ltr'>se</span> <span class='ocrx_word' id='word_1_256' title='bbox 174 2397 324 2446; x_wconf 83' lang='lat' dir='ltr'>convertisse</span> <span class='ocrx_word' id='word_1_257' title='bbox 346 2398 400 2462; x_wconf 83' lang='lat' dir='ltr'>quis</span> <span class='ocrx_word' id='word_1_258' title='bbox 419 2402 465 2456; x_wconf 84' lang='lat' dir='ltr'>est,</span> <span class='ocrx_word' id='word_1_259' title='bbox 485 2398 526 2462; x_wconf 86' lang='lat' dir='ltr'>qui</span> <span class='ocrx_word' id='word_1_260' title='bbox 547 2395 668 2446; x_wconf 83' lang='lat' dir='ltr'>miretur?</span> <span class='ocrx_word' id='word_1_261' title='bbox 705 2395 819 2460; x_wconf 89' lang='lat' dir='ltr'>Denique</span> <span class='ocrx_word' id='word_1_262' title='bbox 839 2410 869 2444; x_wconf 89' lang='grc' dir='ltr'>ιι</span> <span class='ocrx_word' id='word_1_263' title='bbox 887 2394 936 2444; x_wconf 90' lang='lat' dir='ltr'>illis</span> <span class='ocrx_word' id='word_1_264' title='bbox 953 2395 1029 2444; x_wconf 83' lang='lat' dir='ltr'>initiis</span> <span class='ocrx_word' id='word_1_265' title='bbox 1047 2394 1156 2458; x_wconf 86' lang='lat' dir='ltr'>proiecto</span> <span class='ocrx_word' id='word_1_266' title='bbox 1176 2394 1208 2444; x_wconf 83' lang='lat' dir='ltr'>sd</span> <span class='ocrx_word' id='word_1_267' title='bbox 1227 2395 1309 2452; x_wconf 85' lang='lat' dir='ltr'>illem,</span> <span class='ocrx_word' id='word_1_268' title='bbox 1334 2411 1383 2461; x_wconf 86' lang='lat' dir='ltr'>qua</span> <span class='ocrx_word' id='word_1_269' title='bbox 1401 2400 1437 2447; x_wconf 88' lang='grc' dir='ltr'>ιιι</span> <span class='ocrx_word' id='word_1_270' title='bbox 1453 2399 1498 2448; x_wconf 83' lang='lat' dir='ltr'>do·</span> 
     </span>
     <span class='ocr_line' id='line_1_27' title="bbox 127 2482 1499 2552; baseline 0.001 -17"><span class='ocrx_word' id='word_1_271' title='bbox 127 2486 189 2541; x_wconf 88' lang='lat' dir='ltr'>ruit,</span> <span class='ocrx_word' id='word_1_272' title='bbox 212 2485 315 2552; x_wconf 82' lang='lat' dir='ltr'>gloriam</span> <span class='ocrx_word' id='word_1_273' title='bbox 333 2486 552 2537; x_wconf 81' lang='lat' dir='ltr'>etauctoritatem</span> <span class='ocrx_word' id='word_1_274' title='bbox 579 2486 627 2534; x_wconf 92' lang='lat' dir='ltr'>iter</span> <span class='ocrx_word' id='word_1_275' title='bbox 650 2499 704 2534; x_wconf 87' lang='lat' dir='ltr'>esse</span> <span class='ocrx_word' id='word_1_276' title='bbox 730 2484 884 2547; x_wconf 74' lang='lat' dir='ltr'>patefactum</span> <span class='ocrx_word' id='word_1_277' title='bbox 902 2482 1026 2546; x_wconf 82' lang='lat' dir='ltr'>Keplerus</span> <span class='ocrx_word' id='word_1_278' title='bbox 1044 2484 1096 2546; x_wconf 91' lang='lat' dir='ltr'>ipse</span> <span class='ocrx_word' id='word_1_279' title='bbox 1115 2482 1248 2540; x_wconf 88' lang='lat' dir='ltr'>iudicarit,</span> <span class='ocrx_word' id='word_1_280' title='bbox 1274 2485 1383 2548; x_wconf 88' lang='lat' dir='ltr'>quinon</span> <span class='ocrx_word' id='word_1_281' title='bbox 1401 2491 1499 2536; x_wconf 84' lang='lat' dir='ltr'>tautum</span> 
     </span>
     <span class='ocr_line' id='line_1_28' title="bbox 125 2572 1499 2639; baseline 0 -14"><span class='ocrx_word' id='word_1_282' title='bbox 125 2575 220 2639; x_wconf 81' lang='lat' dir='ltr'>passim</span> <span class='ocrx_word' id='word_1_283' title='bbox 238 2575 263 2625; x_wconf 91' lang='lat' dir='ltr'>iu</span> <span class='ocrx_word' id='word_1_284' title='bbox 281 2574 348 2625; x_wconf 82' lang='lat' dir='ltr'>libn&#39;s</span> <span class='ocrx_word' id='word_1_285' title='bbox 366 2575 544 2629; x_wconf 79' lang='lat' dir='ltr'>astronomicis,</span> <span class='ocrx_word' id='word_1_286' title='bbox 565 2575 607 2638; x_wconf 89' lang='lat' dir='ltr'>qui</span> <span class='ocrx_word' id='word_1_287' title='bbox 624 2573 783 2622; x_wconf 90' lang='lat' dir='ltr'>Prodromum</span> <span class='ocrx_word' id='word_1_288' title='bbox 796 2573 970 2637; x_wconf 76' lang='lat' dir='ltr'>sequebantur,</span> <span class='ocrx_word' id='word_1_289' title='bbox 989 2573 1054 2621; x_wconf 89' lang='lat' dir='ltr'>iilius</span> <span class='ocrx_word' id='word_1_290' title='bbox 1067 2572 1217 2622; x_wconf 86' lang='lat' dir='ltr'>mentionem</span> <span class='ocrx_word' id='word_1_291' title='bbox 1237 2574 1340 2630; x_wconf 74' lang='lat' dir='ltr'>iaceret,</span> <span class='ocrx_word' id='word_1_292' title='bbox 1360 2573 1404 2623; x_wconf 91' lang='lat' dir='ltr'>sed</span> <span class='ocrx_word' id='word_1_293' title='bbox 1422 2575 1499 2625; x_wconf 82' lang='lat' dir='ltr'>etism</span> 
     </span>
     <span class='ocr_line' id='line_1_29' title="bbox 126 2644 1553 2728; baseline 0.002 -16"><span class='ocrx_word' id='word_1_294' title='bbox 126 2677 193 2713; x_wconf 85' lang='lat' dir='ltr'>anuo</span> <span class='ocrx_word' id='word_1_295' title='bbox 213 2661 255 2712; x_wconf 76' lang='lat'>2⁵.</span> <span class='ocrx_word' id='word_1_296' title='bbox 274 2671 405 2728; x_wconf 74' lang='lat' dir='ltr'>postquem</span> <span class='ocrx_word' id='word_1_297' title='bbox 422 2665 527 2727; x_wconf 89' lang='lat' dir='ltr'>primurn</span> <span class='ocrx_word' id='word_1_298' title='bbox 545 2663 627 2712; x_wconf 88' lang='lat' dir='ltr'>editus</span> <span class='ocrx_word' id='word_1_299' title='bbox 646 2671 692 2721; x_wconf 82' lang='lat' dir='ltr'>est,</span> <span class='ocrx_word' id='word_1_300' title='bbox 711 2662 777 2712; x_wconf 90' lang='lat' dir='ltr'>huuc</span> <span class='ocrx_word' id='word_1_301' title='bbox 795 2664 885 2711; x_wconf 89' lang='lat' dir='ltr'>iterum</span> <span class='ocrx_word' id='word_1_302' title='bbox 905 2661 1096 2725; x_wconf 91' lang='lat' dir='ltr'>imprimeudum</span> <span class='ocrx_word' id='word_1_303' title='bbox 1109 2667 1215 2711; x_wconf 83' lang='lat' dir='ltr'>curaret</span> <span class='ocrx_word' id='word_1_304' title='bbox 1244 2644 1301 2712; x_wconf 82' lang='lat' dir='ltr'>Hoc</span> <span class='ocrx_word' id='word_1_305' title='bbox 1318 2661 1387 2712; x_wconf 88' lang='lat' dir='ltr'>illum</span> <span class='ocrx_word' id='word_1_306' title='bbox 1404 2654 1498 2727; x_wconf 75' lang='lat' dir='ltr'>pridem</span> <span class='ocrx_word' id='word_1_307' title='bbox 1550 2696 1553 2700; x_wconf 92' lang='lat'><em>-</em></span> 
     </span>
     <span class='ocr_line' id='line_1_30' title="bbox 126 2746 1497 2816; baseline 0.002 -16"><span class='ocrx_word' id='word_1_308' title='bbox 126 2756 270 2816; x_wconf 83' lang='lat' dir='ltr'>spectasse,</span> <span class='ocrx_word' id='word_1_309' title='bbox 295 2751 377 2802; x_wconf 86' lang='lat' dir='ltr'>elucet</span> <span class='ocrx_word' id='word_1_310' title='bbox 394 2765 424 2801; x_wconf 87' lang='grc' dir='ltr'>ιι</span> <span class='ocrx_word' id='word_1_311' title='bbox 442 2751 494 2808; x_wconf 87' lang='lat' dir='ltr'>his,</span> <span class='ocrx_word' id='word_1_312' title='bbox 513 2765 579 2816; x_wconf 82' lang='lat' dir='ltr'>quse</span> <span class='ocrx_word' id='word_1_313' title='bbox 600 2752 626 2800; x_wconf 92' lang='lat' dir='ltr'>in</span> <span class='ocrx_word' id='word_1_314' title='bbox 648 2751 708 2801; x_wconf 90' lang='lat' dir='ltr'>libro</span> <span class='ocrx_word' id='word_1_315' title='bbox 727 2750 758 2800; x_wconf 91' lang='lat' dir='ltr'>de</span> <span class='ocrx_word' id='word_1_316' title='bbox 777 2757 845 2799; x_wconf 92' lang='lat' dir='ltr'>motu</span> <span class='ocrx_word' id='word_1_317' title='bbox 864 2750 951 2800; x_wconf 86' lang='lat' dir='ltr'>stellae</span> <span class='ocrx_word' id='word_1_318' title='bbox 970 2749 1058 2799; x_wconf 82' lang='lat' dir='ltr'>Martis</span> <span class='ocrx_word' id='word_1_319' title='bbox 1078 2747 1159 2813; x_wconf 84' lang='lat' dir='ltr'>(impr.</span> <span class='ocrx_word' id='word_1_320' title='bbox 1180 2764 1203 2800; x_wconf 82' lang='lat' dir='ltr'>a.</span> <span class='ocrx_word' id='word_1_321' title='bbox 1225 2746 1306 2810; x_wconf 82' lang='grc'>1009)</span> <span class='ocrx_word' id='word_1_322' title='bbox 1326 2757 1352 2800; x_wconf 83' lang='grc' dir='ltr'>ιι</span> <span class='ocrx_word' id='word_1_323' title='bbox 1370 2753 1395 2801; x_wconf 87' lang='grc' dir='ltr'>ιι</span> <span class='ocrx_word' id='word_1_324' title='bbox 1416 2751 1497 2812; x_wconf 77' lang='lat' dir='ltr'>„Har-</span> 
     </span>
     <span class='ocr_line' id='line_1_31' title="bbox 126 2839 491 2890; baseline -0.003 -1"><span class='ocrx_word' id='word_1_325' title='bbox 126 2839 228 2890; x_wconf 75' lang='lat' dir='ltr'>monia¹⁶</span> <span class='ocrx_word' id='word_1_326' title='bbox 248 2846 379 2890; x_wconf 78' lang='lat' dir='ltr'>occurrunt</span> <span class='ocrx_word' id='word_1_327' title='bbox 395 2841 491 2890; x_wconf 87' lang='lat' dir='ltr'>serbis:</span> 
     </span>
    </p>
   </div>
   <div class='ocr_carea' id='block_1_8' title="bbox 125 2927 1560 3278">
    <p class='ocr_par' dir='ltr' id='par_1_11' title="bbox 125 2927 1560 3278">
     <span class='ocr_line' id='line_1_32' title="bbox 219 2927 1494 3012; baseline 0 -20"><span class='ocrx_word' id='word_1_328' title='bbox 219 2928 273 3005; x_wconf 84' lang='lat' dir='ltr'>„Si</span> <span class='ocrx_word' id='word_1_329' title='bbox 289 2930 491 3009; x_wconf 79' lang='lat' dir='ltr'>supervixero,</span> <span class='ocrx_word' id='word_1_330' title='bbox 518 2929 618 3012; x_wconf 90' lang='lat' dir='ltr'>quoed</span> <span class='ocrx_word' id='word_1_331' title='bbox 634 2929 819 2990; x_wconf 86' lang='lat' dir='ltr'>astronomia</span> <span class='ocrx_word' id='word_1_332' title='bbox 834 2947 918 2990; x_wconf 89' lang='lat' dir='ltr'>suam</span> <span class='ocrx_word' id='word_1_333' title='bbox 936 2927 1100 3008; x_wconf 88' lang='lat' dir='ltr'>puritatem</span> <span class='ocrx_word' id='word_1_334' title='bbox 1123 2936 1154 2989; x_wconf 88' lang='lat' dir='ltr'>et</span> <span class='ocrx_word' id='word_1_335' title='bbox 1176 2928 1392 3008; x_wconf 85' lang='lat' dir='ltr'>perfectionem</span> <span class='ocrx_word' id='word_1_336' title='bbox 1416 2950 1494 2992; x_wconf 89' lang='lat' dir='ltr'>nau·</span> 
     </span>
     <span class='ocr_line' id='line_1_33' title="bbox 126 3017 1494 3099; baseline 0 -18"><span class='ocrx_word' id='word_1_337' title='bbox 126 3020 270 3092; x_wconf 81' lang='lat' dir='ltr'>niscatur,</span> <span class='ocrx_word' id='word_1_338' title='bbox 296 3025 330 3079; x_wconf 92' lang='lat' dir='ltr'>ut</span> <span class='ocrx_word' id='word_1_339' title='bbox 352 3017 382 3080; x_wconf 90' lang='lat' dir='ltr'>iu</span> <span class='ocrx_word' id='word_1_340' title='bbox 406 3038 509 3094; x_wconf 89' lang='lat' dir='ltr'>causa,</span> <span class='ocrx_word' id='word_1_341' title='bbox 535 3038 624 3099; x_wconf 89' lang='lat' dir='ltr'>quam</span> <span class='ocrx_word' id='word_1_342' title='bbox 648 3018 678 3079; x_wconf 92' lang='lat' dir='ltr'>in</span> <span class='ocrx_word' id='word_1_343' title='bbox 702 3018 755 3080; x_wconf 92' lang='lat' dir='ltr'>illo</span> <span class='ocrx_word' id='word_1_344' title='bbox 781 3018 882 3079; x_wconf 85' lang='lat' dir='ltr'>libello</span> <span class='ocrx_word' id='word_1_345' title='bbox 907 3018 945 3078; x_wconf 92' lang='lat' dir='ltr'>ad</span> <span class='ocrx_word' id='word_1_346' title='bbox 970 3017 1033 3095; x_wconf 89' lang='lat' dir='ltr'>ejus</span> <span class='ocrx_word' id='word_1_347' title='bbox 1053 3018 1183 3079; x_wconf 88' lang='lat' dir='ltr'>tribuual</span> <span class='ocrx_word' id='word_1_348' title='bbox 1208 3018 1336 3088; x_wconf 84' lang='lat' dir='ltr'>devolvi,</span> <span class='ocrx_word' id='word_1_349' title='bbox 1361 3038 1494 3098; x_wconf 88' lang='lat' dir='ltr'>pronun-</span> 
     </span>
     <span class='ocr_line' id='line_1_34' title="bbox 125 3104 1560 3188; baseline 0.001 -18"><span class='ocrx_word' id='word_1_350' title='bbox 125 3108 200 3170; x_wconf 85' lang='lat' dir='ltr'>ciari</span> <span class='ocrx_word' id='word_1_351' title='bbox 223 3107 332 3188; x_wconf 88' lang='lat' dir='ltr'>possit,</span> <span class='ocrx_word' id='word_1_352' title='bbox 355 3107 502 3187; x_wconf 83' lang='lat' dir='ltr'>polliceor</span> <span class='ocrx_word' id='word_1_353' title='bbox 526 3108 641 3182; x_wconf 86' lang='lat' dir='ltr'>lectori,</span> <span class='ocrx_word' id='word_1_354' title='bbox 667 3126 713 3168; x_wconf 89' lang='lat' dir='ltr'>me</span> <span class='ocrx_word' id='word_1_355' title='bbox 730 3104 872 3169; x_wconf 77' lang='lat' dir='ltr'>¹libellum</span> <span class='ocrx_word' id='word_1_356' title='bbox 887 3106 970 3167; x_wconf 88' lang='lat' dir='ltr'>iilum</span> <span class='ocrx_word' id='word_1_357' title='bbox 986 3114 1229 3181; x_wconf 87' lang='lat' dir='ltr'>retractaturum,</span> <span class='ocrx_word' id='word_1_358' title='bbox 1255 3115 1286 3168; x_wconf 88' lang='lat' dir='ltr'>et</span> <span class='ocrx_word' id='word_1_359' title='bbox 1301 3107 1492 3185; x_wconf 87' lang='lat' dir='ltr'>confirmatis,</span> <span class='ocrx_word' id='word_1_360' title='bbox 1558 3144 1560 3151; x_wconf 38' lang='lat' dir='ltr'><em>s</em></span> 
     </span>
     <span class='ocr_line' id='line_1_35' title="bbox 126 3194 1441 3278; baseline 0 -20"><span class='ocrx_word' id='word_1_361' title='bbox 126 3216 203 3278; x_wconf 82' lang='lat' dir='ltr'>quae</span> <span class='ocrx_word' id='word_1_362' title='bbox 227 3216 301 3258; x_wconf 88' lang='lat' dir='ltr'>vera</span> <span class='ocrx_word' id='word_1_363' title='bbox 324 3195 523 3276; x_wconf 86' lang='lat' dir='ltr'>deprehendi,</span> <span class='ocrx_word' id='word_1_364' title='bbox 547 3197 678 3276; x_wconf 87' lang='lat' dir='ltr'>reliqua,</span> <span class='ocrx_word' id='word_1_365' title='bbox 704 3214 780 3276; x_wconf 87' lang='lat' dir='ltr'>quae</span> <span class='ocrx_word' id='word_1_366' title='bbox 805 3215 892 3257; x_wconf 90' lang='lat' dir='ltr'>secus</span> <span class='ocrx_word' id='word_1_367' title='bbox 915 3194 1042 3268; x_wconf 88' lang='lat' dir='ltr'>habent,</span> <span class='ocrx_word' id='word_1_368' title='bbox 1068 3196 1198 3258; x_wconf 85' lang='lat' dir='ltr'>fideliter</span> <span class='ocrx_word' id='word_1_369' title='bbox 1222 3197 1441 3260; x_wconf 80' lang='lat' dir='ltr'>detenturum.“</span> 
     </span>
    </p>
   </div>
   <div class='ocr_carea' id='block_1_9' title="bbox 128 3322 1493 3492">
    <p class='ocr_par' dir='ltr' id='par_1_12' title="bbox 128 3322 1493 3492">
     <span class='ocr_line' id='line_1_36' title="bbox 198 3322 1492 3404; baseline -0.001 -17"><span class='ocrx_word' id='word_1_370' title='bbox 198 3336 228 3387; x_wconf 85' lang='lat' dir='ltr'>In</span> <span class='ocrx_word' id='word_1_371' title='bbox 247 3337 307 3387; x_wconf 91' lang='lat' dir='ltr'>libro</span> <span class='ocrx_word' id='word_1_372' title='bbox 319 3336 352 3387; x_wconf 89' lang='grc' dir='ltr'>ΙΙ.</span> <span class='ocrx_word' id='word_1_373' title='bbox 365 3353 435 3403; x_wconf 92' lang='lat' dir='ltr'>prop.</span> <span class='ocrx_word' id='word_1_374' title='bbox 449 3335 482 3388; x_wconf 82' lang='lat'>25</span> <span class='ocrx_word' id='word_1_375' title='bbox 506 3337 691 3397; x_wconf 75' lang='grc' dir='ltr'>Ι,ιιιιιιιιιιι“</span> <span class='ocrx_word' id='word_1_376' title='bbox 706 3337 792 3402; x_wconf 85' lang='lat' dir='ltr'>paucis</span> <span class='ocrx_word' id='word_1_377' title='bbox 805 3341 999 3387; x_wconf 87' lang='lat' dir='ltr'>commemorans</span> <span class='ocrx_word' id='word_1_378' title='bbox 1011 3336 1168 3396; x_wconf 80' lang='lat' dir='ltr'>„Prodromi“</span> <span class='ocrx_word' id='word_1_379' title='bbox 1189 3345 1371 3404; x_wconf 79' lang='lat' dir='ltr'>argumentum,</span> <span class='ocrx_word' id='word_1_380' title='bbox 1389 3322 1492 3399; x_wconf 81' lang='lat' dir='ltr'>„nihil,</span> 
     </span>
     <span class='ocr_line' id='line_1_37' title="bbox 128 3409 1493 3492; baseline 0.002 -21"><span class='ocrx_word' id='word_1_381' title='bbox 128 3410 236 3490; x_wconf 92' lang='lat' dir='ltr'>iuquit,</span> <span class='ocrx_word' id='word_1_382' title='bbox 261 3409 452 3489; x_wconf 84' lang='lat' dir='ltr'>plausibilius</span> <span class='ocrx_word' id='word_1_383' title='bbox 466 3410 562 3472; x_wconf 88' lang='lat' dir='ltr'>videri</span> <span class='ocrx_word' id='word_1_384' title='bbox 576 3411 685 3491; x_wconf 88' lang='lat' dir='ltr'>potuit,</span> <span class='ocrx_word' id='word_1_385' title='bbox 711 3428 800 3489; x_wconf 89' lang='lat' dir='ltr'>quam</span> <span class='ocrx_word' id='word_1_386' title='bbox 815 3427 868 3469; x_wconf 82' lang='lat' dir='ltr'>sex</span> <span class='ocrx_word' id='word_1_387' title='bbox 887 3409 1064 3471; x_wconf 87' lang='lat' dir='ltr'>coelestium</span> <span class='ocrx_word' id='word_1_388' title='bbox 1084 3410 1198 3471; x_wconf 88' lang='lat' dir='ltr'>orbium</span> <span class='ocrx_word' id='word_1_389' title='bbox 1218 3411 1380 3472; x_wconf 86' lang='lat' dir='ltr'>intervalia</span> <span class='ocrx_word' id='word_1_390' title='bbox 1404 3412 1493 3492; x_wconf 86' lang='lat' dir='ltr'>quin·</span> 
     </span>
    </p>
   </div>
   <div class='ocr_carea' id='block_1_10' title="bbox 127 3497 1587 4470">
    <p class='ocr_par' dir='ltr' id='par_1_13' title="bbox 128 3497 1495 4102">
     <span class='ocr_line' id='line_1_38' title="bbox 128 3497 1493 3581; baseline 0.001 -20"><span class='ocrx_word' id='word_1_391' title='bbox 128 3518 186 3581; x_wconf 93' lang='lat' dir='ltr'>que</span> <span class='ocrx_word' id='word_1_392' title='bbox 211 3517 249 3559; x_wconf 81' lang='lat' dir='ltr'>ex</span> <span class='ocrx_word' id='word_1_393' title='bbox 273 3498 401 3580; x_wconf 90' lang='lat' dir='ltr'>quinque</span> <span class='ocrx_word' id='word_1_394' title='bbox 431 3499 534 3579; x_wconf 87' lang='lat' dir='ltr'>figuris</span> <span class='ocrx_word' id='word_1_395' title='bbox 568 3499 772 3580; x_wconf 80' lang='lat' dir='ltr'>(corporibus)</span> <span class='ocrx_word' id='word_1_396' title='bbox 804 3517 871 3559; x_wconf 92' lang='lat' dir='ltr'>esse</span> <span class='ocrx_word' id='word_1_397' title='bbox 905 3497 1045 3560; x_wconf 90' lang='lat' dir='ltr'>desumta</span> <span class='ocrx_word' id='word_1_398' title='bbox 1078 3520 1096 3559; x_wconf 89' lang='lat' dir='ltr'>a</span> <span class='ocrx_word' id='word_1_399' title='bbox 1125 3507 1260 3560; x_wconf 88' lang='lat' dir='ltr'>creatore</span> <span class='ocrx_word' id='word_1_400' title='bbox 1407 3500 1493 3563; x_wconf 88' lang='lat' dir='ltr'>Haec</span> 
     </span>
     <span class='ocr_line' id='line_1_39' title="bbox 128 3585 1493 3668; baseline 0.001 -19"><span class='ocrx_word' id='word_1_401' title='bbox 128 3587 305 3649; x_wconf 85' lang='lat' dir='ltr'>distributio</span> <span class='ocrx_word' id='word_1_402' title='bbox 329 3587 460 3650; x_wconf 87' lang='lat' dir='ltr'>numeris</span> <span class='ocrx_word' id='word_1_403' title='bbox 484 3588 634 3668; x_wconf 87' lang='lat' dir='ltr'>explorari</span> <span class='ocrx_word' id='word_1_404' title='bbox 658 3595 771 3668; x_wconf 89' lang='lat' dir='ltr'>potest,</span> <span class='ocrx_word' id='word_1_405' title='bbox 795 3585 1010 3648; x_wconf 87' lang='lat' dir='ltr'>necessitatem</span> <span class='ocrx_word' id='word_1_406' title='bbox 1034 3587 1133 3659; x_wconf 89' lang='lat' dir='ltr'>infert,</span> <span class='ocrx_word' id='word_1_407' title='bbox 1159 3605 1314 3666; x_wconf 90' lang='lat' dir='ltr'>corporum</span> <span class='ocrx_word' id='word_1_408' title='bbox 1338 3607 1493 3651; x_wconf 88' lang='lat' dir='ltr'>numerum</span> 
     </span>
     <span class='ocr_line' id='line_1_40' title="bbox 129 3675 1492 3756; baseline 0.001 -18"><span class='ocrx_word' id='word_1_409' title='bbox 129 3694 188 3738; x_wconf 92' lang='grc' dir='ltr'>ιιι</span> <span class='ocrx_word' id='word_1_410' title='bbox 213 3676 363 3756; x_wconf 87' lang='lat' dir='ltr'>conquirit</span> <span class='ocrx_word' id='word_1_411' title='bbox 386 3675 485 3752; x_wconf 89' lang='lat' dir='ltr'>auxie,</span> <span class='ocrx_word' id='word_1_412' title='bbox 510 3678 561 3737; x_wconf 88' lang='lat' dir='ltr'>sed</span> <span class='ocrx_word' id='word_1_413' title='bbox 585 3677 740 3738; x_wconf 87' lang='lat' dir='ltr'>inventum</span> <span class='ocrx_word' id='word_1_414' title='bbox 759 3683 902 3755; x_wconf 80' lang='lat' dir='ltr'>occupat3</span> <span class='ocrx_word' id='word_1_415' title='bbox 926 3675 1053 3755; x_wconf 87' lang='lat' dir='ltr'>denique</span> <span class='ocrx_word' id='word_1_416' title='bbox 1077 3676 1121 3737; x_wconf 86' lang='lat' dir='ltr'>sic</span> <span class='ocrx_word' id='word_1_417' title='bbox 1144 3685 1193 3737; x_wconf 90' lang='lat' dir='ltr'>est</span> <span class='ocrx_word' id='word_1_418' title='bbox 1215 3676 1372 3750; x_wconf 87' lang='lat' dir='ltr'>instructa,</span> <span class='ocrx_word' id='word_1_419' title='bbox 1397 3685 1432 3739; x_wconf 91' lang='lat' dir='ltr'>ut</span> <span class='ocrx_word' id='word_1_420' title='bbox 1454 3677 1492 3739; x_wconf 90' lang='lat' dir='ltr'>ab</span> 
     </span>
     <span class='ocr_line' id='line_1_41' title="bbox 129 3761 1495 3845; baseline 0.001 -19"><span class='ocrx_word' id='word_1_421' title='bbox 129 3766 176 3828; x_wconf 90' lang='lat' dir='ltr'>his</span> <span class='ocrx_word' id='word_1_422' title='bbox 201 3765 288 3827; x_wconf 89' lang='lat' dir='ltr'>anuis</span> <span class='ocrx_word' id='word_1_423' title='bbox 312 3761 355 3826; x_wconf 82' lang='lat'>22</span> <span class='ocrx_word' id='word_1_424' title='bbox 379 3783 436 3826; x_wconf 92' lang='grc' dir='ltr'>ιιι</span> <span class='ocrx_word' id='word_1_425' title='bbox 461 3772 581 3826; x_wconf 88' lang='lat' dir='ltr'>tantum</span> <span class='ocrx_word' id='word_1_426' title='bbox 605 3767 718 3827; x_wconf 89' lang='lat' dir='ltr'>nulium</span> <span class='ocrx_word' id='word_1_427' title='bbox 742 3764 890 3826; x_wconf 86' lang='lat' dir='ltr'>invenerit</span> <span class='ocrx_word' id='word_1_428' title='bbox 918 3773 1174 3844; x_wconf 84' lang='lat' dir='ltr'>oppugnatorem,</span> <span class='ocrx_word' id='word_1_429' title='bbox 1209 3764 1262 3827; x_wconf 86' lang='lat' dir='ltr'>sed</span> <span class='ocrx_word' id='word_1_430' title='bbox 1291 3764 1384 3826; x_wconf 86' lang='lat' dir='ltr'>etiam</span> <span class='ocrx_word' id='word_1_431' title='bbox 1412 3765 1495 3845; x_wconf 86' lang='lat' dir='ltr'>ipsos</span> 
     </span>
     <span class='ocr_line' id='line_1_42' title="bbox 128 3846 1493 3935; baseline 0 -19"><span class='ocrx_word' id='word_1_432' title='bbox 128 3853 235 3927; x_wconf 79' lang='lat' dir='ltr'>Remi,</span> <span class='ocrx_word' id='word_1_433' title='bbox 263 3853 478 3916; x_wconf 88' lang='lat' dir='ltr'>inconsiderati</span> <span class='ocrx_word' id='word_1_434' title='bbox 507 3855 646 3935; x_wconf 90' lang='lat' dir='ltr'>magistri</span> <span class='ocrx_word' id='word_1_435' title='bbox 671 3862 704 3916; x_wconf 89' lang='lat' dir='ltr'>et</span> <span class='ocrx_word' id='word_1_436' title='bbox 725 3852 1014 3932; x_wconf 87' lang='lat' dir='ltr'>Euclideomastigis</span> <span class='ocrx_word' id='word_1_437' title='bbox 1045 3853 1207 3932; x_wconf 89' lang='lat' dir='ltr'>discipulos</span> <span class='ocrx_word' id='word_1_438' title='bbox 1228 3846 1271 3924; x_wconf 77' lang='lat'>²⁸)</span> <span class='ocrx_word' id='word_1_439' title='bbox 1299 3853 1493 3933; x_wconf 81' lang='lat' dir='ltr'>pertraxerit,</span> 
     </span>
     <span class='ocr_line' id='line_1_43' title="bbox 130 3940 1493 4024; baseline 0 -19"><span class='ocrx_word' id='word_1_440' title='bbox 130 3943 278 4024; x_wconf 90' lang='lat' dir='ltr'>hodieque</span> <span class='ocrx_word' id='word_1_441' title='bbox 301 3951 366 4004; x_wconf 88' lang='lat' dir='ltr'>tarn</span> <span class='ocrx_word' id='word_1_442' title='bbox 389 3944 500 4004; x_wconf 83' lang='lat' dir='ltr'>multos</span> <span class='ocrx_word' id='word_1_443' title='bbox 524 3944 696 4022; x_wconf 90' lang='lat' dir='ltr'>pertrahat,</span> <span class='ocrx_word' id='word_1_444' title='bbox 721 3951 755 4005; x_wconf 91' lang='lat' dir='ltr'>ut</span> <span class='ocrx_word' id='word_1_445' title='bbox 776 3944 838 4023; x_wconf 87' lang='lat' dir='ltr'>jam</span> <span class='ocrx_word' id='word_1_446' title='bbox 863 3944 974 4005; x_wconf 90' lang='lat' dir='ltr'>dudum</span> <span class='ocrx_word' id='word_1_447' title='bbox 997 3942 1160 4003; x_wconf 88' lang='lat' dir='ltr'>secundam</span> <span class='ocrx_word' id='word_1_448' title='bbox 1183 3940 1345 4003; x_wconf 91' lang='lat' dir='ltr'>editionem</span> <span class='ocrx_word' id='word_1_449' title='bbox 1368 3943 1493 4024; x_wconf 89' lang='lat' dir='ltr'>flagita·</span> 
     </span>
     <span class='ocr_line' id='line_1_44' title="bbox 129 4029 942 4102; baseline 0.001 -11"><span class='ocrx_word' id='word_1_450' title='bbox 129 4032 229 4094; x_wconf 88' lang='lat' dir='ltr'>verint</span> <span class='ocrx_word' id='word_1_451' title='bbox 252 4029 490 4094; x_wconf 82' lang='lat' dir='ltr'>mathematici.“</span> <span class='ocrx_word' id='word_1_452' title='bbox 939 4098 942 4102; x_wconf 11' lang='lat' dir='ltr'>A</span> 
     </span>
    </p>

    <p class='ocr_par' dir='ltr' id='par_1_14' title="bbox 127 4134 1587 4470">
     <span class='ocr_line' id='line_1_45' title="bbox 201 4134 1587 4204; baseline 0 -16"><span class='ocrx_word' id='word_1_453' title='bbox 201 4136 276 4188; x_wconf 81' lang='lat' dir='ltr'>Hunc</span> <span class='ocrx_word' id='word_1_454' title='bbox 295 4137 429 4204; x_wconf 86' lang='lat' dir='ltr'>editionem</span> <span class='ocrx_word' id='word_1_455' title='bbox 447 4137 584 4188; x_wconf 84' lang='lat' dir='ltr'>secundem</span> <span class='ocrx_word' id='word_1_456' title='bbox 601 4137 653 4201; x_wconf 89' lang='lat' dir='ltr'>ipse</span> <span class='ocrx_word' id='word_1_457' title='bbox 666 4135 790 4201; x_wconf 84' lang='lat' dir='ltr'>chlerns</span> <span class='ocrx_word' id='word_1_458' title='bbox 810 4137 904 4188; x_wconf 80' lang='lat' dir='ltr'>curavit</span> <span class='ocrx_word' id='word_1_459' title='bbox 924 4150 990 4186; x_wconf 83' lang='lat' dir='ltr'>anno</span> <span class='ocrx_word' id='word_1_460' title='bbox 1011 4134 1088 4191; x_wconf 81' lang='lat'>1621,</span> <span class='ocrx_word' id='word_1_461' title='bbox 1107 4149 1185 4200; x_wconf 90' lang='lat' dir='ltr'>eaque</span> <span class='ocrx_word' id='word_1_462' title='bbox 1203 4135 1273 4185; x_wconf 82' lang='lat' dir='ltr'>nulls</span> <span class='ocrx_word' id='word_1_463' title='bbox 1289 4142 1361 4200; x_wconf 84' lang='lat' dir='ltr'>parte</span> <span class='ocrx_word' id='word_1_464' title='bbox 1380 4137 1497 4188; x_wconf 83' lang='lat' dir='ltr'>differtis</span> <span class='ocrx_word' id='word_1_465' title='bbox 1582 4157 1587 4168; x_wconf 70' lang='grc'><strong>’</strong></span> 
     </span>
     <span class='ocr_line' id='line_1_46' title="bbox 128 4223 1496 4291; baseline 0.001 -15"><span class='ocrx_word' id='word_1_466' title='bbox 128 4228 222 4291; x_wconf 87' lang='lat' dir='ltr'>priore.</span> <span class='ocrx_word' id='word_1_467' title='bbox 249 4228 297 4276; x_wconf 82' lang='lat' dir='ltr'>uisi</span> <span class='ocrx_word' id='word_1_468' title='bbox 316 4225 383 4291; x_wconf 82' lang='lat' dir='ltr'>quod</span> <span class='ocrx_word' id='word_1_469' title='bbox 400 4226 502 4277; x_wconf 81' lang='lat' dir='ltr'>additae</span> <span class='ocrx_word' id='word_1_470' title='bbox 521 4233 579 4276; x_wconf 86' lang='lat' dir='ltr'>suut</span> <span class='ocrx_word' id='word_1_471' title='bbox 597 4227 788 4283; x_wconf 87' lang='lat' dir='ltr'>annotationes,</span> <span class='ocrx_word' id='word_1_472' title='bbox 816 4239 872 4275; x_wconf 88' lang='lat' dir='ltr'>cum</span> <span class='ocrx_word' id='word_1_473' title='bbox 896 4225 987 4275; x_wconf 86' lang='lat' dir='ltr'>adres</span> <span class='ocrx_word' id='word_1_474' title='bbox 1011 4225 1161 4274; x_wconf 89' lang='lat' dir='ltr'>obscuriores</span> <span class='ocrx_word' id='word_1_475' title='bbox 1184 4223 1360 4286; x_wconf 81' lang='lat' dir='ltr'>urustrenuua,</span> <span class='ocrx_word' id='word_1_476' title='bbox 1385 4232 1439 4276; x_wconf 91' lang='lat' dir='ltr'>tum</span> <span class='ocrx_word' id='word_1_477' title='bbox 1462 4225 1496 4277; x_wconf 82' lang='lat' dir='ltr'>sd</span> 
     </span>
     <span class='ocr_line' id='line_1_47' title="bbox 129 4312 1495 4381; baseline -0.003 -14"><span class='ocrx_word' id='word_1_478' title='bbox 129 4330 236 4373; x_wconf 79' lang='lat' dir='ltr'>errores.</span> <span class='ocrx_word' id='word_1_479' title='bbox 255 4316 297 4381; x_wconf 85' lang='lat' dir='ltr'>qui</span> <span class='ocrx_word' id='word_1_480' title='bbox 312 4317 397 4377; x_wconf 80' lang='lat' dir='ltr'>juveni</span> <span class='ocrx_word' id='word_1_481' title='bbox 415 4315 775 4380; x_wconf 66' lang='lat' dir='ltr'>obrepserant„detegendos.</span> <span class='ocrx_word' id='word_1_482' title='bbox 815 4314 997 4363; x_wconf 80' lang='lat' dir='ltr'>Auuotationes</span> <span class='ocrx_word' id='word_1_483' title='bbox 1020 4313 1066 4363; x_wconf 81' lang='lat' dir='ltr'>hus</span> <span class='ocrx_word' id='word_1_484' title='bbox 1084 4312 1186 4376; x_wconf 83' lang='lat' dir='ltr'>Kepleri</span> <span class='ocrx_word' id='word_1_485' title='bbox 1205 4313 1373 4376; x_wconf 73' lang='lat' dir='ltr'>subiunximus</span> <span class='ocrx_word' id='word_1_486' title='bbox 1392 4313 1495 4380; x_wconf 83' lang='lat' dir='ltr'>singuiis</span> 
     </span>
     <span class='ocr_line' id='line_1_48' title="bbox 127 4400 1495 4470; baseline -0.001 -16"><span class='ocrx_word' id='word_1_487' title='bbox 127 4403 256 4454; x_wconf 87' lang='lat' dir='ltr'>Prodromi</span> <span class='ocrx_word' id='word_1_488' title='bbox 273 4403 397 4468; x_wconf 78' lang='lat' dir='ltr'>capitibus</span> <span class='ocrx_word' id='word_1_489' title='bbox 414 4405 528 4470; x_wconf 79' lang='lat' dir='ltr'>signatas</span> <span class='ocrx_word' id='word_1_490' title='bbox 545 4404 622 4454; x_wconf 88' lang='lat' dir='ltr'>literis</span> <span class='ocrx_word' id='word_1_491' title='bbox 641 4416 673 4464; x_wconf 85' lang='lat' dir='ltr'>a,</span> <span class='ocrx_word' id='word_1_492' title='bbox 691 4403 707 4452; x_wconf 95' lang='lat' dir='ltr'>b</span> <span class='ocrx_word' id='word_1_493' title='bbox 726 4400 781 4459; x_wconf 72' lang='lat' dir='ltr'>dc,</span> <span class='ocrx_word' id='word_1_494' title='bbox 800 4407 909 4452; x_wconf 86' lang='lat' dir='ltr'>nostras</span> <span class='ocrx_word' id='word_1_495' title='bbox 916 4417 972 4452; x_wconf 85' lang='lat' dir='ltr'>vero</span> <span class='ocrx_word' id='word_1_496' title='bbox 991 4402 1036 4451; x_wconf 92' lang='lat' dir='ltr'>sub</span> <span class='ocrx_word' id='word_1_497' title='bbox 1055 4401 1129 4451; x_wconf 83' lang='lat' dir='ltr'>tinem</span> <span class='ocrx_word' id='word_1_498' title='bbox 1147 4401 1201 4451; x_wconf 91' lang='lat' dir='ltr'>libri</span> <span class='ocrx_word' id='word_1_499' title='bbox 1220 4401 1337 4453; x_wconf 83' lang='lat' dir='ltr'>collectus</span> <span class='ocrx_word' id='word_1_500' title='bbox 1357 4401 1495 4453; x_wconf 76' lang='lat' dir='ltr'>addidimus</span> 
     </span>
    </p>
   </div>
   <div class='ocr_carea' id='block_1_11' title="bbox 130 4493 1491 4644">
    <p class='ocr_par' dir='ltr' id='par_1_15' title="bbox 130 4493 1481 4644">
     <span class='ocr_line' id='line_1_49' title="bbox 130 4493 520 4558; baseline -0.003 -15"><span class='ocrx_word' id='word_1_501' title='bbox 130 4493 244 4558; x_wconf 77' lang='lat' dir='ltr'>signatas</span> <span class='ocrx_word' id='word_1_502' title='bbox 261 4493 369 4543; x_wconf 87' lang='lat' dir='ltr'>numeris</span> <span class='ocrx_word' id='word_1_503' title='bbox 387 4493 520 4544; x_wconf 82' lang='lat' dir='ltr'>continuis.</span> 
     </span>
     <span class='ocr_line' id='line_1_50' title="bbox 202 4533 1491 4644; baseline -0.002 -12"><span class='ocrx_word' id='word_1_504' title='bbox 202 4580 260 4642; x_wconf 76' lang='lat' dir='ltr'>Qua</span> <span class='ocrx_word' id='word_1_505' title='bbox 272 4582 368 4632; x_wconf 79' lang='lat' dir='ltr'>ratione</span> <span class='ocrx_word' id='word_1_506' title='bbox 381 4581 470 4632; x_wconf 88' lang='lat' dir='ltr'>ductus</span> <span class='ocrx_word' id='word_1_507' title='bbox 481 4596 533 4631; x_wconf 91' lang='lat' dir='ltr'>rem</span> <span class='ocrx_word' id='word_1_508' title='bbox 546 4583 584 4630; x_wconf 90' lang='lat' dir='ltr'>ita</span> <span class='ocrx_word' id='word_1_509' title='bbox 594 4545 879 4643; x_wconf 85' lang='lat' dir='ltr'>institueritKeplems&#39;</span> <span class='ocrx_word' id='word_1_510' title='bbox 873 4594 925 4643; x_wconf 80' lang='lat' dir='ltr'>ipse</span> <span class='ocrx_word' id='word_1_511' title='bbox 938 4579 993 4637; x_wconf 86' lang='lat' dir='ltr'>iilis</span> <span class='ocrx_word' id='word_1_512' title='bbox 1013 4579 1098 4644; x_wconf 85' lang='lat' dir='ltr'>quibus</span> <span class='ocrx_word' id='word_1_513' title='bbox 1116 4578 1252 4629; x_wconf 85' lang='lat' dir='ltr'>secundam</span> <span class='ocrx_word' id='word_1_514' title='bbox 1270 4577 1404 4629; x_wconf 87' lang='lat' dir='ltr'>editionem</span> <span class='ocrx_word' id='word_1_515' title='bbox 1423 4533 1491 4629; x_wconf 83' lang='lat' dir='ltr'>dedi·</span> 
     </span>
    </p>
   </div>
   <div class='ocr_carea' id='block_1_12' title="bbox 131 4667 1493 4826">
    <p class='ocr_par' dir='ltr' id='par_1_16' title="bbox 131 4667 1493 4826">
     <span class='ocr_line' id='line_1_51' title="bbox 131 4667 943 4733; baseline -0.007 -11"><span class='ocrx_word' id='word_1_516' title='bbox 131 4673 212 4729; x_wconf 78' lang='grc' dir='ltr'><strong>ιιιιι,</strong></span> <span class='ocrx_word' id='word_1_517' title='bbox 234 4667 943 4733; x_wconf 68' lang='lat' dir='ltr'>„homenibusnucsmsstyriae“c1eriusinurcus.</span> 
     </span>
     <span class='ocr_line' id='line_1_52' title="bbox 201 4753 1493 4826; baseline -0.008 -15"><span class='ocrx_word' id='word_1_518' title='bbox 201 4760 310 4818; x_wconf 68' lang='lat' dir='ltr'>forms,</span> <span class='ocrx_word' id='word_1_519' title='bbox 334 4772 386 4826; x_wconf 76' lang='lat' dir='ltr'>qua</span> <span class='ocrx_word' id='word_1_520' title='bbox 402 4759 492 4824; x_wconf 89' lang='lat' dir='ltr'>prodiit</span> <span class='ocrx_word' id='word_1_521' title='bbox 509 4759 621 4810; x_wconf 85' lang='lat' dir='ltr'>secunda</span> <span class='ocrx_word' id='word_1_522' title='bbox 638 4757 729 4816; x_wconf 88' lang='lat' dir='ltr'>editio,</span> <span class='ocrx_word' id='word_1_523' title='bbox 755 4756 837 4807; x_wconf 79' lang='lat' dir='ltr'>differt</span> <span class='ocrx_word' id='word_1_524' title='bbox 856 4770 872 4805; x_wconf 91' lang='lat' dir='ltr'>a</span> <span class='ocrx_word' id='word_1_525' title='bbox 889 4758 969 4806; x_wconf 84' lang='lat' dir='ltr'>torma</span> <span class='ocrx_word' id='word_1_526' title='bbox 986 4755 1086 4820; x_wconf 73' lang='lat' dir='ltr'>priorisr</span> <span class='ocrx_word' id='word_1_527' title='bbox 1112 4754 1203 4806; x_wconf 85' lang='lat' dir='ltr'>liber&#39;</span> <span class='ocrx_word' id='word_1_528' title='bbox 1197 4769 1224 4804; x_wconf 90' lang='lat' dir='ltr'>ru</span> <span class='ocrx_word' id='word_1_529' title='bbox 1248 4753 1305 4803; x_wconf 87' lang='lat' dir='ltr'>iolio</span> <span class='ocrx_word' id='word_1_530' title='bbox 1324 4764 1428 4802; x_wconf 84' lang='lat' dir='ltr'>excusus</span> <span class='ocrx_word' id='word_1_531' title='bbox 1446 4758 1493 4810; x_wconf 84' lang='lat' dir='ltr'>est,</span> 
     </span>
    </p>
   </div>
   <div class='ocr_carea' id='block_1_13' title="bbox 131 4839 1492 4919">
    <p class='ocr_par' dir='ltr' id='par_1_17' title="bbox 131 4839 1492 4919">
     <span class='ocr_line' id='line_1_53' title="bbox 131 4839 1492 4919; baseline -0.011 -16"><span class='ocrx_word' id='word_1_532' title='bbox 131 4848 221 4903; x_wconf 87' lang='lat' dir='ltr'>ssdcnr</span> <span class='ocrx_word' id='word_1_533' title='bbox 232 4850 308 4919; x_wconf 84' lang='lat' dir='ltr'>plsne</span> <span class='ocrx_word' id='word_1_534' title='bbox 319 4848 492 4918; x_wconf 77' lang='lat' dir='ltr'>magnitudino</span> <span class='ocrx_word' id='word_1_535' title='bbox 504 4861 554 4915; x_wconf 80' lang='lat' dir='ltr'>qua</span> <span class='ocrx_word' id='word_1_536' title='bbox 567 4845 748 4909; x_wconf 76' lang='lat' dir='ltr'>„Harmonia“,</span> <span class='ocrx_word' id='word_1_537' title='bbox 767 4859 842 4911; x_wconf 83' lang='lat' dir='ltr'>quum</span> <span class='ocrx_word' id='word_1_538' title='bbox 859 4847 924 4910; x_wconf 89' lang='lat' dir='ltr'>prior</span> <span class='ocrx_word' id='word_1_539' title='bbox 942 4846 1017 4898; x_wconf 87' lang='lat' dir='ltr'>editio</span> <span class='ocrx_word' id='word_1_540' title='bbox 1034 4844 1116 4911; x_wconf 78' lang='lat' dir='ltr'>quarti</span> <span class='ocrx_word' id='word_1_541' title='bbox 1134 4843 1238 4895; x_wconf 79' lang='lat' dir='ltr'>formam</span> <span class='ocrx_word' id='word_1_542' title='bbox 1250 4840 1367 4894; x_wconf 83' lang='lat' dir='ltr'>exhibeet</span> <span class='ocrx_word' id='word_1_543' title='bbox 1383 4839 1492 4895; x_wconf 82' lang='lat' dir='ltr'>minoris.</span> 
     </span>
    </p>
   </div>
   <div class='ocr_carea' id='block_1_14' title="bbox 0 0 1718 5542">
    <p class='ocr_par' dir='ltr' id='par_1_18' title="bbox 0 0 1718 5542">
     <span class='ocr_line' id='line_1_54' title="bbox 0 0 1718 5542; baseline 0 0"><span class='ocrx_word' id='word_1_544' title='bbox 0 0 1718 5542; x_wconf 95' lang='lat' dir='ltr'> </span> 
     </span>
    </p>
   </div>
  </div>
 </body>
</html>
