3428 5542
647 299 650 307 '
714 309 798 375 cae
813 299 914 362 ¹-ss
1433 296 1496 380 leb
1618 300 1628 310 ’

135 467 201 538 quis
220 467 378 538 praecssbit
391 474 540 540 conseptus
551 468 627 525 illius
641 469 755 535 numeri,
777 473 826 525 sed
846 471 909 527 ideo
927 471 1053 544 sequitur
1070 477 1219 544 conceptus
1240 474 1354 540 numeri,
1375 475 1499 548 quiores

134 547 323 618 geometricae
340 548 448 605 habent
464 546 541 605 illam
559 548 794 620 multiplicitatem
812 550 840 605 in
854 569 892 615 se,
917 553 1071 608 existentes
1089 554 1169 624 ipsae
1184 571 1313 609 numerus
1327 561 1497 613 numeratus.

213 627 249 696 b)
266 628 341 682 aces
363 628 540 683 manifestam
561 629 824 694 hallucinationem
846 639 908 686 octo
929 649 983 686 non
1007 638 1132 702 estpars
1146 633 1335 705 sexagenarii,
1359 637 1408 689 sed
1426 637 1498 690 bene

133 722 200 778 pars
221 712 265 762 est
285 708 391 763 numeri
414 707 487 774 12⁰,
509 709 555 780 qui
574 716 620 763 est
640 709 682 763 his
705 710 753 764 60.

720 943 915 952 -αοο--μα

708 1138 828 1238 Caput
853 1136 923 1213 XI.

454 1294 513 1359 De
529 1294 593 1360 sita
611 1315 792 1378 corporum,
811 1304 841 1360 ot
859 1297 985 1394 origine»
996 1297 1132 1363 zodiaci.
1149 1300 1177 1376 ⁸)

225 1435 360 1497 Infestos
382 1435 413 1499 in
436 1435 484 1498 his
512 1436 663 1517 capitibus
690 1434 808 1500 habebo
836 1437 993 1519 physicos,
1026 1446 1203 1519 propterea,
1236 1440 1313 1520 qnod
1342 1440 1496 1504 naturales

132 1523 323 1602 planetarum
345 1524 548 1604 proprietates
574 1543 612 1588 ex
628 1527 724 1603 ¹rebus
748 1526 997 1589 immaterialibus
1021 1535 1053 1588 et
1070 1527 1173 1607 figuris
1192 1527 1415 1591 mathematicis
1438 1528 1496 1592 de·

133 1612 215 1688 duxi,
239 1630 329 1691 porro
352 1631 424 1675 vero
448 1614 540 1676 etiam
564 1633 602 1675 ex
624 1616 706 1676 nuda
729 1615 944 1695 imaginatione
964 1616 1132 1678 sectionum
1155 1616 1340 1697 quarundam
1364 1616 1496 1697 origines

134 1700 311 1762 circulorum
334 1699 520 1782 investigare
543 1703 681 1765 audeam.
728 1702 785 1764 His
807 1703 912 1782 paneis
940 1722 1117 1785 responsum
1144 1704 1233 1766 volo:
1263 1704 1341 1784 qnod
1366 1703 1496 1768 Creator

133 1790 237 1859 Dens,
265 1808 332 1851 cnm
353 1808 439 1853 mens
462 1790 505 1852 sit
532 1799 563 1852 et
596 1810 672 1872 qnae
703 1792 769 1853 vult
796 1791 909 1866 iaciat,
938 1811 996 1855 non
1020 1791 1233 1873 prohibeatur,
1263 1812 1321 1872 quo
1344 1793 1442 1856 minus
1465 1793 1496 1856 in

134 1877 278 1957 aptandis
301 1877 415 1942 viribus
439 1886 471 1940 et
494 1878 690 1959 designandis
715 1879 836 1942 circulis
862 1881 900 1941 ad
928 1899 977 1942 res
1001 1881 1049 1943 vel
1073 1880 1136 1942 sine
1161 1881 1289 1943 matella
1310 1881 1359 1942 vel
1383 1882 1495 1962 imagi-

134 1966 256 2028 natione
280 1973 457 2031 constantes
480 1968 633 2048 respiciat.
680 1967 811 2031 Etcum
835 1968 909 2031 nihil
931 1969 1009 2031 velit
1029 1969 1095 2043 ille,
1125 1969 1182 2031 nisi
1211 1988 1327 2031 summa
1354 1988 1420 2032 cum
1441 1989 1495 2032 ra·

52 2066 56 2072 “
134 2054 233 2128 tione,
266 2053 399 2136 nihilque
422 2063 546 2136 praeter
568 2057 635 2135 ejus
664 2056 852 2118 voluntatem
880 2056 1034 2131 extiterit,
1067 2057 1171 2120 dicant
1197 2057 1290 2137 igitur
1318 2058 1494 2132 adversarii,

135 2161 284 2223 quaenam
307 2143 386 2205 aliae
409 2143 545 2206 rationes
568 2144 634 2206 Deo
659 2144 770 2206 fuerint
800 2144 999 2224 aptandarnm
1026 2145 1134 2208 virium
1161 2153 1239 2218 ete,
1275 2164 1341 2207 cum
1373 2153 1495 2226 praeter

135 2231 322 2310 quantitates
344 2231 418 2294 nihil
442 2233 549 2295 esset?
594 2230 748 2307 Quodsi,
773 2232 844 2295 dum
865 2232 939 2295 nihil
962 2233 1131 2308 inveniunt,
1156 2234 1194 2295 ad
1217 2234 1495 2317 imperscrutabiles

136 2318 319 2382 conditricis
342 2319 520 2400 Sapientiae
543 2320 622 2382 vires
646 2321 839 2401 confugiant:
872 2321 1005 2384 habeant
1033 2322 1090 2385 sihi
1118 2341 1192 2383 sane
1220 2322 1298 2384 hanc
1326 2322 1496 2404 inquirendi

135 2409 389 2488 temperantiam,
421 2409 534 2490 illaque
558 2428 625 2471 cnm
648 2409 773 2490 pietatis
797 2408 935 2489 opinione
967 2410 1121 2484 fruantur,
1157 2427 1211 2471 nos
1244 2429 1315 2471 vero
1342 2412 1499 2493 patiantur

137 2515 247 2559 causas
270 2513 309 2558 ex
332 2497 554 2577 quantitatibus
576 2496 757 2559 verisimiles
780 2497 920 2566 reddere,
951 2488 1109 2560 dnmmodo
1137 2497 1212 2559 nihil
1235 2497 1388 2578 indighum
1410 2487 1498 2561 tanto

137 2586 272 2647 dicamus
295 2583 420 2666 Opibus.
436 2585 465 2660 b)
513 2586 608 2650 Nulla
630 2585 723 2665 igitur
744 2586 864 2648 vinctus
887 2585 1031 2666 religione
1053 2603 1147 2666 pergo
1171 2587 1210 2648 ad
1233 2586 1500 2672 investigationem

136 2672 262 2736 zodiaci.

224 2763 271 2825 Ac
296 2760 383 2824 initio
408 2760 548 2824 existimo
571 2759 812 2823 verisimiliorem
831 2778 987 2840 corporum
1010 2760 1100 2823 situm
1125 2761 1291 2842 excogitari
1314 2780 1373 2822 non
1395 2779 1496 2841 posse,

136 2869 225 2933 qnam
248 2870 316 2913 cum
339 2849 443 2918 cubus,
469 2850 602 2912 maxima
625 2849 797 2929 figurarum,
822 2850 975 2910 inseratur
993 2848 1058 2912 orbi
1078 2850 1351 2930 quomodocunque,
1376 2850 1497 2912 namin

136 2938 247 3002 circulo
262 2938 376 3001 nullum
391 2947 440 3001 est
454 2940 579 3002 initium.
611 2935 743 3018 Oportet
756 2943 858 2999 antem
880 2936 1027 3022 principia
1044 2938 1109 3000 sine
1128 2938 1244 3001 ratione
1259 2938 1454 3012 constituere,
1470 2938 1497 3012 ο)

135 3047 173 3089 ns
196 3027 330 3089 infinitus
354 3027 408 3088 dat
430 3023 643 3107 regressus&
672 3033 704 3088 et
726 3031 761 3088 nt
784 3025 945 3107 aliquando
969 3026 1130 3089 transitum
1153 3028 1319 3089 habeamus
1334 3031 1361 3102 ⁰)
1386 3026 1425 3088 ah
1446 3026 1496 3088 in-

135 3115 222 3179 finita
243 3114 383 3196 potentia
404 3116 445 3177 ad
467 3116 583 3178 finitum
605 3121 716 3177 actum.
762 3112 833 3177 Jam
863 3114 955 3195 igitur
986 3135 1047 3177 nna
1078 3116 1220 3180 facierum
1254 3123 1423 3193 censeatur,
1442 3132 1496 3195 pro

135 3205 214 3268 basi.
263 3203 402 3286 Pyramia
424 3204 518 3286 igitur
540 3202 700 3264 inserenda
723 3203 799 3265 cubo
822 3203 974 3265 mediante
997 3203 1069 3265 orbe
1092 3204 1181 3266 Jovio
1205 3205 1296 3267 debet
1318 3204 1407 3266 basin
1430 3201 1497 3265 basi

136 3294 204 3355 cubi
227 3294 418 3371 aopcllqloe
441 3301 545 3355 tenere
558 3290 599 3366 '):
630 3299 662 3353 et
690 3291 898 3353 dodecaedron
922 3291 1087 3373 pyramidis
1110 3293 1228 3366 basil)
1273 3292 1376 3355 Aliter
1399 3292 1499 3353 lerunt

136 3381 381 3443 secundariorum
403 3381 623 3462 proprietates,
653 3386 688 3442 ut
709 3379 848 3441 vidimus.
894 3379 1079 3460 Erigendnm
1102 3382 1195 3461 igitur
1217 3381 1394 3464 icoeaedrou
1418 3380 1500 3458 intra

137 3469 362 3544 dodecaddron,
393 3469 440 3532 ita
465 3477 501 3532 nt
524 3469 680 3548 diogenius
704 3467 785 3530 illins
812 3467 868 3529 liat
889 3468 1007 3550 utrique
1031 3469 1238 3552 oppositarum
1260 3469 1378 3531 basium
1401 3466 1498 3529 dode·

137 3557 239 3621 caedri
262 3556 519 3640 perpendicularis
543 3558 574 3619 in
597 3557 718 3619 centris.
754 3555 871 3618 Eodem
883 3565 974 3636 pacto
989 3559 1230 3638 suspendendum
1253 3557 1313 3618 erit
1334 3554 1499 3619 octaedron

135 3643 260 3710 minima
281 3647 442 3726 liguramm
464 3647 545 3710 intra
567 3645 755 3717 icosabdron
779 3644 826 3706 ita
847 3652 882 3707 ut
905 3652 975 3708 scta
1000 3655 1086 3710 recta
1105 3645 1209 3708 veniat
1234 3643 1267 3718 1)
1290 3661 1344 3723 per
1363 3646 1498 3704 centrum

136 3734 220 3799 basis
248 3735 278 3798 in
308 3733 401 3810 cubo,
435 3730 472 3811 2)
496 3753 551 3815 per
578 3741 713 3797 centrum
745 3732 828 3795 basis
862 3734 1079 3808 tetrabdricae,
1113 3731 1149 3807 3)
1172 3752 1226 3814 per
1248 3738 1384 3793 centrum
1408 3728 1497 3809 quin·

137 3823 281 3906 qnangnli
303 3821 531 3899 dodecabdrici‚
555 3820 592 3897 l)
615 3841 670 3902 per
692 3823 834 3902 angulum
856 3821 1024 3892 lessuade,
1048 3822 1085 3897 5)
1109 3840 1163 3901 per
1187 3821 1328 3901 angulum
1350 3815 1497 3892 ccmedri,

138 3909 173 3985 6)
196 3931 251 3992 per
275 3920 410 3974 centrum
434 3912 534 3975 mundi
563 3919 595 3973 et
617 3928 724 3989 corpus
748 3909 871 3984 Solate,
902 3919 935 3974 et
961 3929 1049 3991 porro
1073 3910 1222 3973 similibus
1245 3906 1419 3970 interstitiis
1444 3923 1499 3986 per

138 4000 293 4082 oppositos
324 3999 360 4074 7)
384 4000 534 4074 octaedri,
559 3997 595 4074 8)
620 3999 769 4061 icosasdri
792 4000 929 4078 angulos,
954 3997 991 4074 9)
1011 3997 1220 4072 dodecaedrici
1243 3996 1327 4076 plani
1350 4002 1497 4067 connum,

142 4087 368 4163 illustratori
396 4090 557 4170 angulum,
596 4086 649 4161 ll)
678 4087 775 4150 cubici
802 4088 885 4168 plani
913 4088 1058 4162 centrum.
1073 4086 1102 4162 ¹²)
1148 4085 1273 4166 Majoris
1301 4084 1377 4146 lucis
1405 4101 1499 4146 cansa

138 4178 240 4258 relego
263 4185 294 4239 te
318 4177 357 4240 ad
384 4177 546 4250 tabellam,
579 4177 629 4239 ubi
653 4176 755 4239 omnia
778 4193 904 4258 corpora
933 4178 971 4239 ad
999 4176 1077 4240 hune
1107 4175 1227 4238 modum
1249 4191 1394 4253 expressa
1416 4178 1497 4232 sunt.

138 4264 255 4338 Quibus
278 4267 326 4329 ita
347 4266 521 4330 constitutis
546 4284 603 4327 non
626 4273 744 4328 tantum
767 4284 917 4346 apparens
940 4265 970 4326 in
997 4264 1141 4328 octaedro
1165 4263 1359 4345 quadratum,
1382 4276 1497 4340 aequa-
1612 4296 1614 4300 ,

137 4355 208 4419 liter
231 4375 250 4417 a
270 4354 363 4417 dictis
387 4353 501 4418 dnobus
534 4354 651 4435 angulis
681 4362 848 4427 remotum,
882 4355 908 4417 si
938 4354 1120 4436 producatur
1149 4349 1360 4423 circumcirca,
1394 4348 1498 4409 omnes'

137 4442 249 4524 dguras
273 4451 365 4526 atque
390 4443 466 4506 adeo
489 4449 586 4506 totum
609 4443 750 4505 mundum
773 4443 802 4504 in
826 4442 898 4505 bina
920 4443 1037 4506 dividet
1059 4440 1212 4522 aequalia,
1236 4439 1291 4500 sed
1314 4438 1406 4499 etiam
1429 4453 1497 4496 om-

138 4533 219 4595 nium
250 4530 398 4609 laterum,
435 4551 512 4613 quae
546 4531 612 4611 quis
645 4531 723 4594 inter
756 4532 853 4594 dictos
886 4533 1012 4612 angulos
1045 4538 1078 4592 et
1108 4537 1213 4592 centra
1244 4525 1344 4589 media
1373 4541 1497 4586 censere

139 4620 289 4703 potest,¹)
312 4639 416 4684 eornm
438 4620 559 4701 inquam
583 4620 713 4683 omnium
735 4619 760 4682 si
785 4619 965 4700 regulariter
987 4628 1137 4700 ponantur
1160 4615 1311 4678 sectiones
1326 4608 1498 4688 natusest)

140 4728 216 4791 quas
239 4709 436 4792 prospicienti
460 4728 498 4771 ex
521 4716 625 4771 centro
648 4717 805 4789 apparent,
829 4716 990 4772 versantur
1005 4708 1033 4769 in
1048 4707 1154 4768 eodem
1170 4702 1310 4785 quadrati
1333 4701 1500 4767 octaedrloi

139 4798 318 4862 continuato
338 4799 442 4878 pisso.
480 4798 573 4879 ldque
596 4798 757 4880 praecipue
778 4798 809 4859 in
832 4796 1008 4861 multifariis
1028 4802 1063 4856 nt
1085 4793 1224 4874 cognatis
1244 4798 1381 4872 apparet.
1417 4789 1498 4853 llam
