3428 5542
628 308 659 361 u·
677 311 750 365 aon
768 311 930 379 amoses
1393 313 1457 381 339
1523 342 1527 353 ·

100 464 264 542 genuinos?
309 466 376 539 An,
412 485 470 527 non
493 475 542 528 est
565 467 594 528 in
625 468 757 547 ipsorum
784 477 952 548 potestate,
988 471 1192 550 qualecunque
1216 461 1376 552 φιτηαιιμα
1400 474 1456 536 ob-

96 553 218 630 jicere?
265 552 327 615 Sed
361 564 507 634 coguntur
530 557 705 618 occasiones
730 566 869 636 captare,
903 576 994 637 seque
1025 563 1272 639 temperamentis
1300 570 1333 623 et
1364 562 1457 625 statui

101 641 210 702 mentis
239 661 356 703 suarum
390 644 551 706 tutelarum
584 646 831 707 accommodare?
878 643 1035 716 Quomodo
1068 647 1158 725 igitur
1188 657 1311 711 movent
1343 651 1457 713 animos

102 738 229 804 nostros,
255 750 309 811 per
332 750 448 811 corpus,
471 753 509 792 an
529 752 561 794 se
585 733 682 813 ipsis?

171 836 356 886 Fabricius:
382 836 431 897 Qui
449 838 489 896 iit,
516 839 580 901 quod
599 853 665 902 aqua
683 840 793 902 impense
817 838 893 888 salita
915 837 996 889 hieme
1021 855 1068 889 nou
1083 849 1248 900 concrescat,
1276 845 1340 894 sicut
1358 852 1457 894 ceterae

10 950 21 957 .
98 905 200 1027 qqqaqi:
218 907 299 1027 dthelino
322 916 381 971 puto
407 909 499 973 aliquid
525 924 617 1013 causae
641 911 754 970 subesse,
784 911 879 973 quod
873 926 898 959 ιιι
921 911 981 959 locis
1000 914 1061 960 mari
1081 914 1166 962 ricinis
1184 920 1282 965 tanturn
1301 915 1357 980 gelo
1376 915 1457 965 hieme

176 1050 391 1129 Keplerus:
430 1050 520 1112 Salsa
543 1061 615 1131 puto
640 1053 746 1113 iisdem
771 1051 807 1112 de
832 1051 932 1112 causis
952 1071 1009 1114 non
1025 1072 1230 1131 concrescere,
1255 1056 1455 1138 quibusolea.

98 1138 178 1199 Nam
202 1139 228 1199 si
252 1139 346 1200 salita
368 1140 515 1218 quaedam
540 1141 637 1215 fuere,
667 1140 816 1222 pinguedo
841 1139 884 1200 eis
907 1141 1003 1215 inest,
1033 1151 1064 1203 et
1089 1143 1187 1206 lentus
1211 1152 1301 1226 atque
1324 1144 1457 1207 viscldns

100 1227 222 1301 lmmor,
260 1235 293 1288 ut
326 1228 464 1290 carnibus
498 1229 682 1291 animalium.
729 1229 798 1290 Non
830 1238 972 1308 penetrat
1004 1229 1096 1310 igitur
1123 1232 1218 1312 frigus
1246 1243 1311 1296 tam
1341 1252 1456 1296 orasse.

100 1315 204 1377 Hiems
227 1335 298 1378 vero
323 1335 381 1377 non
405 1317 472 1378 ideo
496 1318 598 1379 mitior·
619 1318 706 1379 vobis
730 1317 858 1388 videtur,
888 1319 951 1391 sed,
977 1321 1054 1399 qnod
1077 1321 1223 1383 Francius
1247 1331 1316 1385 tuns
1341 1323 1456 1404 ajebat,

100 1404 139 1464 ob
163 1408 300 1466 aestuum
325 1405 477 1487 appulsus,
504 1426 606 1468 auram
629 1408 770 1486 vapidaru
795 1407 954 1483 spirantes.

172 1510 355 1561 Fabricius:
385 1510 411 1560 Si
430 1512 534 1561 fulmina
552 1519 610 1561 sunt
628 1513 781 1567 materialia,
804 1519 832 1560 nt
850 1513 944 1576 physici
963 1484 1060 1570 redunt,
1084 1528 1127 1562 cur
1144 1513 1217 1564 horno
1236 1516 1265 1563 iis
1284 1530 1332 1565 non
1351 1515 1458 1566 laeditur

100 1581 133 1630 ad
152 1581 270 1631 sensum?
306 1582 394 1631 Audivi
413 1582 452 1632 hic
471 1583 594 1647 quendam
614 1579 715 1633 iuliniue
735 1584 903 1633 exanimatum
923 1585 1007 1641 lmese,
1025 1586 1050 1633 in
1071 1587 1140 1647 cujus
1160 1585 1223 1649 pileo
1241 1587 1372 1636 rotundum
1391 1585 1456 1636 lora·

100 1667 157 1702 uren
176 1654 284 1702 inustum
303 1653 392 1713 luerat,
413 1660 439 1703 st
456 1661 540 1704 temen
560 1662 635 1717 caput
652 1655 773 1704 illaesum.

190 1742 392 1823 Keplerus:
425 1742 472 1803 De
496 1743 661 1805 fulminatis
686 1763 873 1824 nunquamne
902 1743 1032 1806 audisti?
1079 1744 1125 1804 An
1155 1762 1258 1805 omues
1287 1742 1332 1805 ita
1355 1744 1460 1808 fulmi-¹

101 1831 229 1891 uantur?
275 1829 377 1892 Nobili
393 1829 485 1914 Styro
512 1829 552 1894 12
577 1850 720 1893 annornm
743 1852 845 1914 puero,
865 1834 929 1913 jam
955 1831 1086 1894 exanimi
1109 1851 1195 1911 pene,
1221 1850 1323 1893 arsere
1343 1842 1455 1909 restes,

101 1921 235 1981 foramen
260 1930 327 1980 erat
349 1921 378 1980 iu
403 1921 496 1982 calcei
521 1920 606 1982 solea
630 1919 718 2000 inque
742 1940 880 1989 scamno,
905 1922 934 1982 in
960 1939 1016 2001 quo
1041 1920 1160 1994 stabat;
1194 1921 1258 2000 ipse
1283 1930 1383 1983 tamen
1407 1922 1455 1983 in-

100 2017 193 2086 teger.
241 2009 317 2069 Puto
342 2009 519 2089 oleagiuosa
542 2009 605 2087 peti
629 2019 658 2069 et
683 2009 840 2089 insigniter
864 2010 978 2089 ignita,
1003 2009 1071 2071 hinc
1095 2027 1151 2070 uon
1177 2029 1283 2071 carnes
1307 2010 1455 2086 humidae,

100 2097 153 2157 sed
178 2116 230 2158 eor
253 2108 284 2157 et
307 2097 336 2156 in
361 2116 397 2158 eo
421 2098 572 2159 flammula
595 2098 692 2171 vitae;
717 2097 785 2159 hinc
809 2118 910 2173 canes,
935 2099 1054 2176 igneum
1078 2096 1197 2158 animal.

170 2202 352 2252 Fabricius·
386 2202 531 2264 Quaeritur
560 2218 624 2267 quae
648 2204 681 2252 sit
703 2218 782 2254 causa
806 2205 989 2254 muiversarlae
1011 2203 1155 2252 mutationis
1179 2206 1242 2253 atris
1268 2206 1295 2254 in
1313 2203 1374 2252 loeis
1391 2203 1457 2253 ultra

101 2280 261 2336 aequatorem
280 2283 306 2323 et
324 2275 398 2330 eirca,
419 2282 444 2324 et
463 2276 533 2324 simul
552 2275 615 2323 ratio
635 2275 766 2324 diuturnae
784 2277 926 2324 serenitatis
943 2290 988 2338 per
1005 2288 1082 2323 nuum
1100 2281 1232 2332 ιιιιιιιιιι,
1253 2282 1279 2325 ιι
1297 2281 1385 2325 conns
1401 2275 1456 2339 pla-

100 2346 155 2393 riae
173 2359 218 2407 per
236 2344 357 2394 alterum?
394 2344 511 2408 Perpetui
530 2347 581 2395 iere
599 2347 665 2395 venti
683 2346 747 2395 flant
765 2348 853 2403 sereni,
874 2347 966 2410 absque
985 2346 1090 2394 materia
1108 2346 1216 2394 nubium.
1253 2345 1352 2407 Physici
1370 2352 1457 2395 vento·

101 2429 155 2464 ιιιιιι
173 2418 303 2464 materiam
324 2405 355 2465 ad
374 2417 545 2466 exhalationes
564 2423 691 2466 terrestres
710 2417 832 2474 relemnt;
853 2417 946 2466 stillio
965 2431 1195 2480 remperserenum
1226 2415 1455 2481 Undeingushor-

102 2485 231 2534 rendum'
224 2502 249 2535 m
269 2482 319 2534 41⁰
338 2485 386 2550 poli
406 2496 483 2536 austr.
502 2489 527 2536 in
547 2489 634 2537 itinere
652 2481 747 2537 Draoil
776 2488 859 2536 Cur'
852 2503 877 2536 ιιι
896 2487 956 2537 locis
975 2487 1158 2536 amtralioribus
1177 2487 1256 2536 hieme
1274 2489 1354 2550 malus
1372 2488 1458 2552 trigue,

99 2571 174 2620 quam
192 2560 217 2606 in
236 2557 273 2606 his
292 2558 439 2606 maritimis?
471 2559 563 2607 Contra
583 2566 680 2607 aestate
699 2559 749 2607 illie
767 2561 847 2620 major
865 2567 949 2607 aestus
969 2565 1015 2614 est,
1034 2573 1108 2621 quarn
1126 2558 1174 2618 hic,
1194 2559 1253 2606 licet
1265 2559 1318 2606 dies
1336 2560 1386 2607 sint
1403 2559 1456 2607 lou·

101 2630 197 2692 giores,
225 2635 251 2677 et
267 2637 366 2692 propter
384 2644 477 2679 moram
496 2630 631 2694 longiorem
651 2629 715 2679 Solle
738 2644 813 2692 supra
830 2629 982 2678 horizontem
999 2632 1072 2692 juxta
1089 2635 1159 2678 tuam
1177 2631 1327 2678 renuntiem
1347 2635 1373 2678 et
1391 2629 1457 2679 calor

99 2702 179 2762 major
197 2715 251 2750 esse
271 2700 379 2749 deberet.
419 2700 515 2749 Suntne
534 2701 652 2764 planetae
676 2708 796 2751 certorum
821 2708 948 2750 ventorum
967 2695 1093 2750 motoresl
1129 2700 1264 2749 Habentne
1282 2700 1372 2765 singuli
1389 2702 1457 2749 venti

101 2777 196 2819 certam
216 2784 233 2819 a
250 2778 341 2820 natura
359 2771 464 2820 inditam
484 2771 679 2835 proprietatem?
716 2772 763 2821 Vel
781 2774 862 2836 potius
881 2786 897 2821 a
915 2772 1012 2820 natura‘
1024 2771 1071 2820 loci
1090 2778 1116 2820 et
1133 2770 1257 2836 regr'onie‘.l

100 2921 105 2930 ,
189 2860 393 2938 Keplerus:
432 2861 498 2921 Hoc
522 2879 589 2922 esse
604 2869 677 2942 puto
690 2860 963 2940 transsequatorils
981 2870 1143 2939 perpetuas
1163 2858 1353 2934 serenitates,
1378 2859 1456 2940 quod

99 2948 186 3010 uobis
212 2957 370 3010 aestatem.
413 2951 453 3011 Et
476 2958 511 3011 nt
535 2949 620 3029 nobis
644 2949 693 3010 nix
718 2957 837 3010 aestate
861 2967 919 3009 uon
943 2949 1034 3023 cadit,
1060 2949 1219 3010 turbantur
1243 2957 1344 3009 tamen
1365 2947 1454 3009 calidi

92 3039 177 3106 dies
192 3037 325 3117 frigidis,
361 3039 405 3099 ita
428 3039 487 3099 illis
512 3039 567 3100 sub
596 3045 752 3117 aspectus,
776 3038 803 3099 si
826 3057 884 3099 non
907 3037 1041 3118 pluviae,
1067 3045 1148 3098 certe
1172 3036 1336 3098 nubeculae
1360 3044 1456 3098 erunt.

100 3125 195 3187 Venti
219 3127 337 3207 quidem
352 3146 389 3187 err
405 3128 565 3201 montibus,
591 3127 644 3188 sed
659 3147 696 3189 ex
712 3128 774 3189 alia
788 3129 864 3189 forte
880 3126 1061 3200 continente,
1087 3133 1119 3187 et
1133 3125 1274 3200 continui,
1299 3124 1369 3205 qnia
1383 3145 1455 3210 qon-

99 3215 185 3276 tinua
200 3215 345 3277 montium
360 3216 522 3290 exhalatio,
549 3215 598 3294 qui
613 3215 650 3277 iis
666 3216 739 3277 locis
755 3215 858 3278 Solem
873 3216 1065 3277 accedentem
1081 3215 1187 3276 lortius
1202 3214 1345 3289 sentiunt,
1370 3230 1457 3296 quam

100 3324 162 3366 uos.
210 3303 293 3365 Pluit
317 3305 447 3366 fortasse
472 3306 549 3384 apud
575 3305 643 3365 illos
667 3314 797 3377 montes,
823 3312 856 3365 at
878 3305 981 3384 pluvia
1004 3304 1064 3365 cito
1089 3303 1235 3365 considet.
1281 3302 1376 3364 Venti
1400 3322 1455 3364 va-

98 3402 180 3455 stum
204 3411 348 3455 oceanum
372 3402 503 3468 tranant,
524 3393 693 3472 pluviarum
717 3393 848 3455 soboles.
897 3391 931 3454 Si
956 3393 1021 3472 quis
1045 3391 1118 3453 mihi
1142 3392 1335 3472 consignaret
1358 3392 1457 3453 omnia

99 3481 312 3555 observabilis,
338 3491 493 3543 ventorum
518 3483 642 3562 plagas,
668 3483 758 3543 facile
783 3481 981 3560 confingerem
1006 3481 1204 3562 hypotheses,
1226 3478 1333 3559 juncta
1355 3489 1458 3541 astro·

99 3571 217 3632 nomiae
241 3572 481 3651 cosmographia.
527 3570 610 3632 Nihil
635 3571 709 3632 adeo
734 3571 877 3632 insolens.
920 3570 1024 3631 Ilabet
1048 3578 1078 3630 et
1098 3563 1231 3630 Graecia
1253 3576 1353 3629 statas
1376 3576 1465 3629 tem*

97 3668 254 3741 pestates;
280 3658 444 3721 Germania
467 3659 504 3720 ob
527 3659 705 3720 vastitatem
729 3668 762 3722 et
784 3659 906 3721 crebros
921 3666 1038 3719 montes
1062 3657 1160 3718 miuus
1184 3657 1231 3717 his
1255 3665 1380 3718 assueta
1399 3665 1455 3730 est,

99 3749 280 3831 praesertim
303 3749 416 3810 boreali
443 3749 538 3810 litore.

190 3838 225 3900 In
249 3837 479 3916 septentrionali
503 3837 646 3898 Amerina
663 3843 807 3938 a,pparet
833 3834 1058 3896 exhalationuur
1082 3853 1156 3913 opus
1181 3852 1260 3894 esse
1269 3835 1385 3893 tantuin
1405 3831 1459 3894 111-

100 3946 175 4006 gus,
206 3935 240 3988 ut
263 3927 343 4008 apud
368 3946 421 3987 uos
446 3927 541 3988 simile
567 3925 669 4005 quid
661 3926 809 3985 interdum
834 3931 963 3986 aestate.
1010 3924 1094 3984 Haec
1118 3923 1172 3983 illa
1193 3921 1290 4001 regio,
1320 3922 1398 3982 unde
1422 3922 1461 3983 ad

99 4035 155 4077 nos
190 4016 325 4077 Nordost
362 4016 412 4077 ille
451 4015 588 4093 frigidus.
637 4011 716 4084 Quid
746 4013 772 4074 si
796 4014 836 4075 ibi
861 4012 945 4073 culus
975 4011 1100 4073 muudi?
1144 4011 1264 4074 Natura
1291 4009 1391 4073 ventis
1422 4011 1460 4072 ab

100 4104 226 4184 originis
250 4113 283 4166 et
301 4104 481 4165 atransitus
497 4104 580 4164 locis.
619 4102 783 4182 lmpetuosi
803 4101 942 4163 videntur
965 4119 981 4161 e
999 4101 1164 4180 propinquo
1180 4100 1290 4161 venire.
1327 4099 1460 4161 Austra-

103 4193 181 4255 libus
204 4201 239 4254 ut
270 4192 406 4255 omnibns
438 4193 512 4254 locis
543 4192 636 4269 frigus
662 4200 694 4252 et
717 4201 821 4253 aestus
851 4210 870 4250 a
896 4190 1043 4252 tenuitate
1072 4189 1152 4251 atris
1180 4189 1339 4268 adjuvatur
1368 4197 1462 4250 anta

101 4282 213 4343 ventis.
269 4282 348 4342 Illuc
380 4282 513 4361 Angliae
547 4282 618 4342 mite
649 4280 744 4359 l'rigus
776 4299 881 4342 crasso
910 4286 991 4341 altre.
1044 4277 1201 4362 Lirnpidus
1231 4277 1323 4355 igitur
1350 4284 1403 4338 atir
1431 4277 1460 4338 iu

101 4371 262 4446 Pernana,
293 4380 396 4432 aestus
420 4390 492 4432 vero
516 4371 630 4448 major,
664 4369 733 4448 quia
757 4368 809 4430 Sol
836 4368 946 4443 altior,
984 4375 1016 4430 et
1038 4367 1106 4446 plns
1129 4367 1224 4428 vincit
1246 4365 1375 4426 altitudo
1398 4365 1459 4439 illa,

101 4477 192 4541 quam
216 4469 323 4522 nostra
347 4459 405 4521 diei
430 4459 598 4538 longitudo.
644 4459 714 4519 Mea
738 4457 884 4535 principia
912 4476 970 4517 non
995 4466 1171 4534 comparant
1199 4455 1335 4516 diversas
1360 4454 1461 4534 regio·

101 4570 167 4626 ures,
192 4549 247 4612 sed
271 4549 427 4612 cumulant
450 4548 615 4628 qualitates
639 4546 668 4608 iu
693 4565 750 4608 uno
775 4547 875 4625 aliquo
892 4552 973 4607 adro.
1018 4544 1138 4617 Pluvia,
1163 4553 1280 4618 ventus,
1306 4564 1343 4605 an
1363 4544 1461 4605 sumus

102 4639 145 4701 sit
169 4638 297 4712 futurus,
325 4638 405 4719 quod
429 4638 569 4710 exhalat,
595 4636 624 4696 iu
649 4637 763 4696 Terrae
787 4633 946 4696 habilitate
972 4635 1062 4695 situm
1087 4633 1233 4710 arbitror,
1256 4649 1314 4694 non
1339 4633 1368 4694 in
1390 4633 1459 4712 pla-

99 4735 238 4791 netarum
262 4727 365 4790 arbit
328 4736 396 4789 t.rro
442 4726 485 4789 Et
512 4733 613 4805 tamen
648 4725 747 4805 aptior
777 4723 854 4785 alius
887 4723 925 4783 ad
957 4723 1048 4785 aliam
1078 4722 1281 4829 conditionem
1305 4722 1459 4797 materiae,

99 4836 167 4881 cum
191 4819 253 4882 siut
276 4815 412 4881 distincti
435 4796 595 4879 coloribus.

1137 4961 1141 4966 .
1182 4913 1216 4965 22
1226 4916 1243 4947 ὖ
