3428 5542
250 331 319 401 358
675 334 777 385 Literna
794 334 899 399 Kepleri
918 335 1069 401 thome
1084 342 1189 389 numae

249 496 278 547 in
295 494 376 561 prima
394 497 522 545 creau’oua
541 500 636 546 certam
655 499 794 559 respectum
813 495 891 559 signis
912 501 938 544 et
949 495 1057 558 planetis
1069 496 1223 553 attribuisse.
1241 497 1275 547 ad
1285 497 1350 548 haec
1361 497 1401 549 rel
1413 498 1469 551 ιΙι
1480 497 1542 550 loca
1557 510 1623 563 pat

251 566 308 619 allis
327 565 471 616 afficienda

234 674 244 687 .
324 636 391 697 Quid
416 638 495 686 sentis
521 636 552 685 de
577 637 671 701 ignium
697 636 776 700 globis
803 651 832 685 ex
852 635 930 685 atre?
967 637 1020 701 ligo
1044 643 1103 701 puto
1123 652 1177 688 esse
1204 639 1351 702 imperiecta
1367 640 1496 704 quaedam
1515 653 1623 705 calpon

253 710 386 768 metica,
405 722 456 756 uon
475 709 537 756 satis
556 708 698 764 sublimatu
719 723 749 756 ex
767 709 875 756 materia
892 707 990 756 diversa
1008 715 1034 756 et
1052 710 1098 756 sibi
1118 713 1243 758 contraria
1261 717 1383 760 connum.

323 778 383 828 Jam
401 778 520 827 describit
536 780 692 828 observatam
712 793 727 827 a
746 794 772 827 se
791 778 920 828 stellam
944 779 1133 828 variabilem
1156 781 1182 829 iu
1201 787 1257 831 ceto
1276 788 1302 830 et
1319 782 1356 830 sic
1374 781 1518 831 concludit:
1542 779 1620 840 Vale,

251 850 317 915 rige,
337 848 412 898 tiore!
449 848 522 898 Brevi
540 849 612 912 plura
630 849 661 897 de
680 857 778 899 cometa
796 857 839 898 tuo
858 857 884 898 et
904 850 959 898 aliis
976 850 1087 899 habebis.
1126 849 1211 900 Scribe
1235 866 1330 916 quoque
1348 853 1423 909 mihi,
1449 864 1520 916 quac
1544 851 1623 902 harh

252 921 381 970 sarisam
397 922 538 984 praecessio
558 922 769 983 aequinoctiorum
794 928 904 984 ternpore
923 921 1074 981 Ptolemaei,
1100 922 1198 984 qudem
1223 931 1250 971 tu
1276 931 1383 988 tuusque
1401 923 1566 987 Hipparchus
1591 936 1623 973 ιι

253 991 368 1056 dssigsuti
386 999 497 1041 veterum
516 992 686 1041 observatione
705 993 827 1042 invenitis.
867 990 945 1051 Vale,
965 994 998 1040 mi
1016 994 1185 1043 amantissime
1206 994 1329 1058 Ksplere,
1355 1003 1383 1044 et
1400 996 1548 1045 mamm
1566 995 1623 1045 vin

253 1076 286 1113 ιι
303 1063 373 1115 vste.
398 1069 426 1111 ut
444 1070 564 1127 unquam
582 1062 655 1111 Atlas
673 1063 768 1112 coelum
795 1078 825 1112 ac
843 1062 975 1125 sphaeram
998 1070 1042 1112 tna
1060 1065 1164 1113 scientia
1188 1065 1288 1121 fulcire,
1314 1068 1364 1114 imo
1382 1080 1506 1116 renovare
1531 1066 1622 1129 pouh-

256 1132 328 1184 osus
347 1133 377 1183 0.
397 1133 435 1182 lt.
454 1134 499 1182 tibi
517 1135 581 1183 vires
600 1148 630 1184 ac
649 1147 720 1182 snam
739 1136 846 1198 gratiam
866 1135 1003 1199 largissime
1023 1136 1054 1183 ad
1074 1135 1099 1184 id
1116 1150 1176 1198 opus
1196 1138 1374 1186 communicet!
1400 1140 1492 1187 Amen.
1531 1135 1626 1187 Sal*

252 1211 324 1255 tuam
342 1206 410 1268 piam
428 1219 528 1254 uxorem
552 1213 578 1253 et
596 1219 680 1253 omues
700 1205 862 1266 Tychonicos.
900 1204 1040 1269 (inscripsit
1067 1206 1113 1255 has
1132 1207 1217 1256 literas
1240 1210 1291 1257 sic:
1318 1208 1536 1258 hosdentissium
1554 1205 1623 1256 Cae·

253 1288 344 1325 ιιιιιι
361 1275 503 1337 Maiestatis
522 1278 669 1325 Astrouomo
693 1290 723 1326 ac
741 1276 885 1326 Ptolemaeo
905 1278 1052 1326 Germanico
1071 1278 1104 1326 D.
1122 1278 1146 1327 J.
1167 1279 1288 1341 Keplero,
1308 1280 1388 1328 amico
1407 1295 1453 1329 suo
1471 1279 1624 1328 aarum

254 1353 282 1397 et
298 1349 415 1403 uranico,
440 1349 542 1397 uranico
556 1355 581 1397 et
599 1349 672 1396 unice
691 1346 815 1409 colendo.)
837 1373 869 1381 -
890 1349 927 1397 Ea
939 1363 1003 1412 qnae
1017 1349 1111 1412 reliqua
1122 1355 1180 1397 suut
1193 1349 1280 1398 harum
1293 1351 1454 1412 epistolarum
1467 1349 1624 1400 muman

254 1417 387 1468 ιιίιιιῐιᾶι
405 1426 475 1475 suut,
504 1425 533 1467 ut
550 1419 664 1474 diximus,
693 1420 726 1467 ad
744 1420 817 1468 libros
836 1419 936 1481 Kepleri
966 1420 996 1467 de
1016 1419 1145 1481 Optica,
1173 1418 1261 1468 Nora
1280 1419 1389 1470 Stella
1414 1423 1574 1472 etmuima
1592 1435 1624 1469 aa

254 1497 326 1553 parte
344 1489 382 1538 tle
401 1489 522 1547 Marte,
541 1490 572 1539 de
590 1505 638 1553 quo
651 1491 777 1539 Fabricius
795 1490 918 1553 permulta
930 1505 1009 1554 eaque
1022 1507 1071 1539 uon
1084 1492 1183 1539 omnino
1196 1491 1331 1553 rejicienda
1344 1493 1376 1542 ad
1389 1492 1529 1557 Keplerum
1542 1491 1622 1542 ustis

329 1772 401 1833 Quae
427 1785 483 1821 cum
503 1772 558 1821 aliis
576 1773 735 1836 Keplerur
759 1788 804 1836 per
820 1773 905 1822 literas
930 1775 982 1838 egit
1007 1773 1037 1822 de
1060 1774 1131 1823 rebus
1154 1773 1307 1839 astrologicis
1326 1773 1535 1841 calendariisque
1561 1778 1624 1834 sui.

256 1847 346 1910 partim
365 1858 441 1908 supra
458 1847 635 1908 proposuimus,
655 1847 745 1908 partim
763 1847 861 1908 propius
880 1847 1008 1909 attingunt
1026 1845 1113 1894 librum
1132 1845 1163 1895 de
1182 1840 1355 1895 stsoa‘tiovc
1394 1847 1546 1899 humina
1557 1848 1626 1901 linet

327 1986 482 2038 Nicolaus
507 1984 610 2035 Viche
629 1984 792 2046 (Vichenins,
823 1987 898 2045 „Sao
919 1986 990 2035 Caes.
1012 1985 1153 2047 Maiestatis
1173 1986 1296 2049 dapiier“.
1323 1996 1424 2051 postea:
1452 2002 1489 2045 ,a
1513 1990 1627 2040 cornutis

258 2054 420 2118 metallicw)
439 2057 510 2121 plura
527 2058 580 2120 egit
597 2073 641 2119 per
658 2057 743 2106 literas
762 2073 818 2106 cum
836 2058 944 2120 Keplero
965 2059 1138 2110 astronomica.
1157 2057 1200 2106 sed
1220 2073 1284 2121 quae
1302 2067 1448 2121 spectarent
1466 2062 1583 2111 maxima
1594 2077 1627 2112 ιι

257 2139 329 2196 parte
348 2130 505 2194 astrologica
526 2127 624 2191 (Comp.
644 2128 755 2178 Hansch.
775 2146 799 2191 p.
820 2125 982 2188 ooo-333.)
1020 2129 1122 2177 Praeter
1140 2128 1191 2177 alia
1209 2131 1308 2191 saepius
1327 2145 1343 2178 a
1361 2131 1473 2195 Ksplero
1493 2133 1572 2195 petit.
1596 2140 1626 2182 ι

256 2204 303 2267 ipsi
329 2203 409 2252 varios
434 2200 587 2265 ,dirigendi“
608 2201 693 2248 modos
721 2201 833 2262 explicet
871 2201 910 2249 Ad
935 2200 999 2249 haec
1023 2201 1150 2263 respoudit
1167 2200 1329 2264 Keplarus
1352 2199 1389 2263 (d.
1409 2200 1436 2250 8.
1455 2203 1517 2253 Feb.
1539 2200 1626 2264 tort)

259 2274 326 2323 huuc
343 2274 368 2322 iu
386 2272 498 2321 modum:

472 2358 668 2422 Nobilissime
693 2359 829 2432 Domine,
854 2360 968 2420 Pautor
992 2356 1221 2421 Colendissime.

347 2450 423 2530 Legi
446 2449 612 2511 Ptolemaei
638 2449 734 2509 locum
759 2467 824 2508 cum
840 2448 1017 2521 attentione,
1043 2456 1074 2508 et
1093 2448 1195 2509 videor
1210 2448 1279 2509 milri
1297 2468 1417 2510 sensum
1433 2458 1519 2512 recte
1535 2469 1625 2513 com-

259 2540 471 2621 prehendisse,
506 2537 799 2619 quem'esplicobo‚
831 2537 923 2597 misso
949 2535 1105 2611 Cardano,
1139 2538 1224 2616 cnjus
1252 2538 1528 2600 commentationes
1551 2550 1627 2602 sunt

259 2628 448 2692 obscuriores
472 2627 538 2706 ipso
562 2626 732 2687 Ptolemaei
755 2634 850 2698 textu,
875 2634 947 2706 puto
972 2626 1156 2704 prolixitate,
1183 2627 1330 2687 ranetate
1357 2627 1625 2706 imaginationum,

259 2719 361 2780 taedio
378 2717 525 2793 ¹lectionis
544 2725 576 2776 et
599 2716 759 2795 praecipue
782 2714 865 2775 vitiis
890 2714 1128 2795 typographicis.
1141 2707 1167 2785 ⁸)

348 2807 415 2868 Duo
431 2805 523 2885 igitur
547 2805 661 2865 dicam:
691 2803 723 2876 1)
747 2803 965 2863 Doctrinam
990 2802 1242 2864 directionum
1266 2822 1303 2862 ex
1323 2811 1423 2864 mente
1439 2803 1623 2868 Ptolemaei

260 2891 296 2970 2)
319 2895 517 2956 Rationem
542 2891 800 2952 constituendi
825 2892 949 2952 domos
973 2894 1177 2964 coelestes,
1203 2911 1240 2952 ex
1264 2891 1368 2952 eodem
1394 2902 1533 2956 auctore.

349 2984 395 3044 De
410 2981 515 3061 primo.
553 2972 633 3041 Pieri
662 2989 778 3060 potest,
803 2988 836 3039 ut
861 2980 1017 3042 Cardenus
1035 2981 1084 3042 hic
1107 2981 1313 3040 Ptolemaeum
1337 3000 1396 3041 non
1420 2982 1502 3067 male
1527 2981 1625 3044 intel·

260 3071 384 3144 lexerit3
408 3089 465 3131 non
486 3070 683 3130 enimomnes
700 3066 831 3129 Cardani
847 3070 1053 3148 paragraphos
1069 3069 1267 3130 consideravi.
1302 3070 1347 3130 At
1362 3068 1471 3131 Stadio
1492 3071 1626 3133 multum

261 3162 432 3239 deestque
456 3158 552 3219 minus
577 3177 698 3218 sensum
723 3166 827 3219 teneat
841 3159 981 3231 auctoris,
1008 3159 1077 3239 qnia
1094 3159 1228 3219 omnibns
1245 3159 1390 3218 machinis
1406 3158 1463 3220 hoc
1488 3160 1565 3237 agit,
1592 3168 1628 3222 nt

261 3270 299 3311 ex
313 3247 500 3310 Ptolemaiou
516 3246 664 3325 dirigendi
680 3245 768 3307 modo
784 3257 922 3308 exstruat
937 3248 1055 3307 modum
1071 3248 1204 3326 erigendi
1220 3248 1330 3325 figuras
1347 3248 1507 3310 coelestes.
1546 3249 1624 3310 Pto·

261 3337 368 3402 lemaei
394 3335 545 3397 sententia
569 3335 643 3396 haec
667 3344 730 3397 est:
765 3336 922 3397 videndum
947 3356 1031 3409 esse,
1061 3346 1132 3415 qnot
1155 3337 1299 3414 graduum
1325 3337 1502 3416 aequatoris
1532 3340 1624 3400 rolu-

258 3428 340 3491 tione
364 3425 576 3504 significatoris
600 3424 692 3486 situm
716 3435 896 3504 assequatur
919 3425 1091 3503 promissor.
1139 3422 1218 3494 Quia
1234 3444 1305 3485 vero
1321 3426 1464 3486 zodiacus
1480 3426 1626 3507 obliquus

261 3525 318 3590 cst,
345 3515 468 3596 ejusque
492 3521 606 3593 partes,
633 3513 689 3575 uisi
706 3513 817 3574 fuerint
832 3513 993 3583 antisciae‚
1017 3522 1168 3592 nequeunt
1192 3514 1268 3573 idem
1294 3515 1452 3574 meridiani
1478 3524 1512 3576 et
1536 3515 1627 3577 hori-

259 3605 357 3668 zontis
373 3611 515 3685 punctum
530 3602 674 3676 transire,
700 3601 767 3662 ideo
783 3602 886 3663 definit
900 3603 1109 3674 Ptolemaeus,
1134 3603 1203 3681 quid
1224 3601 1265 3661 sit
1280 3602 1426 3663 identitas
1447 3605 1527 3665 situs
1542 3604 1627 3666 inter

258 3704 363 3775 partes
378 3692 492 3754 zodiaci
508 3710 567 3752 non
582 3691 736 3753 antiscias.
784 3689 859 3750 Eam
884 3691 1017 3751 definivit
1030 3710 1084 3770 per
1104 3690 1280 3751 identitates
1300 3692 1401 3751 circuli
1417 3692 1626 3771 positionum

260 3791 330 3846 tunc
355 3782 432 3842 enim
456 3780 669 3861 promissorem
693 3781 829 3840 obtinere
854 3779 980 3840 similem
1005 3779 1093 3840 sitnm
1123 3779 1218 3853 illius,
1253 3798 1339 3857 quern
1364 3781 1500 3841 habebat
1525 3780 1626 3861 sigui-

260 3872 374 3942 ficator,
390 3872 416 3931 si
431 3871 595 3949 promissor
614 3869 754 3930 inciderit
769 3869 797 3929 in
816 3869 958 3929 circulum
973 3868 1141 3947 positionis,
1163 3887 1248 3946 quem
1267 3869 1453 3945 significator
1468 3879 1626 3931 tenuerat.

260 3960 376 4022 Deinde
392 3959 511 4039 quaerit
529 3958 609 4018 viam
625 3967 655 4018 et
670 3957 851 4032 methodum,
878 3957 1023 4036 quomodo
1037 3958 1217 4036 perducatur
1231 3958 1396 4036 promissor
1411 3959 1448 4018 ad
1465 3959 1546 4022 hunc
1561 3961 1625 4022 cir·

261 4050 369 4113 culum.
418 4047 515 4119 Quum
540 4055 640 4107 autem
665 4066 722 4106 non
740 4056 896 4107 exstarent
912 4046 1043 4117 tabulae,
1068 4045 1181 4107 similes
1198 4046 1259 4105 tab.
1286 4047 1483 4109 directionum
1503 4047 1626 4130 Regio·

261 4137 410 4211 montani,
445 4137 550 4218 quibus
585 4135 810 4214 expeditissime
837 4135 990 4212 negotium
1023 4136 1061 4195 ad
1096 4145 1226 4195 mentem
1256 4135 1422 4196 Ptolemaei
1459 4138 1626 4215 perficitur,

262 4228 330 4290 ideo
361 4226 496 4305 confugit
520 4225 712 4285 Ptolemaeus
744 4225 781 4284 ad
807 4223 926 4286 horaria
956 4232 1107 4303 tempora,
1139 4235 1167 4283 et
1194 4223 1280 4294 dicit,
1311 4232 1380 4285 tnnc
1409 4244 1477 4284 esse
1502 4225 1630 4289 diversa

261 4315 376 4379 zodiaci
405 4324 517 4394 puncta
540 4333 629 4395 super
653 4316 757 4375 eodem
773 4312 882 4374 circulo
898 4313 1066 4392 positionis,
1093 4313 1120 4372 h.
1143 4333 1168 4372 e.
1190 4313 1217 4372 in
1239 4312 1330 4372 simili
1346 4314 1415 4386 situ,
1441 4333 1508 4375 curn
1525 4316 1627 4395 quod-

263 4406 339 4467 libet
358 4422 459 4464 eorum
482 4421 535 4480 per
550 4423 620 4462 snas
636 4404 773 4482 proprias
789 4403 879 4462 horas
896 4403 1077 4480 temporales
1102 4403 1170 4472 (seu
1184 4401 1387 4480 planetarias)
1411 4404 1535 4482 aequali
1558 4424 1628 4466 cnm

262 4492 372 4556 ceteris
396 4510 519 4552 numero
544 4501 674 4565 sumtus,
710 4491 917 4551 ameridinno
948 4490 1100 4551 distiterit.
1148 4489 1217 4549 Jam
1248 4490 1338 4568 igitur
1370 4491 1425 4551 huc
1451 4493 1629 4556 devolvitur

263 4580 427 4661 negotium,
451 4587 485 4639 nt
503 4589 658 4641 teneamus
674 4580 818 4640 rationem
839 4588 870 4640 et
884 4581 1066 4651 methodum,
1094 4599 1151 4656 qna
1167 4579 1223 4638 dno
1240 4579 1359 4639 diversa
1376 4580 1492 4641 zodiaci
1509 4592 1629 4661 puncta

264 4669 384 4750 aequali
408 4668 572 4730 interstitio
597 4669 735 4729 horarum
761 4670 865 4748 cuique
890 4669 1075 4747 propriarum
1097 4669 1139 4727 ll.
1158 4664 1192 4728 C.
1216 4667 1448 4741 admoveantur,
1475 4678 1509 4730 nt
1532 4670 1625 4734 simul

263 4768 366 4843 tamen
389 4757 570 4830 innotescat,
595 4768 667 4836 ‹poot
681 4759 793 4836 gradus
810 4757 983 4838 aequatoris
1000 4757 1193 4817 meridianum
1213 4766 1373 4816 transeant
1390 4758 1522 4833 interim,
1550 4761 1622 4821 dnm

262 4865 341 4911 uuus
361 4845 447 4909 loeus
471 4846 646 4926 postellum
661 4847 791 4910 adhunc
806 4846 975 4927 quaesitum
990 4845 1171 4926 pervenerit.
1210 4845 1260 4906 Ad
1276 4843 1332 4906 hoc
1347 4857 1381 4906 ut
1395 4846 1627 4926 perveniamus,
