3428 5542
235 294 298 367 tlt
792 293 1024 345 mamaeam

232 457 377 521 Architse
397 475 435 517 ex
450 453 595 517 Cicerone
616 448 843 526 interimam:
875 451 929 526 „Si
948 453 1064 514 coelum
1083 454 1180 534 ipsum
1201 454 1415 528 ascendissem,
1434 462 1593 517 naturam-

233 564 288 626 que
313 543 435 615 mnndi,
468 551 500 607 et
528 541 777 621 pulchritudinem
806 541 937 603 siderum
964 541 1084 620 penitus
1107 543 1348 622 perspexissem,
1383 543 1517 605 insuavis
1539 542 1594 603 illa

233 632 302 696 mihi
330 633 406 693 foret
432 630 612 704 admiratio,
647 630 760 691 uisite
785 631 926 691 lectorem
951 649 1095 710 aequum,
1127 640 1276 692 attentum
1306 643 1337 693 et
1360 631 1519 713 cupidum,
1546 630 1593 691 cui

233 739 394 793 narrarem,
415 720 589 781 haberem.“
627 719 711 780 Haec
727 718 776 780 ubi
793 719 978 797 cognoveris,
1003 720 1027 780 si
1052 738 1165 799 aequus
1189 739 1232 793 es,
1256 720 1423 783 abstinebis
1447 741 1465 781 a
1487 738 1593 798 repre-

232 810 444 882 hensionibus,
475 828 550 888 quas
579 827 634 868 nou
665 809 728 869 sine
759 827 851 868 cansa
879 808 1060 887 praesagio:
1092 809 1138 870 sin
1170 818 1270 870 autem
1298 828 1352 871 sno
1384 808 1503 888 quidem
1529 808 1595 868 loco

234 899 375 978 relinquis
399 898 478 958 ista:
511 897 618 959 metuis
643 906 759 970 tamen,
788 908 822 957 ut
844 906 929 958 certa
952 899 1027 969 sint,
1057 907 1148 977 atque
1171 906 1205 958 nt
1227 916 1284 977 ego
1308 897 1486 977 triumphum
1512 895 1594 957 ceci-

233 988 325 1050 nerim
350 996 420 1049 ante
443 985 618 1047 victoriam:
644 1004 716 1063 ergo
739 986 787 1047 rel
812 986 933 1046 taudem
957 986 1096 1064 pagellas
1121 987 1203 1065 ipsas
1226 987 1353 1059 accede,
1378 996 1410 1047 et
1433 1004 1510 1059 rem,
1535 1002 1596 1064 qna

233 1078 270 1139 de
294 1076 409 1155 pridem
434 1074 558 1153 agimus,
584 1093 742 1152 cognosce.
781 1074 849 1135 Non
873 1075 1005 1153 reperies
1029 1093 1122 1134 novos
1146 1082 1178 1135 et
1202 1075 1369 1154 incognitos
1388 1073 1536 1153 planetas,
1562 1080 1597 1133 nt

232 1166 321 1244 paulo
347 1173 438 1226 arrtea
467 1163 680 1242 interpositos,
709 1181 766 1223 non
798 1186 833 1222 ea
863 1163 932 1224 inihi
962 1163 1107 1241 probatur
1131 1164 1278 1236 audacia;
1303 1164 1358 1225 sed
1382 1162 1451 1224 illos
1474 1174 1596 1223 veteres

233 1274 338 1333 parum
364 1253 524 1313 admodum
549 1253 680 1323 luxatos,
705 1251 864 1329 interjectu
889 1271 958 1312 vero
979 1252 1199 1313 rectilineorum
1223 1271 1378 1332 corporum
1403 1250 1596 1330 quantumvis

233 1342 362 1405 absurdo
386 1342 430 1403 ita
453 1341 594 1413 munitos,
619 1348 652 1400 ut
676 1358 772 1417 porro,
798 1339 904 1417 quibus
926 1340 1011 1402 uncis
1032 1341 1220 1420 coelumque
1242 1342 1340 1404 minus
1363 1349 1441 1412 ruat,
1465 1357 1596 1418 snspen-

233 1431 331 1502 datnr.
357 1430 512 1510 quaerenti
537 1430 649 1490 rustico
673 1427 854 1506 respondere
878 1429 988 1507 possis.
1037 1429 1126 1490 Vale.

547 1623 589 1683 ΙΝ
616 1621 948 1684 PRAEFATIONEM
973 1621 1032 1684 AD
1057 1620 1285 1684 LECTOREM

759 1743 874 1794 sorus
894 1744 1070 1796 sucronrs

314 1850 346 1922 a)
367 1854 427 1907 Etsi
457 1852 547 1906 omnia
568 1852 692 1906 omuibus
714 1853 878 1917 cohaerent,
910 1872 1037 1908 numerus
1070 1863 1161 1909 tamen
1190 1872 1241 1908 sex
1272 1854 1462 1924 primariorum
1490 1853 1598 1908 orbium

234 1935 343 2007 proprie
365 1935 505 1986 desumtus
526 1940 571 1985 est
591 1951 627 1985 ex
650 1932 767 2004 quinque
789 1935 948 2003 corporibus
971 1935 1053 1988 solis:
1077 1936 1233 2005 proportio,
1255 1936 1363 2003 potiore
1385 1935 1493 2005 quidem
1513 1942 1597 2003 parte

237 2015 434 2084 acorporibns
456 2012 574 2084 quinque
596 2013 784 2083 geometricis,
813 2016 859 2066 sed
882 2031 953 2085 quae
975 2024 1068 2068 tamen
1089 2016 1161 2068 circa
1182 2015 1293 2069 minima
1313 2015 1448 2068 concessit
1469 2014 1597 2076 motibus,

238 2104 269 2150 nt
290 2111 392 2148 causae
414 2093 490 2146 tlnali
512 2093 539 2145 in
561 2093 648 2146 ideam
670 2094 760 2163 operis
782 2103 912 2164 receptae
931 2094 1025 2148 statim
1048 2095 1133 2149 initio.
1175 2095 1213 2149 Et
1236 2095 1287 2148 hoc
1311 2095 1418 2166 quidem
1437 2093 1597 2164 intelligen-

236 2179 298 2230 dum
317 2183 362 2228 est
377 2175 410 2226 de
431 2173 548 2226 motibus
567 2173 698 2243 cujusque
715 2175 849 2243 planetae
874 2173 1029 2227 tardissimo
1049 2192 1114 2237 uno,
1141 2176 1230 2228 altero
1253 2175 1437 2237 velocissimo.
1466 2175 1500 2227 de
1519 2174 1597 2226 moti·

238 2259 303 2318 bns,
330 2255 437 2307 scilicet
460 2270 544 2306 causa
571 2269 640 2306 snae
667 2253 847 2322 proprietatis
872 2254 1060 2308 consideratis.
1103 2255 1195 2309 Motus
1220 2272 1285 2308 rero
1309 2255 1451 2325 perimici,
1482 2255 1534 2308 hoc
1555 2259 1597 2306 est

238 2351 364 2391 numerus
389 2333 492 2386 dierum
516 2334 542 2385 in
568 2333 781 2403 uniuscnjusque
804 2336 938 2404 planetae
962 2334 1090 2388 circuitus
1115 2336 1268 2398 derivatus,
1299 2343 1356 2389 tam
1380 2351 1397 2389 a
1419 2333 1599 2404 proportione

237 2416 350 2478 orbium,
382 2430 462 2484 quam
481 2414 517 2466 ab
536 2413 788 2467 eccentricitatibus
811 2415 895 2485 (qnae
918 2433 954 2467 ex
975 2415 1129 2469 llarmoniis
1149 2422 1214 2468 sunt
1237 2414 1425 2479 constitutae)
1450 2413 1561 2484 lougius
1582 2429 1599 2465 a

238 2496 255 2550 5
275 2495 434 2564 corporibus
455 2501 638 2547 secesserunt.

318 2572 347 2637 b)
368 2575 463 2628 Habes
483 2573 559 2626 illam
579 2574 794 2643 disputationem
814 2574 984 2627 cumulatam
1004 2574 1030 2627 in
1048 2574 1188 2643 Epitomes
1207 2575 1402 2629 Astrouomiae
1422 2574 1468 2628 lib.
1489 2575 1509 2628 l.

318 2653 344 2719 c)
366 2656 473 2708 inserta
498 2662 541 2706 est
565 2654 634 2707 haec
657 2653 808 2723 disputatio
824 2653 1031 2708 Commentariis
1051 2655 1117 2707 rucis
1142 2657 1175 2708 de
1197 2663 1271 2708 motu
1292 2655 1404 2717 blattis,
1433 2652 1599 2723 praesertim

239 2737 265 2790 in
283 2735 499 2788 introductione:
526 2733 663 2803 reperitur
680 2751 745 2786 reru
764 2741 894 2787 accurate
916 2733 985 2787 libro
1004 2735 1051 2788 ll'.
1070 2735 1219 2803 Epitomes.
1253 2740 1427 2805 Argumenta
1449 2735 1533 2804 plane
1553 2735 1600 2786 de-

239 2815 421 2869 monstrativa
440 2832 476 2867 ex
495 2813 666 2883 penitissima
682 2813 866 2867 astronomiae
886 2813 1091 2867 restauratione
1110 2816 1275 2869 concinnata
1294 2823 1366 2868 snut.

320 2894 348 2955 d)
370 2893 606 2964 Cosmographiae
625 2894 731 2963 quidem
749 2893 831 2946 titulo
851 2895 955 2946 nullum
975 2913 1009 2946 ex
1036 2894 1083 2947 illo
1103 2903 1225 2964 tempore
1244 2894 1342 2948 librum
1362 2895 1446 2948 edidi:
1476 2904 1506 2947 at
1526 2893 1600 2947 aimi·
1687 2928 1691 2936 ·

239 2975 325 3029 litndo
345 2974 401 3026 ista
419 2973 509 3026 relatu
528 2981 572 3025 est
590 2991 607 3026 a
629 2991 670 3026 nie
695 2974 722 3025 in
741 2973 881 3041 Epitomes
904 2974 950 3026 lib.
971 2975 994 3034 1,
1022 2973 1067 3026 nbi
1092 2977 1125 3027 de
1147 2976 1236 3028 mundi
1261 2976 1352 3045 ligura
1368 2975 1489 3033 extima.
1517 2974 1600 3044 inque

240 3056 338 3109 librum
359 3054 406 3106 tv,
428 3052 560 3119 ejusdem.
587 3053 632 3105 ubi
653 3055 686 3105 de
706 3053 792 3104 tribus
808 3053 943 3120 primariis
967 3055 1057 3107 mnndi
1075 3055 1202 3108 membris
1219 3055 1338 3124 disputo.
1381 3056 1438 3108 Nec
1458 3071 1508 3123 pro
1526 3053 1600 3108 simi·

240 3134 354 3188 litudine
365 3132 440 3185 inani
450 3133 641 3195 esthabenda,
663 3134 709 3184 sed
722 3132 900 3185 intercausas
914 3135 1094 3197 accensenda,
1114 3142 1146 3187 nt
1161 3134 1251 3189 mundi
1267 3136 1355 3188 forma
1370 3144 1399 3188 et
1416 3134 1599 3203 archetypus.

319 3212 347 3275 e)
367 3214 428 3266 Non
449 3211 494 3282 qui
517 3213 590 3266 circa
611 3214 707 3266 Jorem
730 3221 865 3275 curreret,
893 3222 925 3266 nt
943 3213 1034 3266 sidera
1057 3215 1178 3267 Galilaei
1200 3215 1339 3275 Mediceis:
1358 3209 1392 3275 ³⁰)
1422 3232 1456 3267 ue
1480 3214 1600 3274 fallaris.

241 3310 379 3363 nunqnam
402 3294 435 3345 de
454 3293 487 3345 iis
506 3293 644 3363 cogitari;
669 3295 716 3346 sed
736 3292 781 3362 qni
802 3300 834 3346 nt
852 3292 903 3361 ipsi
924 3293 1046 3362 primarii
1065 3295 1209 3363 planetae,
1233 3295 1324 3348 Solem
1349 3296 1375 3348 in
1394 3304 1490 3349 centro
1508 3301 1599 3365 syste-

240 3374 320 3428 matis
339 3373 459 3443 positnm
475 3372 611 3426 curriculo
628 3391 677 3426 suo
698 3373 832 3442 cingeret.

320 3453 345 3519 i)
363 3454 407 3507 En
419 3453 480 3522 jam
491 3461 556 3506 tnnc
570 3453 689 3521 rejectos
706 3470 723 3506 a
738 3471 779 3506 me
795 3469 920 3506 numeros
935 3463 1120 3515 numerantes,
1139 3462 1171 3507 ut
1185 3455 1341 3524 appellant.
1383 3455 1502 3509 Eosdem
1515 3453 1601 3507 etiam

240 3533 360 3604 abjicere
381 3551 398 3587 a
418 3533 601 3587 fundamentis
620 3532 784 3587 harmonicis
805 3533 876 3586 inter
895 3532 1047 3602 praecipua
1065 3534 1150 3587 bubni
1170 3535 1197 3587 in
1216 3535 1265 3588 illo
1284 3551 1378 3603 opere.

319 3610 354 3685 gl
373 3614 503 3668 senarius
523 3620 615 3667 tamen
635 3613 722 3666 babet
744 3611 846 3683 aliquid
867 3614 1038 3666 abstractum
1058 3629 1076 3667 a
1097 3614 1247 3675 creaturis.
1276 3617 1347 3685 quod
1367 3614 1472 3668 scilicet
1497 3613 1600 3683 primns

239 3702 283 3750 ert
302 3695 374 3748 inter
393 3694 547 3764 periectos:
576 3693 729 3764 perfectum
749 3701 842 3745 autem
862 3693 887 3745 id
905 3693 1039 3755 habetur,
1070 3694 1092 3746 si
1112 3701 1155 3746 tot
1178 3704 1243 3748 snut
1268 3694 1441 3764 inpartibus
1469 3693 1601 3764 aliquotis

243 3774 373 3838 unitates,
392 3780 459 3843 quot
479 3774 506 3825 in
526 3781 594 3828 toto.
636 3777 679 3826 An
700 3773 770 3825 haec
790 3772 876 3842 igitur
895 3773 1051 3842 proprietas
1070 3774 1198 3827 conciliet
1213 3791 1323 3828 numero
1339 3773 1492 3828 numeranti
1511 3773 1601 3845 digni·

240 3862 325 3909 tatem
347 3856 487 3923 aliquam?
529 3854 723 3907 Consideretnr
742 3862 771 3904 et
790 3853 880 3922 qualis
900 3854 970 3906 baec
989 3854 1024 3906 sit
1044 3854 1174 3924 dignitas.
1195 3863 1224 3908 et
1239 3856 1371 3924 quomodo
1391 3861 1533 3923 competat
1552 3871 1601 3907 nn-

240 3951 323 3989 mero.
366 3935 484 3987 Primum
512 3932 584 3986 haec
609 3934 731 4004 dignitas
755 3932 864 3985 ridetur
891 3950 952 3986 esse
977 3934 1063 3987 nulla.
1105 3935 1175 3988 Nam
1203 3935 1226 3987 si
1254 3935 1377 4005 dignitas
1396 3943 1473 3988 esset
1497 3934 1600 4004 aliqua,

239 4015 348 4068 ridetur
368 4014 525 4067 harmonica
544 4013 690 4083 disciplina
703 4012 888 4066 testinnonium
906 4014 1066 4082 praebitura
1085 4014 1169 4067 luisse
1186 4015 1309 4069 omnibns
1325 4015 1444 4069 numeris
1459 4014 1600 4085 perfectis.

241 4097 280 4147 At
298 4094 348 4147 illa
367 4093 471 4147 nullum
491 4092 590 4162 recipit
605 4100 719 4164 praeter
737 4093 884 4147 senarium.
927 4092 1034 4161 Reliqui
1054 4094 1124 4147 enirn
1145 4096 1260 4164 perfecti
1280 4103 1345 4149 aunt
1364 4095 1511 4165 primorum
1531 4093 1603 4147 mul·

242 4173 365 4244 tiplices.
396 4182 427 4226 nt
456 4181 536 4241 patet
561 4192 597 4226 ex
623 4173 745 4227 Euclidis
774 4173 845 4227 libro
865 4173 913 4225 IX.
940 4190 1018 4242 prop.
1049 4174 1155 4228 ultima.
1198 4176 1288 4237 Quare
1315 4178 1377 4244 (per
1397 4179 1454 4230 Ax.
1479 4176 1507 4229 3.
1537 4174 1601 4228 libri

241 4254 292 4309 mei
316 4254 363 4307 lll.
389 4253 584 4313 llarmonices.
618 4262 648 4306 et
674 4269 724 4322 per
749 4253 832 4322 Prop.
858 4254 884 4306 tl.
905 4253 967 4306 libri
996 4254 1055 4316 ll'.‚
1090 4271 1162 4323 quae
1193 4256 1317 4309 nituntur
1346 4272 1446 4325 propp.
1471 4256 1520 4309 45.
1550 4256 1601 4311 46.

241 4334 287 4388 47.
317 4334 378 4386 libri
408 4328 442 4395 Ι.)
467 4350 559 4387 omnes
586 4333 701 4403 perfecti
726 4332 764 4385 sic
787 4332 851 4386 dicti
881 4333 983 4386 numeri
1012 4341 1126 4402 praeter
1147 4335 1283 4390 senarium
1311 4337 1431 4389 exulant
1460 4352 1477 4389 a
1508 4336 1601 4388 termi-

241 4414 282 4468 nis
302 4413 510 4468 concordantias
531 4413 778 4472 constituentibus;
799 4420 953 4466 attestante
972 4413 1056 4466 etiarn
1076 4432 1159 4468 sensu
1178 4416 1301 4470 auditus:
1320 4416 1400 4485 idque
1415 4425 1531 4486 propter
1545 4414 1600 4485 pri·

241 4512 312 4558 mos.
342 4502 373 4549 ut
389 4493 577 4564 septenarium
604 4501 673 4547 etc..
703 4508 720 4544 a
744 4493 841 4562 quibus
867 4491 1033 4546 derivantur.
1076 4494 1137 4547 Etsi
1165 4494 1237 4548 enim
1260 4496 1394 4550 sectiones
1423 4495 1602 4550 harmonicae

241 4575 310 4632 libro
330 4575 376 4629 111.
398 4591 476 4644 prop.
503 4575 546 4627 19.
576 4581 754 4625 numerantur
781 4579 898 4641 septem,
928 4573 972 4641 qni
1003 4590 1128 4627 numerus
1154 4574 1255 4643 primus
1275 4583 1335 4629 est:
1365 4582 1394 4629 at
1417 4576 1486 4629 nulli
1505 4592 1601 4629 earnm

242 4659 289 4710 dat
304 4656 355 4709 hoc
370 4654 544 4724 septenarius
561 4654 628 4712 iste.
653 4661 682 4705 ut
698 4651 735 4705 sit
749 4651 922 4711 harmonica;
947 4654 994 4705 sed
1008 4653 1083 4722 prins
1099 4655 1240 4722 quaelibet
1263 4672 1358 4726 perse
1373 4664 1417 4708 est
1431 4656 1600 4716 harmonica,

242 4745 341 4806 postea
354 4738 460 4789 demum
474 4733 572 4787 accidit
588 4733 642 4785 illia
653 4731 713 4800 jam
728 4732 883 4785 constitutis
898 4731 1041 4796 unire-raia,
1066 4742 1098 4787 ut
1111 4734 1165 4787 sint
1180 4752 1292 4789 numero
1306 4744 1425 4807 septem:
1448 4737 1496 4789 sed
1512 4754 1601 4806 neque

243 4817 313 4873 baec
327 4817 389 4889 ipsa
403 4814 530 4878 conditio,
555 4828 610 4886 qna
624 4813 790 4868 deliniuntur
812 4812 917 4866 numeri
931 4813 1057 4882 perlecti,
1081 4814 1149 4868 inse
1170 4815 1232 4886 ipsa
1248 4816 1436 4879 considerata,
1452 4816 1601 4891 dignitatis
