3428 5542
719 298 800 363 Caput
818 296 872 360 XX.
1004 364 1007 368 Α
1414 295 1475 360 177

114 462 172 516 306
187 477 273 532 66666
285 459 417 516 Martiam
434 460 510 515 1000
534 464 578 512 660
590 459 669 524 idem,
695 460 740 530 qui
760 477 892 515 excessus
906 459 1028 515 Martiae
1043 459 1195 515 distantiae
1212 460 1287 514 1000
1312 476 1398 530 66666
1412 460 1476 514 Tel·

114 543 181 595 iuris
205 548 356 596 assumtam
371 540 439 595 694.
477 540 538 593 Η66
559 540 591 594 fit
615 539 686 604 ideo,
709 540 775 610 quia
787 540 873 595 Marti
895 541 1006 610 applico
1020 556 1162 595 numerum
1179 540 1264 604 1000,
1289 547 1347 594 tam
1370 540 1477 611 periodi

114 621 237 687 indicem,
254 639 336 692 quam
349 620 469 684 virtutis,
495 635 577 690 quam
592 620 676 674 etiam
692 620 851 676 distantiae.
889 620 975 691 Atqui
989 621 1042 674 boc
1056 638 1111 674 non
1123 627 1176 693 660,
1198 620 1304 675 revolvi
1317 638 1368 690 per
1382 637 1476 675 neces-

114 703 226 771 sitatem
239 702 357 773 regulae
371 700 437 754 falsi
452 701 486 754 ad
502 702 760 765 eosdemnumeros,
777 701 822 771 qui
837 708 919 756 erant
933 701 960 755 in
974 717 1105 770 processu
1119 700 1213 770 priori,
1232 703 1280 753 sed
1295 707 1340 755 est
1354 701 1476 755 invenire

115 784 221 846 iterum,
244 784 315 853 quod
330 781 407 835 initio
422 796 564 851 posueras.
603 781 669 835 Cum
684 781 755 835 enim
779 781 908 852 inprime
923 798 1053 852 processu
1077 782 1128 834 frat
1151 780 1279 835 mediatio
1301 781 1478 835 arithmetica

114 863 187 916 inter
201 862 259 918 687
282 868 311 916 60
325 855 418 920 3657.
441 878 491 931 per
507 853 616 922 5267„
638 863 708 915 duae
733 861 821 933 igitur
843 862 969 916 diversae
993 861 1198 938 constituuntur
1219 861 1421 931 proportiones,
1446 867 1478 915 ut

114 944 141 996 in
157 942 228 996 omni
241 943 295 996 tali
309 941 483 1012 mediatione,
507 941 633 1011 superior
647 942 754 1012 quidem
769 949 798 996 et
812 941 899 996 minor
914 941 971 997 687
988 963 994 995 :
1011 937 1119 1005 5267..
1140 941 1252 995 inferior
1265 958 1331 995 6666
1346 949 1376 995 60
1389 941 1479 1009 major

115 1017 208 1083 5267.
223 1044 233 1078 s
250 1017 359 1086 3657..
376 1038 448 1092 quae
462 1038 512 1090 per
525 1022 653 1092 regulam
667 1021 748 1076 Detri
763 1023 903 1077 translata
917 1022 971 1076 fuit
983 1022 1012 1075 in
1026 1021 1174 1076 distantias
1192 1022 1266 1076 1000
1282 1029 1312 1074 60
1326 1022 1394 1076 694.

196 1121 228 1174 ln
251 1122 370 1174 secundo
391 1134 532 1189 processu,
556 1119 619 1172 dum
642 1120 754 1189 ponitur
776 1119 910 1173 distantia
923 1120 1022 1174 Martis
1049 1120 1133 1183 1000,
1157 1121 1260 1173 Terrae
1276 1119 1342 1183 694,
1367 1119 1492 1193 ponitur

115 1191 204 1272 igitur
226 1201 300 1254 inter
323 1198 471 1253 distantias
484 1199 584 1252 Martis
608 1207 638 1252 et
650 1201 753 1253 Terrae
776 1200 962 1269 proportionis
977 1200 1149 1270 periodorum
1166 1199 1339 1253 arithmetice
1354 1199 1478 1253 bisectae

115 1297 181 1352 pars
196 1281 316 1344 inferior,
341 1279 448 1333 66111660
463 1273 554 1338 5267.
573 1300 579 1332 :
595 1278 653 1334 365
661 1273 700 1340 71.
736 1281 791 1333 1116
804 1297 870 1334 6666
884 1281 1052 1334 transfertur
1069 1280 1181 1333 1661166
1197 1297 1332 1342 numeros,
1356 1297 1394 1334 sc.
1410 1278 1478 1344 687,

117 1361 192 1424 477,
205 1377 256 1430 per
269 1360 397 1430 reguiam
410 1359 500 1412 Detri.
537 1359 566 1413 Si
581 1376 650 1431 ergo
674 1360 955 1430 666666601666687
971 1381 978 1414 :
995 1353 1087 1418 365¹t
1114 1361 1226 1414 auferas
1249 1368 1358 1430 partem
1373 1359 1479 1414 6161666

119 1439 292 1495 arithmetice
306 1439 471 1501 inferiorem,
493 1440 662 1509 applicatam
677 1447 769 1495 tamen
793 1441 909 1494 termino
933 1440 1068 1510 superiori
1083 1439 1150 1505 687,
1175 1440 1292 1512 relinqui
1307 1457 1421 1494 necesse
1435 1444 1480 1495 660
1547 1445 1552 1450 “

117 1520 239 1590 ejusdem
260 1526 369 1591 partem
383 1518 560 1589 6666616666,
584 1522 657 1589 6666
673 1520 818 1574 terminum
841 1520 1006 1584 inferiorem,
1029 1521 1137 1573 66111660
1149 1520 1207 1574 477
1224 1535 1231 1576 :
1248 1521 1305 1575 365
1313 1517 1353 1580 71.
1396 1518 1480 1583 Quali

118 1600 343 1670 transpositione,
366 1606 398 1653 ut
422 1599 513 1652 obiter
535 1616 668 1664 moneam,
692 1617 759 1654 usus
783 1617 843 1654 sum
864 1600 948 1654 etiam
970 1601 999 1654 in
1022 1600 1193 1672 digressione
1216 1601 1333 1669 politica
1347 1603 1382 1655 ad
1396 1601 1477 1655 fluens

117 1681 181 1735 libri
195 1681 242 1734 111.
257 1680 492 1734 Harmonioorum.
530 1680 616 1750 Atqui
639 1697 690 1751 per
703 1680 784 1734 Detri
807 1681 948 1735 translata
968 1680 1022 1735 1610
1044 1680 1115 1734 haec
1135 1681 1278 1751 proportio
1301 1681 1329 1735 in
1351 1696 1477 1736 numeros

119 1761 199 1824 alios,
217 1760 293 1815 1306
310 1781 316 1814 :
336 1757 419 1815 1000.
449 1760 542 1822 Quare
556 1766 616 1814 oum
631 1761 701 1814 idem
716 1776 843 1814 numerus
861 1763 935 1814 1000
956 1761 993 1815 610
1007 1761 1166 1831 inutraque
1187 1767 1269 1832 parte
1283 1761 1477 1832 proportionis,

119 1841 244 1911 sequitur
257 1840 352 1911 igitur,
377 1846 409 1894 ut
421 1839 494 1893 inter
508 1842 575 1894 6666
590 1841 719 1894 terminos
735 1840 857 1910 ejusdem
872 1841 968 1904 socios,
993 1841 1066 1895 16066
1084 1858 1122 1894 66.
1138 1841 1196 1896 694
1215 1841 1303 1912 primo
1318 1848 1477 1907 assumtum,

119 1921 241 1974 601306
266 1920 363 1973 ultimo
384 1919 572 1984 constitutum,
597 1921 674 1975 facta
697 1921 734 1974 sit
757 1921 885 1974 mediatio
909 1921 1085 1975 arithmetica
1107 1938 1159 1991 per
1185 1923 1268 1977 1000.
1312 1922 1383 1985 Quia
1407 1938 1478 1993 quae

120 2002 195 2071 prius
210 2000 282 2054 inter
297 2000 364 2064 687,
387 1993 480 2059 36576
497 2006 560 2054 6660
573 2017 639 2071 pars
654 2001 774 2064 inferior,
799 2018 836 2055 66.
854 1997 962 2065 52676,
987 1996 1097 2066 36576,
1126 2017 1161 2055 66
1174 2001 1219 2055 hic
1232 2019 1339 2056 rursum
1354 2007 1480 2056 assumta

120 2082 173 2136 fuit
187 2097 253 2151 pars
266 2080 380 2134 inferior
396 2082 481 2145 1000,
497 2081 564 2145 694,
581 2096 652 2151 quae
666 2098 732 2135 6666
747 2080 784 2134 ibi
800 2097 864 2150 pars
879 2082 1013 2152 66666166,
1030 2099 1067 2136 sc.
1083 2081 1150 2145 687,
1167 2077 1258 2141 52676
1283 2077 1392 2150 (eadem
1407 2082 1480 2137 enim

119 2169 172 2224 est,
196 2177 266 2231 quae
281 2160 338 2214 477
354 2175 361 2217 :
377 2155 507 2227 36576),
531 2177 567 2215 66
587 2161 632 2214 bic
654 2178 761 2216 rursum
785 2162 911 2231 superior
934 2163 1088 2217 constituta
1109 2161 1171 2226 fuit,
1196 2162 1372 2218 6611.1306;
1391 2162 1479 2217 1000.

121 2242 150 2296 si
165 2241 238 2294 inter
253 2238 329 2295 1306
345 2248 375 2295 60
388 2241 447 2296 694
461 2241 640 2295 constitutum
665 2242 717 2296 fuit
740 2241 856 2295 medium
878 2241 1081 2297 arithmeticum
1098 2243 1183 2306 1000,
1208 2260 1321 2297 6666666
1336 2249 1380 2298 660
1403 2244 1479 2298 61116-

119 2320 224 2376 6660166
246 2321 379 2391 aequales
400 2321 518 2391 prodire,
542 2338 579 2376 se.
604 2321 733 2393 utrinque
748 2321 815 2375 306.
853 2321 1016 2377 Sufficiebat
1029 2323 1123 2394 igitur,
1147 2323 1324 2392 proposuisse
1340 2325 1481 2380 facerent

121 2397 213 2460 5267.
229 2402 264 2454 66
279 2399 336 2455 687
352 2406 382 2455 60
396 2400 453 2456 365
461 2396 502 2465 76,
527 2401 567 2455 616
584 2403 659 2456 1000
674 2404 708 2455 66
723 2403 791 2456 6666
807 2401 892 2456 alios:
916 2403 942 2457 id
961 2420 1013 2474 per
1027 2402 1270 2472 simplicem-Detri
1285 2405 1365 2459 tieret
1379 2419 1415 2457 an
1428 2421 1480 2475 per

121 2480 205 2544 falsi,
229 2480 344 2550 perinde
365 2488 436 2536 erat.
475 2482 586 2536 Certum
609 2481 680 2535 enim
702 2489 771 2547 erat,
803 2482 940 2538 minimum
963 2483 1108 2537 terminum
1128 2482 1300 2552 proditurum
1323 2485 1390 2549 694,
1415 2484 1481 2555 6616
1549 2477 1553 2483 ’

121 2561 205 2615 etiam
219 2560 247 2613 in
261 2560 348 2630 primo
362 2578 494 2630 processu
506 2563 594 2616 fiebat
606 2568 639 2616 ut
654 2562 710 2616 526
718 2557 745 2621 t.
762 2565 796 2616 66
812 2557 905 2622 3657.
926 2563 965 2617 616
982 2565 1056 2617 1000
1071 2564 1105 2617 66
1121 2563 1188 2617 694.
1327 2633 1328 2636 ¹

201 2641 314 2695 Interim
339 2641 536 2705 animadverte,
561 2645 632 2713 6666
654 2644 706 2696 hoc
729 2642 892 2714 imaginario
911 2660 1044 2697 concursu
1058 2643 1188 2697 turbatus
1204 2637 1304 2712 (661601
1320 2643 1366 2714 661
1380 2646 1482 2698 dextra

122 2721 262 2776 sinistram
276 2721 384 2775 nescius
409 2723 437 2775 in
451 2723 574 2776 tenebris
596 2723 732 2794 contingit
754 2731 784 2777 et
798 2720 945 2790 horrescit)
961 2723 1147 2778 aberraverim
1171 2739 1188 2777 a
1208 2723 1359 2792 proposito,
1384 2724 1480 2778 volens

122 2803 237 2856 eandem
250 2801 384 2855 6160606611
398 2803 602 2873 proportionem
616 2804 744 2872 probare,
764 2820 835 2874 quae
849 2812 925 2858 esset
939 2803 1145 2866 distantiarum
1168 2820 1229 2857 cum
1242 2809 1335 2859 tamen
1350 2804 1482 2859 virtutum

122 2883 166 2936 bic
179 2881 383 2952 proportionem
397 2884 528 2937 minorem
542 2890 672 2947 statuam,
687 2883 786 2938 Martis
801 2885 860 2938 soil.
879 2886 963 2949 1000,
979 2887 1082 2939 Terrae
1100 2884 1191 2947 1306;
1214 2883 1405 2939 distantiarum
1423 2900 1481 2940 ma·

118 2963 216 3030 jerem,
239 2963 338 3017 Martis
362 2963 447 3026 1000,
469 2964 572 3017 Terrae
588 2964 654 3028 694,
677 2964 775 3018 fuisset
788 2982 854 3019 6666
869 2968 965 3020 eadem
979 2965 1107 3035 utrinque
1121 2964 1272 3035 proportio,
1288 2965 1310 3019 si
1325 2983 1380 3021 non
1394 2965 1482 3021 arith·

123 3043 230 3107 metica,
245 3045 294 3096 sed
307 3042 476 3114 geometrice
489 3043 660 3099 mediassem.

202 3123 289 3176 Nimis
311 3124 401 3177 multa
421 3125 456 3177 de
476 3124 529 3178 hoc
551 3141 697 3194 processu;
721 3125 895 3194 sepeliendus
915 3124 987 3179 enim
1002 3133 1046 3180 est
1069 3144 1123 3181 non
1137 3141 1233 3181 errans
1256 3132 1373 3191 tantum,
1398 3124 1484 3180 66661

124 3204 207 3258 etiam
220 3203 306 3273 plane
320 3203 446 3274 legitime
459 3207 605 3274 procedat;
630 3205 695 3275 quia
713 3206 856 3274 proportio
878 3206 1052 3275 periodorum
1072 3224 1127 3261 non
1141 3213 1185 3261 est
1199 3207 1285 3277 dupla
1299 3205 1484 3277 proportionis

123 3284 316 3338 distantiarum
330 3285 488 3354 mediarum,
511 3287 560 3339 sed
572 3284 773 3355 perfectissime
787 3293 817 3340 et
838 3286 1041 3341 absolutissime
1065 3287 1188 3356 ejusdem
1207 3288 1407 3357 sesquialtera:
1430 3288 1484 3341 hoc

124 3372 175 3427 est,
199 3364 223 3419 si
247 3372 417 3435 quaerantur
439 3365 545 3419 radices
569 3365 683 3420 cubicae
706 3383 744 3419 ex
768 3367 943 3435 planetarum
965 3363 1310 3438 temporibus'periodiois,
1335 3366 1439 3422 60687
1454 3374 1485 3421 60

125 3444 233 3509 36510,
258 3451 288 3498 60
310 3446 364 3498 hae
387 3445 494 3499 6661666
517 3446 735 3516 multiplicentur
750 3449 899 3517 quadrate:
924 3453 989 3502 tunc
1010 3448 1038 3501 in
1053 3448 1195 3519 quadratis
1220 3448 1262 3502 his
1277 3447 1396 3500 numeris
1411 3447 1485 3501 inest

125 3521 279 3578 certissima
298 3525 438 3595 proportio
454 3526 716 3580 semidiametrorum
731 3527 844 3580 orbium.
882 3527 979 3581 Perflci
993 3545 1060 3582 vero
1083 3535 1201 3599 possunt
1214 3526 1390 3598 operationes
1411 3526 1484 3580 istae

125 3604 215 3668 facile,
239 3605 284 3657 661
299 3622 349 3675 per
362 3605 489 3660 tabulam
503 3608 633 3661 cuborum
648 3605 745 3669 Clarii,
766 3623 837 3676 quae
852 3607 965 3677 adjecta
977 3615 1021 3662 est
1035 3607 1100 3678 ejus'
1114 3608 1305 3672 „Geometriae
1320 3606 1482 3660 Practicae“

127 3685 187 3750 (lib.
203 3680 305 3754 vm),
321 3685 366 3739 661
381 3686 465 3756 longe
479 3686 588 3741 facilius
602 3704 653 3757 per
667 3686 850 3756 legaritbmos
865 3688 967 3757 Neperi
980 3688 1097 3742 Baronis
1112 3689 1186 3743 Scoti
1201 3687 1255 3741 sic:
1280 3686 1486 3757 Prolongentur

124 3764 212 3819 nostri
232 3765 338 3819 numeri
361 3782 412 3836 pro
427 3767 594 3822 necessitate
617 3774 646 3820 et
667 3767 868 3831 commoditate,
892 3774 925 3821 ut
938 3768 994 3822 sint
1008 3768 1105 3824 68700
1121 3774 1150 3821 60
1164 3767 1275 3831 36525,
1300 3784 1351 3820 nec
1367 3765 1428 3834 jaus
1442 3783 1486 3822 se·

125 3862 243 3980 6666666
262 3840 394 3938 summam
417 3848 615 3903 subtilitatem:
640 3846 814 3918 Logaritbmi
837 3864 931 3902 eorum
954 3856 1019 3903 sunt
1039 3867 1076 3903 ex
1092 3848 1203 3903 Cauone
1216 3846 1319 3919 Neperi
1335 3846 1433 3902 37543
1457 3852 1487 3901 et

266 3926 383 3981 circiter.

203 4025 309 4078 Horum
331 4031 427 4094 partes
451 4026 552 4080 tertiae
576 4033 641 4080 sunt
658 4026 753 4080 12514
768 4031 798 4080 60
813 4024 921 4081 33572.
963 4027 1001 4080 Et
1024 4026 1120 4079 harum
1139 4022 1233 4095 dupla,
1257 4024 1367 4078 illarum
1390 4025 1486 4079 besses
1574 4051 1576 4056 ¹

126 4103 223 4158 25029
247 4110 278 4157 60
292 4103 399 4169 67144,
423 4121 495 4177 6666
516 4106 652 4161 exhibent
675 4106 748 4160 inter
762 4107 837 4161 sinus
860 4124 986 4161 numeros
1006 4107 1089 4160 hosce
1105 4104 1203 4161 77858
1218 4112 1249 4159 60
1263 4100 1370 4159 51097.
1411 4106 1488 4159 Inter

126 4186 175 4239 bos
200 4190 245 4237 est
264 4184 408 4255 proportio
432 4185 537 4241 orbium
551 4187 650 4241 Martis
675 4194 705 4241 et
719 4187 846 4242 Telluris.
890 4190 1099 4258 Transponatur
1122 4185 1194 4241 enim
1208 4186 1350 4257 proportio
1373 4186 1401 4239 in
1416 4184 1487 4240 alios

125 4282 260 4329 numeros,
285 4271 315 4318 et
328 4266 379 4319 fiat
392 4272 425 4319 60
439 4265 536 4320 51097
552 4269 587 4321 66
604 4269 733 4331 100000,
755 4267 794 4320 616
810 4266 906 4324 77858
921 4272 955 4322 66
974 4266 1104 4332 152373,
1129 4284 1200 4337 6666
1222 4267 1306 4336 61666
1320 4273 1364 4320 660
1378 4265 1487 4336 quanti·

125 4354 170 4399 tas
193 4344 336 4399 mediocris
359 4345 508 4401 distantiae
526 4347 633 4410 Martis,
659 4347 779 4418 qualium
804 4348 891 4403 Terra
914 4366 932 4403 a
945 4349 1010 4404 Sole
1024 4347 1112 4402 distat
1129 4348 1254 4402 100000.
1298 4348 1416 4401 Causam
1439 4361 1489 4400 cur

124 4442 179 4479 non
193 4425 231 4478 610
244 4425 331 4496 66616
343 4427 485 4497 proportio
504 4428 678 4498 periodorum
697 4429 732 4481 ad
746 4428 952 4497 proportionem
966 4428 1080 4494 orbium,
1105 4430 1154 4483 sed
1177 4427 1278 4483 saltem
1293 4425 1488 4497 sesquialtera,

124 4505 248 4559 invenies
262 4506 433 4576 explicatam
446 4507 474 4560 in
487 4508 563 4578 Epit.
578 4512 653 4562 Astr.
670 4506 717 4562 lib.
733 4509 779 4562 IV.

203 4587 267 4643 1166
288 4586 377 4658 iffl'tnr
399 4588 518 4643 alterum
540 4594 570 4643 et
592 4586 861 4658 praestantissimum
893 4586 1000 4658 quidem
1024 4596 1159 4642 secretum
1187 4587 1304 4641 auctarii
1333 4587 1393 4641 loco
1416 4589 1508 4641 nnno'

127 4667 243 4721 6666660
256 4665 397 4737 1166066116
412 4667 488 4723 hisce
503 4669 759 4741 cosmographicis:
791 4685 844 4739 quo
864 4668 892 4722 in
906 4668 1008 4739 vulgus
1030 4669 1178 4723 enunciato
1201 4668 1281 4721 lubet
1294 4684 1367 4721 nunc
1380 4666 1489 4721 unirer·

127 4763 181 4812 sos,
205 4753 264 4802 tam
278 4747 436 4819 theologos,
461 4766 542 4821 qnam
554 4750 736 4820 philosophos
760 4750 839 4803 elata
852 4766 919 4803 6666
943 4750 978 4802 66
993 4765 1136 4803 censuram
1157 4748 1294 4819 dogmatis
1308 4745 1490 4802 Aristarchioi

20 4841 26 4853 ¹
128 4843 289 4903 convocare.
329 4827 477 4886 Attendite
496 4830 548 4886 6161
568 4829 779 4902 reliffl'osissimi,
802 4829 1014 4901 profundissimi,
1036 4829 1197 4884 doctissimi:

182 4920 387 4987 6666666666.
1201 4905 1214 4929 ’
1245 4922 1278 4976 tt
