3428 5542
760 300 844 357 uses
861 303 977 357 ueram.
1036 358 1039 363 ,
1492 305 1564 379 659,

200 465 301 520 dictum
322 470 373 518 aut
392 463 525 517 invidiose
546 462 666 533 torqueri
688 465 784 533 possit
817 465 951 536 Quidquid
973 466 1044 520 enim
1064 482 1155 523 rerum
1175 482 1288 525 suanum
1308 475 1456 542 magnates
1476 488 1496 528 a
1515 490 1558 532 me

200 546 311 616 oblique
333 544 481 614 perstringi
503 544 596 597 dolere
617 545 740 612 possint,
771 552 918 615 postquam
938 552 1055 601 eventus
1076 548 1221 613 admouet,
1250 548 1322 603 idern
1350 551 1436 606 etiam
1464 568 1558 608 corun

200 624 352 680 adversarii
383 629 498 694 possunt
529 630 559 676 et
584 624 669 677 multo
705 625 808 696 megin
839 626 881 679 ita
910 626 982 680 enim
1003 626 1098 696 scripsi
1120 628 1214 681 dedita
1234 645 1329 698 opera.
1372 631 1416 684 De
1437 632 1576 687 Animali

199 704 311 777 generis
334 703 456 758 neutrius
478 703 536 756 alia
556 710 600 756 est
620 705 779 773 responsio,
802 721 838 758 ex
860 721 914 777 qua
934 705 986 759 boc
1006 723 1088 760 unum
1119 709 1232 762 verbum
1260 709 1315 763 hac
1344 709 1404 763 rice
1424 728 1554 784 excerpo,

200 786 271 855 quod
293 784 489 855 quaerentibus
512 783 601 836 dicere
623 784 724 853 possis:
746 784 880 839 nemiuem
901 802 1004 851 eorum,
1026 786 1071 856 qui
1092 786 1222 841 dubitant
1243 787 1306 858 quid
1320 789 1411 857 velim,
1433 790 1484 845 sub
1504 792 1558 846 hoc

199 864 312 918 animali
334 861 539 932 comprehendi;
571 863 617 933 qui
644 880 709 917 vero
731 863 826 918 moniti
847 881 911 918 rere
933 872 1014 929 sunt,
1046 866 1071 918 id
1102 884 1132 919 se
1153 860 1327 922 intellexisse
1348 867 1436 924 literis
1458 873 1494 924 ad
1515 889 1558 926 me

199 944 308 1014 scriptis
328 951 393 997 sunt
413 943 518 997 testati.
548 943 640 1007 Errat,
663 944 815 1014 quicunque
837 950 948 1014 torquet
968 962 1031 999 mea
1051 946 1138 1000 rerba
1158 946 1335 1002 insolentius:
1358 950 1466 1005 habent
1486 949 1558 1006 enim

198 1025 251 1081 illa
271 1024 419 1093 simplicem
441 1030 471 1077 et
490 1023 603 1092 planum
623 1040 751 1088 sensum,
782 1023 846 1094 qui,
877 1023 993 1079 detectis
1021 1025 1148 1095 partibus
1168 1043 1237 1097 quas
1258 1028 1427 1097 perstriuxi,
1458 1029 1559 1085 nemini

173 1121 254 1184 ‚non
275 1104 385 1157 evidens
407 1109 437 1156 et
457 1101 553 1156 obvius
574 1110 626 1166 est,
648 1103 787 1172 exceptis,
810 1119 880 1174 quae
901 1105 935 1158 de
955 1103 1084 1160 Eclrardo
1106 1105 1221 1173 italico,
1244 1107 1289 1178 qui
1310 1109 1493 1178 explicandus
1513 1127 1557 1167 re·

199 1189 274 1246 stat:
297 1183 410 1247 scilicet,
432 1184 503 1252 quod
525 1182 573 1235 ille
594 1200 649 1235 non
670 1183 755 1236 sitin
776 1183 869 1246 ltalia,
891 1186 941 1237 sed
962 1192 1041 1239 tram
1064 1201 1150 1239 mare.

290 1277 352 1328 Onm
368 1277 406 1327 his
425 1282 596 1340 comparentur
613 1278 750 1342 sequentis,
771 1291 835 1343 quae
852 1291 866 1328 e
882 1278 959 1329 literis
971 1277 1073 1344 Kepleri
1090 1286 1116 1330 et
1137 1278 1204 1330 Petri
1218 1278 1329 1348 erugari,
1350 1282 1439 1334 medici
1459 1288 1486 1334 at
1504 1296 1558 1336 usa·

199 1348 329 1399 themelici
349 1348 507 1403 Dantisesni‚
525 1349 617 1397 mutuis
638 1348 806 1398 desumsimns.

288 1419 425 1480 Quaerenti
442 1418 595 1482 crugero:
622 1419 762 1484 ,quodnam
778 1419 844 1468 istud
857 1419 959 1470 mern
975 1421 1067 1471 animal
1080 1422 1178 1487 generh
1189 1418 1335 1473 neutriusl“
1355 1422 1419 1474 baec
1432 1425 1560 1489 respoudit

198 1498 322 1563 Keplerus
343 1496 379 1559 (d.
400 1497 443 1546 28.
463 1498 533 1547 l'ebr.
555 1494 650 1558 1⁶20:
676 1508 730 1546 non
751 1491 847 1562 scripsi
868 1494 901 1546 de
919 1493 1048 1556 ,animali
1058 1493 1168 1567 generis
1184 1495 1325 1550 neutrius“
1342 1512 1431 1551 rause
1448 1498 1558 1568 gloriae

199 1587 292 1636 causa,
314 1574 361 1625 sed
383 1571 473 1625 animo
495 1571 694 1633 commodandi:
716 1587 801 1644 quare
822 1577 852 1625 et
872 1574 985 1627 secretis
1006 1574 1094 1650 literis
1114 1575 1242 1629 monui
1255 1577 1384 1631 sedentes
1399 1576 1428 1630 in
1441 1578 1557 1632 cerebro

199 1651 336 1706 animalis.
377 1652 472 1704 Modus
494 1651 601 1721 quidem
621 1651 771 1715 infortunii,
793 1653 864 1722 quod
885 1651 1049 1718 divinabam,
1072 1655 1150 1708 nulls
1169 1656 1330 1725 comprobat
1342 1672 1441 1710 'rerum
1461 1673 1556 1712 conse·

199 1731 273 1786 cutio
294 1731 456 1786 conformis:
479 1730 617 1785 imminere
639 1738 733 1785 tamen
754 1731 866 1785 animali
886 1732 1033 1801 perniciem
1054 1735 1175 1798 aliunde,
1196 1734 1297 1789 rideris
1319 1741 1349 1789 et
1368 1742 1400 1790 tu
1421 1737 1556 1809 augurari

199 1811 247 1866 fol.
272 1811 327 1865 133
358 1811 385 1865 in
417 1812 470 1866 ilue
504 1815 550 1880 (sc.
574 1817 736 1868 Uranodromi
756 1818 888 1876 Cornetici,
912 1817 1024 1884 Dautsig
1044 1817 1120 1869 1619.
1159 1820 1283 1887 erigeres
1303 1822 1328 1870 in
1349 1820 1396 1872 hos
1417 1822 1478 1872 libro
1500 1834 1556 1872 aas·
1639 1853 1641 1858 ,

198 1889 252 1953 plus
271 1888 407 1952 Keplerurn
426 1887 532 1938 laudans
551 1890 625 1946 dicit,
649 1904 696 1955 nec
721 1885 771 1938 non
789 1889 853 1938 iliius
872 1889 1060 1955 Prognosticum
1079 1891 1111 1941 ad
1130 1905 1210 1942 annos
1230 1889 1298 1941 1818
1318 1899 1344 1943 et
1363 1889 1410 1951 tt;
1429 1908 1452 1942 r.
1471 1907 1494 1943 a
1515 1893 1556 1943 iol.

200 1957 267 2009 129:
285 1962 331 2009 rrir
347 1962 425 2009 sitzeu
443 1958 484 2008 hie
502 1974 575 2014 swar.
595 1961 641 2010 vvie
654 1960 771 2023 Kepplcri
784 1959 866 2018 Thier,
886 1962 911 2010 in
929 1961 977 2010 den
991 1960 1088 2021 Rosam
1107 1963 1167 2012 aber
1184 1977 1238 2013 var
1255 1963 1313 2013 thut
1329 1977 1389 2015 man
1406 1964 1432 2013 in
1443 1962 1557 2017 acumen

200 2031 251 2081 und
270 2030 448 2081 Oesterreich?
478 2031 538 2080 Was
557 2030 711 2096 rathschlsgt
729 2030 844 2096 degegen
863 2030 906 2081 der
924 2031 1024 2095 Bapstl
1043 2031 1089 2082 hc.
1129 2033 1201 2095 Quae
1224 2041 1323 2099 spectat
1340 2033 1463 2098 Keplerhs
1481 2036 1557 2087 verba

200 2098 312 2165 erugari,
330 2102 394 2153 haec
412 2109 481 2152 sunt:
507 2100 614 2152 Sonsten
633 2102 714 2151 kundt
731 2116 790 2151 man
809 2102 893 2152 diesen
913 2101 1032 2166 Cometen
1051 2103 1117 2154 anch
1134 2105 1198 2155 vohi
1215 2102 1398 2172 hieroglyphice
1416 2106 1556 2224 ausslepen.

199 2172 276 2224 durch
293 2171 466 2238 Batrachtung
485 2173 528 2221 der
545 2172 715 2235 himmlisshen
734 2172 831 2229 Bilder,
859 2171 951 2223 welche
981 2173 1024 2224 der
1043 2173 1130 2226 comet
1153 2175 1350 2227 durebvvsndert.
1387 2176 1455 2226 Aber
1476 2174 1557 2227 soche

198 2244 232 2293 ist
250 2240 367 2293 odiosum.
404 2243 461 2314 Und
480 2243 539 2292 Gott
557 2257 616 2309 mag
633 2245 729 2298 wissen,
754 2245 800 2293 rvie
819 2243 859 2291 die
876 2243 967 2294 handel
985 2244 1050 2295 nocb
1066 2245 1256 2297 binauslauilen.
1294 2246 1347 2297 Wir
1364 2244 1446 2305 beben
1464 2247 1509 2297 vol
1528 2261 1555 2296 so

193 2314 247 2364 aiei
265 2313 353 2366 vrsach
371 2329 403 2365 su
421 2315 508 2372 beten,
534 2314 570 2364 ais
595 2329 679 2380 grosse
700 2313 766 2379 Ding
789 2330 820 2364 aa
844 2313 934 2367 bollan.
971 2314 1024 2366 Der
1047 2321 1130 2380 grdste
1148 2317 1232 2368 asfelt
1255 2332 1310 2367 vom
1333 2315 1499 2381 Bapstthumb
1524 2317 1559 2367 ist

198 2386 293 2436 maium
311 2384 430 2436 eracbten
449 2385 525 2436 sehon
543 2386 697 2450 geschehen‚
721 2385 773 2434 und
790 2385 850 2434 rrird
866 2384 913 2434 vol
932 2385 990 2435 kain
1007 2391 1132 2451 grtsserer
1155 2387 1251 2454 iumen,
1275 2402 1303 2437 so
1319 2387 1396 2453 lange
1414 2387 1458 2439 der
1475 2387 1558 2438 Evan-

198 2455 328 2520 geliscben
345 2457 488 2522 theologos
512 2458 664 2522 vneinigkeit
688 2454 788 2506 rehret.
825 2454 874 2507 Die
898 2455 958 2506 vird
981 2457 1042 2507 abes
1063 2457 1110 2507 vvol
1127 2458 1227 2510 vebum
1245 2459 1295 2509 biss
1313 2471 1347 2510 an
1365 2456 1414 2509 den
1431 2458 1557 2524 Junqsten

199 2526 263 2593 Tap.
301 2526 359 2578 Vnd
386 2543 414 2577 so
436 2542 495 2578 mau
519 2526 575 2578 dem
593 2528 674 2592 Bupst
697 2528 784 2577 selaeu
802 2524 928 2578 Schliissel
952 2527 1022 2577 nicht
1046 2533 1123 2594 panta
1141 2542 1199 2579 ause
1218 2529 1261 2580 der
1279 2528 1367 2581 Handt
1384 2529 1479 2581 reiasen
1496 2530 1557 2586 hau,

199 2598 247 2648 viel
271 2598 383 2664 semper·
405 2599 465 2649 vird
493 2611 552 2648 man
576 2598 642 2649 ihme
661 2598 706 2648 das
725 2596 852 2648 Schrverdt
869 2597 921 2648 und
938 2595 1066 2650 brachium
1083 2600 1196 2651 seculare
1215 2599 1314 2651 lsbrnen
1338 2599 1446 2651 konnen.
1483 2598 1558 2652 Were

199 2681 278 2735 gaug,
296 2683 369 2720 venn
386 2685 445 2720 man
464 2669 518 2720 sich
536 2671 591 2719 sein
608 2685 655 2720 nur
672 2667 796 2720 ervehren
815 2665 931 2730 litante).

289 2743 422 2808 Vicinum,
445 2753 525 2815 pergit
543 2749 676 2814 Keplerns,
702 2742 838 2806 animalis,
860 2742 938 2812 cujus
953 2744 1047 2798 domus
1061 2742 1118 2813 jam
1132 2759 1204 2798 anno
1221 2742 1307 2800 1617.
1327 2743 1558 2816 conflagmverat,

199 2824 328 2897 intellige
358 2824 386 2877 in
406 2824 572 2879 Palatinatu
592 2823 777 2893 Neoburgico.
818 2821 906 2876 Fideli
935 2823 976 2877 illi
997 2823 1139 2888 monitori,
1165 2823 1310 2887 ,Eukard“
1334 2823 1490 2889 nominato,
1512 2824 1560 2895 qui

199 2921 255 2958 non
275 2903 343 2958 illud
364 2912 475 2958 tantum
495 2904 613 2968 animal,
645 2904 678 2956 de
700 2919 753 2973 quo
774 2917 846 2973 ego,
869 2904 916 2955 sed
937 2903 1029 2958 omnia
1048 2903 1110 2973 ejus
1131 2903 1243 2974 generis
1264 2904 1397 2959 monitum
1417 2903 1561 2971 enltslio

198 2984 348 3049 advolarit,
371 3001 468 3038 nomen
488 3000 583 3038 verum
603 2999 664 3037 esse
686 2990 798 3036 censete
819 2982 855 3036 11.
878 2983 1031 3037 Antonio
1053 2985 1093 3036 de
1113 2983 1282 3041 Dominis.
1314 2984 1368 3039 Sed
1389 2978 1450 3055 qais
1471 2983 1561 3039 credit

199 3063 307 3118 auditui
327 3068 440 3119 nostro?
480 3065 542 3119 Non
562 3063 658 3117 mirum
679 3061 784 3133 igitur,
815 3061 838 3116 si
858 3063 945 3117 Jonas
966 3063 1112 3135 profligiat
1132 3080 1169 3118 ex
1190 3063 1289 3118 itinere
1310 3064 1455 3134 imperato.
1496 3063 1560 3134 Ego

200 3145 308 3217 quidem
329 3151 359 3198 et
378 3145 456 3198 illam
476 3144 582 3215 ipsam,
597 3155 696 3214 ‘quam
718 3149 747 3196 tu
770 3143 928 3196 confirmare
949 3143 1050 3197 videris
1072 3143 1222 3215 suffragio,
1243 3144 1401 3210 libidinem,
1427 3141 1560 3199 ihcb'osos

198 3227 393 3297 de‘suggestu
413 3225 557 3280 verborum
580 3230 609 3277 et
630 3221 810 3276 conviciorum
832 3222 944 3292 spiculis
966 3224 1136 3298 configendi,
1167 3224 1257 3290 hunc,
1288 3225 1408 3296 inquam,
1430 3223 1559 3290 furorem,

199 3305 270 3361 citra
290 3310 447 3376 respectum
467 3306 631 3360 infirmorum
651 3307 829 3374 grassantem
849 3302 1031 3371 pertinaciter
1053 3310 1082 3358 et
1102 3303 1270 3370 authentice,
1282 3333 1320 3343 —-
1335 3311 1365 3358 et
1385 3304 1454 3358 illud
1474 3303 1560 3358 inter·

198 3392 411 3456 pretamentum,
434 3381 577 3439 ministerii
599 3390 627 3436 et
646 3381 825 3436 ordinationis
839 3388 947 3451 partem
963 3399 1025 3437 esse
1041 3382 1235 3447 necessariam,
1258 3386 1291 3437 de
1306 3389 1452 3456 suggestu,
1475 3383 1562 3436 omnis

198 3463 312 3539 generis
333 3465 488 3519 haereticos
511 3463 581 3519 omui
602 3469 726 3532 tempore
746 3461 885 3515 refutandi
906 3479 967 3516 cum
987 3463 1170 3527 vehementia,
1184 3463 1324 3517 —diesen
1338 3461 1490 3517 ants-teht
1506 3464 1561 3516 und

199 3545 316 3617 Mangel
333 3544 461 3609 -item,
484 3546 555 3616 quod
576 3560 654 3596 nemo
675 3542 759 3611 plane
781 3541 832 3595 sibi
853 3542 1014 3611 persuaderi
1034 3542 1143 3612 patitur
1161 3542 1272 3597 axioma
1292 3543 1345 3596 hoc
1370 3541 1559 3605 certissimum,

199 3625 318 3696 publicis
339 3624 601 3679 debacchationibus
623 3620 752 3692 instigari
772 3628 801 3675 et
822 3622 941 3692 gliscere
961 3621 1053 3676 studia
1066 3637 1163 3692 prava,
1185 3621 1252 3692 quia
1264 3622 1377 3676 nitimur
1390 3621 1419 3675 in
1432 3621 1558 3685 vetitum.

198 3734 239 3744 -
253 3705 328 3770 item,
353 3707 423 3776 quod
444 3706 513 3758 illud
536 3702 725 3774 „importune”
749 3701 786 3755 sit
806 3703 915 3772 regula,
936 3701 1005 3756 illud
1025 3719 1091 3757 vero
1115 3702 1306 3772 „opportune”
1329 3701 1366 3756 sit
1385 3706 1559 3756 tautumex·

198 3784 306 3855 ceptio:
324 3785 448 3840 —inter
468 3785 550 3858 signa
569 3784 659 3838 refero
680 3781 843 3836 imminentis
865 3781 1002 3837 interitus.
1039 3784 1109 3837 Nam
1130 3800 1168 3836 ex
1188 3782 1242 3836 hac
1263 3781 1421 3837 temeritate
1442 3782 1474 3835 tt
1494 3798 1558 3850 pro·

197 3881 313 3938 gressus
335 3864 363 3920 in
382 3865 595 3935 impudentiam,
626 3881 663 3916 ex
683 3863 738 3916 hac
764 3861 792 3915 in
821 3861 1010 3931 impietatem,
1039 3879 1099 3916 cum
1128 3861 1237 3916 interim
1262 3877 1374 3932 pessum
1395 3861 1418 3915 it
1439 3861 1559 3916 studium

196 3944 273 3998 vitae
295 3943 480 4000 Christianae.
522 3945 567 4000 Sic
587 3961 641 4016 ego
662 3942 745 3995 velim
766 3942 874 3996 retundi
895 3941 1100 4009 enthusiastas,
1130 3950 1162 3999 ut
1181 3948 1316 4013 parcatur
1335 3941 1445 3998 interim
1465 3941 1557 3998 verbis

198 4024 355 4095 scripturae
375 4027 410 4078 de
430 4025 639 4081 mortificatione
661 4020 763 4076 veteris
783 4021 883 4076 Adami
904 4021 951 4076 cho.

286 4120 413 4171 Marcus
433 4121 596 4171 Antonius
616 4118 651 4169 de
670 4117 830 4174 Dominis,
850 4116 1048 4182 archiepiscopus
1067 4113 1237 4183 spalatensis,
1266 4130 1338 4185 quern
1364 4115 1503 4181 Kepierns,
1529 4123 1558 4167 at

195 4205 273 4255 supra
290 4192 364 4249 dicit.
384 4194 529 4241 monitorem
547 4192 661 4240 nominat
678 4188 776 4238 fidelem
796 4188 950 4244 Eckardum,
980 4188 1075 4238 monita
1092 4201 1140 4238 sua
1156 4188 1248 4253 publici
1264 4188 1326 4250 luris
1344 4187 1405 4239 iecit
1422 4193 1482 4238 sate
1499 4200 1557 4252 pro-

172 4262 175 4267 ’
195 4263 329 4313 tectionem
348 4264 373 4312 in
392 4264 508 4328 Angiiam
527 4259 679 4324 (conscripta
691 4259 804 4309 venetiis
823 4259 846 4308 d.
866 4256 908 4308 20.
922 4259 990 4324 Sept
1005 4255 1096 4320 1616),
1116 4258 1309 4325 Heidelbergae‚
1329 4272 1452 4310 excusam
1469 4259 1556 4326 iugum

194 4347 227 4383 er
244 4334 303 4383 sede
322 4333 532 4399 archiepiscopali,
552 4333 751 4382 reformationem
769 4331 951 4394 praenuncians
970 4330 1092 4382 ecelesiae
1108 4329 1262 4387 Catholicae.
1281 4329 1385 4380 hortans
1404 4330 1555 4381 redonasti·

194 4418 247 4462 cos,
266 4411 295 4454 ut
311 4407 388 4456 ritem
407 4413 434 4456 et
450 4419 530 4456 nores
548 4405 574 4453 in
591 4403 694 4453 meliors
711 4408 825 4462 vertmt,
846 4408 891 4460 ,ut
903 4400 1040 4452 schismata
1052 4401 1222 4463 anierantur,“
1240 4416 1344 4455 morena
1361 4401 1555 4467 „coepiscopos”

194 4481 225 4524 ut
240 4481 356 4535 caveant,
378 4491 427 4536 ,ne
445 4474 739 4527 excommunicationibus
757 4474 902 4536 importunis
920 4471 1068 4523 charitatem
1086 4473 1229 4537 abrumpere
1248 4479 1348 4525 mutent
1365 4469 1427 4533 ω
1465 4468 1553 4534 (Prae

192 4545 263 4597 mhit
279 4547 402 4597 Antonius
419 4546 485 4598 hunc
503 4545 612 4596 libellum
629 4544 695 4595 libris
713 4542 736 4594 Χ
756 4543 803 4602 ,de
821 4542 960 4609 Republica
977 4543 1172 4595 Ecclesiasticus*
1194 4542 1301 4596 tonan
1320 4538 1411 4603 1617).

283 4615 354 4669 llaec
373 4619 532 4683 respicientes
550 4629 719 4685 summamque
738 4629 839 4672 sorum.
868 4627 932 4679 quae
952 4615 1042 4664 Antan.
1062 4614 1095 4665 de
1112 4613 1225 4665 Dominis
1244 4615 1270 4666 in
1288 4628 1380 4679 opere,
1398 4613 1465 4679 quod
1482 4612 1556 4683 mod)

176 4687 307 4746 ¹diximus,
325 4688 355 4739 de
368 4691 536 4754 epismpornm
548 4689 570 4738 vi
583 4688 610 4738 in
621 4686 788 4752 gubernandis
800 4686 872 4736 rebus
884 4685 1000 4748 politicis.
1012 4683 1079 4737 bauo
1090 4686 1212 4748 rsJ'ieiem.
1227 4685 1309 4744 effen,
1322 4684 1420 4740 deinde.
1433 4686 1555 4737 reuom

192 4758 316 4811 hebentes
335 4774 427 4824 eornm,
445 4774 510 4825 quse
528 4759 652 4824 Keplerus
670 4759 695 4808 in
714 4757 791 4808 literis
810 4757 843 4810 sd
861 4755 968 4807 Renum
987 4755 1052 4809 deus
1069 4758 1156 4821 μοοίο
1175 4757 1208 4810 de
1224 4756 1256 4807 D.
1276 4769 1293 4808 s
1310 4755 1404 4807 Meter
1421 4753 1564 4822 (Meum,

192 4831 348 4897 lnpwodr
366 4830 491 4885 Metulum
508 4832 621 4900 neptem
639 4825 724 4892 suso)
743 4827 823 4886 silem,
843 4829 926 4878 snimo
944 4828 1049 4893 denique
1066 4829 1192 4880 intuentes
1210 4841 1258 4886 res,
1277 4841 1341 4894 quse
1359 4834 1420 4879 tune
1439 4825 1555 4889 Visum
1608 4886 1611 4895 Ι

1280 4910 1342 4964 ta·
