3428 5542
208 264 211 269 Ι
248 309 311 376 106
407 380 415 390 ⁶
761 305 872 370 Myrterii
891 303 1091 371 Comographiei

245 471 336 545 Solis,
362 467 492 530 Veneris
507 476 539 529 et
551 465 692 528 Mercurii
711 465 844 527 habeant
862 463 1006 545 aequales
1028 460 1241 525 revolutiones.
1279 459 1498 542 Respondetur
1517 462 1609 534 enirn,

245 558 322 641 qnod
347 575 405 618 non
428 576 500 619 vere
523 556 716 618 revolvantur
739 553 807 633 ipsi,
833 555 887 614 sed
909 571 964 633 pro
986 551 1062 631 ipsis
1086 550 1175 612 unica
1195 549 1298 612 Terra.
1335 547 1366 612 2.
1391 547 1494 622 Quare
1517 548 1607 632 qnin-

244 666 301 730 qne
324 647 466 725 planetae
490 646 565 706 flant
586 643 765 722 retrogradi,
789 641 948 704 luminaria
970 638 1132 713 (110801
1158 645 1191 701 et
1208 639 1310 712 Luna)
1334 656 1392 700 nou
1415 638 1498 703 item.
1540 638 1607 701 Re-

244 735 410 816 spondetur
430 734 526 813 primo
551 732 588 793 de
612 730 699 804 Sole,
727 731 799 811 quia
820 731 847 792 is
871 729 1013 811 quiescit,
1044 728 1122 789 unde
1144 728 1193 803 tit,
1226 736 1259 790 nt
1283 736 1381 789 100100
1404 728 1531 803 Terrae,
1556 728 1607 809 qui

243 841 364 904 semper
386 822 518 884 directus
542 829 599 894 est,
624 820 683 899 ipsi
706 818 771 881 8011
796 839 877 880 mere
901 827 932 881 et
954 816 1171 896 imperturbate
1194 816 1294 878 inesse
1315 815 1462 891 videatur,
1488 825 1607 879 tanturn

241 930 297 995 per
323 919 440 992 partem
474 909 644 990 oppositam
673 909 760 971 coeli.
807 908 854 969 De
885 908 973 969 Luna
999 924 1089 978 vero,
1123 905 1193 986 quia
1225 913 1324 966 motus
1347 905 1459 967 Terras
1489 923 1607 967 annuus

241 1001 338 1082 ipsius
361 1001 445 1061 coelo
468 1017 539 1059 vere
562 997 727 1059 communis
751 1004 798 1059 est
816 1015 884 1057 cum
899 997 1003 1057 Terra.
1036 994 1104 1055 Duo
1125 1002 1224 1056 autern
1246 1012 1322 1074 qnae
1342 993 1456 1056 habeut
1478 993 1605 1055 eundem

242 1098 357 1152 motum
379 1106 433 1167 per
461 1087 579 1160 omnia,
613 1087 753 1147 videntur
784 1084 863 1147 inter
891 1105 924 1147 se
953 1083 1117 1165 quiescere.
1135 1081 1157 1154 ¹)
1203 1082 1290 1145 Unde
1314 1091 1414 1145 motus
1438 1084 1551 1145 Teme
1574 1082 1604 1145 iu

243 1178 330 1240 Luna
353 1195 410 1238 uon
434 1175 578 1249 sentitur,
607 1182 641 1235 ut
668 1175 697 1235 iu
722 1174 832 1235 ceteris
854 1173 997 1253 planetis.
1043 1172 1090 1233 De
1114 1171 1318 1251 superioribus
1342 1170 1491 1247 Saturno,
1514 1169 1604 1245 Jove,

243 1273 276 1327 et
298 1266 398 1327 Marte
423 1263 639 1343 respondetur:
671 1262 741 1342 qnia
768 1263 827 1341 ipsi
856 1272 927 1323 sunt
948 1260 1098 1323 tardiores
1122 1260 1235 1322 Terra:
1269 1268 1302 1322 01
1329 1260 1399 1340 quia
1421 1260 1550 1324 circulus
1573 1269 1606 1322 et

244 1362 343 1415 motus
367 1354 426 1415 iste
446 1353 557 1413 Terrae
581 1360 705 1430 putatur
727 1352 801 1429 ipsis
825 1352 934 1412 inesse.
969 1347 1071 1420 Quare
1096 1349 1175 1411 sicut
1197 1349 1268 1421 illis,
1292 1350 1341 1429 qni
1365 1349 1453 1424 exL,
1479 1348 1604 1412 Saturni

243 1441 344 1522 globo,
368 1442 585 1522 prospicerent,
611 1440 703 1500 Terra
728 1440 876 1501 interdum
893 1438 1034 1518 progredi
1052 1437 1213 1510 videretur,
1238 1439 1307 1499 dum
1331 1438 1390 1499 iret
1411 1456 1466 1518 per
1487 1438 1604 1500 medie·
1689 1496 1693 1504 .

245 1539 341 1592 tatem
365 1530 446 1592 PBN
472 1547 562 1606 snpra
586 1526 696 1601 Solem,
722 1528 868 1589 interdum
892 1526 1027 1607 regredi,
1052 1528 1122 1588 dum
1145 1526 1203 1587 iret
1225 1544 1280 1606 per
1302 1526 1401 1600 Nar,
1426 1535 1509 1589 stare
1531 1544 1604 1590 vero

243 1617 273 1679 ln
293 1618 320 1680 N
341 1617 426 1680 etP:
451 1617 496 1678 sic
520 1635 645 1677 necesse
669 1624 725 1690 est,
750 1626 785 1677 ut
806 1616 893 1677 nobis
917 1635 954 1676 ex
967 1616 1061 1677 Terra
1083 1610 1333 1695 prospicientibus
1349 1612 1499 1677 Saturnus
1521 1615 1603 1679 volvi

241 1707 380 1768 rideatur
403 1707 432 1767 in
455 1713 560 1784 partes
585 1704 750 1784 oppositas.
798 1705 841 1766 Ut
865 1706 933 1766 dum
957 1712 1006 1766 est
1029 1705 1122 1765 Terra
1146 1705 1175 1765 in
1200 1704 1287 1766 BNA
1308 1704 1372 1782 (dg.
1401 1701 1464 1778 10),
1490 1703 1603 1767 811101-

242 1812 298 1856 000
322 1794 441 1855 videtur
465 1795 494 1855 iu
524 1794 593 1855 bna
617 1794 680 1872 (fig.
709 1792 774 1865 11).
822 1793 983 1855 1010110100
1007 1793 1112 1854 Venus
1140 1802 1172 1853 et
1195 1793 1361 1854 Mercurius
1389 1793 1456 1854 ideo
1484 1792 1602 1873 regredi

239 1883 395 1955 videntur,
425 1883 494 1963 quia
518 1893 588 1943 sunt
615 1881 781 1942 velociores
804 1880 918 1955 Terra;
947 1881 1025 1943 unde
1048 1881 1172 1960 perinde
1196 1900 1232 1942 ac
1255 1880 1280 1941 si
1304 1881 1398 1943 Terra
1422 1890 1519 1944 staret
1542 1883 1601 1943 im-

239 1979 339 2042 mota,
365 1972 485 2045 Venus,
510 1989 632 2032 currens
656 1972 684 2032 in
709 1979 796 2049 parte
820 1970 923 2031 circuli
947 1969 1114 2044 remotiori,
1140 1970 1321 2031 contrariam
1345 1969 1434 2050 plane
1459 1970 1603 2033 describit

240 2060 319 2122 viam
343 2061 402 2135 illi,
428 2078 515 2140 quam
540 2059 659 2120 00011011
683 2060 711 2119 10
735 2067 822 2138 parte
846 2059 948 2120 circuli
973 2059 1017 2121 sui
1042 2058 1141 2119 vicina
1164 2059 1285 2122 Terrae.

328 2146 359 2211 3.
384 2149 433 2209 lta
457 2148 559 2227 quaeri
583 2148 683 2227 001011
707 2147 776 2218 (0011
795 2147 866 2209 nibil
882 2147 1082 2227 respondente
1097 2147 1289 2218 Ptolemaeo)
1314 2166 1405 2228 quare
1429 2149 1458 2210 10
1482 2147 1601 2228 maguis

239 2238 361 2300 orbibus
386 2237 448 2297 sint
471 2245 533 2297 tam
559 2237 657 2313 exigui
682 2236 824 2316 epicycli,
850 2246 883 2296 et
906 2255 997 2317 quaro
1022 2238 1049 2297 in
1074 2237 1177 2314 parvis
1201 2237 1321 2299 orbibus
1346 2246 1409 2298 taur
1433 2238 1600 2298 immanes:

237 2327 294 2388 hoc
317 2334 375 2401 est,
401 2345 492 2406 quaro
511 2330 774 2405 προσθαφαιρσσις
794 2325 905 2386 Martis
924 2326 965 2386 sit
989 2327 1086 2404 major
1103 2327 1203 2401 Jovia,
1229 2336 1262 2387 et
1284 2326 1370 2405 hujus
1394 2326 1489 2405 maior
1512 2343 1600 2405 qnam

239 2413 372 2477 Saturni.
420 2414 462 2476 Et
489 2432 541 2476 cur
564 2409 812 2475 non'Mercurius
837 2413 930 2475 etiam
953 2414 1108 2493 majorem,
1134 2433 1223 2495 quam
1247 2415 1363 2488 Venus,
1387 2414 1509 2488 habeat,
1534 2432 1600 2476 cum

238 2502 279 2566 sit
301 2502 424 2566 inferior
447 2503 586 2577 Venere;
619 2503 764 2584 siqnidem
797 2509 927 2582 quatuor
954 2503 1134 2584 reliquorum
1161 2522 1279 2583 semper
1306 2503 1429 2566 inferior
1456 2503 1599 2583 majorem

238 2592 339 2654 habet.
387 2592 445 2653 ilic
473 2592 572 2653 facilis
605 2600 654 2653 est
684 2591 849 2671 responsio.
898 2591 1039 2654 Mercurii
1068 2591 1146 2653 enim
1176 2600 1209 2654 et
1231 2591 1361 2654 Veneris
1393 2610 1482 2655 veros
1510 2591 1600 2653 orbes

237 2688 357 2743 veteres
381 2680 532 2762 epicyclos
556 2701 624 2742 esse
649 2688 800 2761 putamnt.
849 2681 991 2742 Mercurii
1015 2690 1133 2754 autem,
1169 2691 1201 2742 ut
1228 2681 1429 2756 velocissimi,
1460 2681 1599 2743 minimus

239 2770 331 2833 etiam
356 2770 436 2831 orbis
462 2779 518 2830 est.
566 2769 758 2848 Superiorum
788 2787 859 2830 vero
888 2777 921 2830 ut
943 2770 1048 2849 cuique
1073 2770 1201 2831 Telluris
1224 2771 1305 2832 orbis
1328 2772 1450 2851 propior
1473 2779 1531 2844 est,
1556 2769 1599 2831 010

237 2860 382 2939 majorem
407 2859 445 2920 ad
471 2878 538 2919 eum
560 2859 781 2938 proportionem
805 2858 908 2931 habet,
932 2867 963 2920 et
986 2859 1083 2938 major
1103 2868 1239 2938 apparet.
1272 2859 1357 2921 Mars
1381 2860 1471 2939 igitur
1493 2859 1598 2938 proxi-

236 2967 302 3009 mus
325 2947 419 3008 habet
441 2948 600 3008 maximam
630 2947 854 3027 aequationem,
887 2945 1038 3009 Saturnus
1066 2948 1232 3010 altissimus
1258 2948 1421 3011 minimam.
1467 2948 1549 3012 Nam
1572 2948 1598 3008 si

237 3035 339 3097 oculus
361 3034 390 3096 10
412 3033 440 3096 G
461 3035 524 3113 (fig.
546 3032 599 3107 10)
623 3035 865 3110 constitueretur,
890 3036 917 3097 ei
941 3036 1023 3098 orbis
1041 3035 1097 3098 PN
1118 3037 1271 3099 videretur
1292 3038 1347 3099 sub
1367 3037 1477 3118 angulo
1492 3033 1597 3110 TGV;

238 3132 272 3186 at
295 3124 321 3185 si
344 3124 373 3184 iu
399 3124 425 3184 L
449 3133 545 3192 esset,
570 3123 649 3183 idem
673 3123 754 3184 orbis
777 3123 930 3186 videretur
953 3125 1008 3186 sub
1031 3126 1143 3205 angulo
1166 3123 1257 3187 RLS.

325 3208 356 3273 4.
391 3211 509 3272 Pariter
533 3231 589 3272 000
614 3211 722 3291 injuria
746 3212 846 3273 mirati
870 3221 939 3276 sunt
962 3220 1094 3288 veteres,
1125 3234 1176 3276 cur
1198 3223 1260 3276 tres
1285 3215 1455 3294 superiores
1478 3231 1597 3292 semper

237 3301 266 3362 in
282 3300 469 3381 oppositione
490 3320 555 3361 eum
570 3300 642 3362 Sole
661 3301 723 3363 sint
741 3301 894 3364 humillimi
918 3302 947 3363 in
970 3321 1025 3363 sno
1049 3303 1192 3384 epicyclo,
1219 3303 1247 3364 iu
1272 3303 1481 3383 conjunctione
1506 3301 1596 3364 altis-

237 3389 323 3451 simi:
348 3398 382 3451 ut
404 3389 430 3451 01
455 3390 549 3450 Terra
572 3392 638 3469 (tig.
658 3389 723 3462 11),
749 3389 803 3452 801
827 3399 858 3450 01
881 3410 900 3470 g
924 3392 1038 3452 sintin
1063 3392 1168 3452 eadem
1194 3392 1285 3468 linea,
1311 3412 1402 3473 quare
1426 3390 1511 3452 Mars
1534 3382 1597 3452 1001

236 3498 293 3539 000
317 3479 416 3559 possit
440 3479 467 3539 in
493 3478 553 3538 alio
579 3481 642 3539 1000
667 3479 795 3559 epicycli
818 3498 896 3554 esse,
922 3499 1010 3561 quarn
1035 3479 1063 3540 in
1087 3503 1109 3558 y.
1148 3481 1182 3542 In
1199 3479 1367 3560 Copernico
1391 3500 1484 3543 cansa
1502 3478 1597 3541 r'acile

236 3568 377 3630 redditur.
425 3568 494 3629 b'on
520 3569 597 3628 enirn
621 3568 705 3629 Mars
729 3569 758 3628 in
784 3569 932 3652 epicyclo,
963 3570 1016 3630 sed
1042 3569 1136 3630 Terra
1164 3570 1193 3631 in
1218 3571 1289 3631 orbe
1313 3588 1369 3633 suo
1392 3571 1470 3632 banc
1494 3568 1596 3631 varie·

235 3666 330 3719 tatem
355 3663 517 3729 causatum
542 3656 609 3717 hinc
633 3656 659 3717 si
674 3656 768 3717 Terra
791 3675 829 3718 ex
848 3659 878 3719 A
897 3657 967 3720 1οΒ
992 3658 1169 3721 discesserit
1183 3660 1248 3738 (fig.
1268 3657 1333 3734 10),
1359 3657 1414 3722 801
1437 3657 1495 3720 0111
1518 3657 1597 3719 10101

236 3744 263 3806 G
290 3746 419 3806 Martem
445 3734 525 3806 et'B
549 3746 687 3818 Terram,
720 3756 750 3806 et
774 3754 837 3807 turn
859 3745 945 3807 Mars
968 3745 1119 3809 videbitur
1142 3748 1170 3808 in
1195 3747 1330 3830 epicyclo
1354 3749 1418 3828 (dg.
1440 3745 1494 3820 11)
1519 3750 1598 3808 exd

236 3835 264 3893 iu
290 3857 303 3910 y
326 3835 511 3894 ascendisse.
545 3836 590 3894 At
605 3835 698 3895 Terra
723 3835 751 3895 iu
775 3837 804 3895 A
829 3835 987 3908 existente,
1014 3837 1091 3916 qnod
1117 3845 1164 3896 est
1187 3838 1412 3916 0000100110οἰ
1437 3833 1467 3898 G
1489 3835 1595 3915 prori-

236 3940 323 3992 10010,
350 3921 375 3979 (i
403 3923 485 3982 lllars
510 3933 542 3982 et
565 3921 617 3983 Sol
642 3923 822 3984 videbuntur
845 3942 882 3983 err
906 3924 934 3985 A
959 3925 1086 3986 invicem
1110 3925 1250 4006 oppositi.
1288 3927 1392 4007 Atque
1416 3925 1491 3987 baec
1514 3932 1594 3997 sunt,

119 4058 125 4067 .
236 4029 311 4087 quae
337 4030 372 4068 01
398 4011 502 4070 tabula
526 4012 563 4071 ad
588 4013 704 4072 oculum
728 4012 926 4073 demonstrari
950 4023 1086 4092 possunt.

323 4100 392 4159 darn
417 4100 558 4177 deinceps
582 4101 804 4161 consideremus
829 4101 921 4161 etiam
946 4104 1203 4164 ecceutricitatem
1226 4102 1312 4181 hujus
1337 4103 1429 4165 orbis.
1478 4099 1595 4181 06001-

236 4187 319 4249 01000
344 4187 417 4248 lacit
441 4206 606 4268 apogaeum
631 4190 712 4250 Solis
738 4190 799 4259 (vel
824 4189 951 4261 Terrae)
975 4199 1009 4250 ut
1036 4202 1068 4252 et
1095 4202 1261 4253 ceterorum
1289 4192 1422 4265 moveri,
1455 4208 1514 4253 nou
1541 4208 1597 4270 per

234 4277 414 4348 «laternum,
441 4277 493 4336 sed
518 4295 572 4356 per
596 4278 772 4357 epicyclium
797 4278 886 4356 paulo
909 4278 1026 4340 tardius
1049 4279 1120 4340 orbe
1139 4300 1194 4342 suo
1218 4280 1257 4340 ad
1281 4278 1398 4343 initium
1420 4279 1595 4349 rediens.⁸)

235 4366 290 4425 llic
314 4374 411 4427 irrotus
436 4367 562 4444 apogaci
592 4367 683 4426 etiarn
714 4366 825 4445 aliquid
859 4367 949 4426 infert
982 4366 1011 4427 in
1040 4368 1169 4430 motibus
1197 4376 1365 4431 ceterorum
1394 4369 1593 4448 planetarum.

233 4455 310 4515 b'arn
326 4455 517 4515 Ptolemaeus
533 4464 699 4516 ceterorum
719 4454 962 4516 eecentricitates
985 4466 1142 4535 computat
1160 4478 1179 4519 a
1196 4465 1300 4518 000110
1315 4457 1446 4521 Terras:
1462 4461 1492 4531 ⁸)
1515 4458 1594 4539 quod

233 4544 258 4601 si
291 4554 425 4605 centrum
458 4543 616 4604 eecentrici
651 4543 779 4605 Telluris
812 4553 843 4603 et
875 4560 1041 4624 apogaeum
1073 4563 1127 4624 per
1160 4547 1407 4626 consequentiam
1439 4547 1594 4627 signorum

233 4632 429 4692 discesserint
453 4631 480 4691 iu
505 4633 596 4694 sliam
621 4642 738 4712 partem
761 4632 894 4707 zodiaci,
920 4633 1033 4695 relictis
1056 4644 1128 4713 post
1150 4653 1184 4697 se
1207 4634 1335 4697 aliorum
1357 4636 1502 4716 apogaois
1526 4644 1595 4699 tar-

233 4719 383 4792 dioribus,
418 4719 537 4780 accidet
570 4722 670 4801 aliqua
699 4722 826 4784 mutatio
855 4721 1110 4784 eccentricitatum
1143 4725 1173 4786 in
1203 4723 1335 4804 planetis
1358 4725 1478 4788 ceteris.
1524 4724 1592 4787 Hoc

230 4808 320 4870 valde
343 4827 460 4871 rursum
482 4809 638 4875 mirabitur
658 4809 828 4874 Ptolemaei
851 4811 1050 4887 astronomia,
1082 4820 1174 4895 atque
1197 4812 1237 4876 ad
1260 4813 1475 4895 confingendor
1496 4831 1593 4878 novos
