3428 5542
249 304 311 370 128
758 307 870 372 llyrterd
890 307 1090 374 cosmograpbfoi

245 463 388 527 cundaria
411 471 538 545 quatuor
559 472 613 526 aut
635 465 763 545 quinque
791 466 891 547 planis
919 466 950 531 in
980 486 1070 530 unum
1092 467 1220 530 solidum
1243 467 1427 531 adsciscunt.
1475 465 1511 541 4)
1534 467 1608 530 Pri-

245 554 340 616 maria
372 553 481 615 nemini
514 572 599 615 suum
627 554 739 615 debent
766 555 910 635 originem
939 565 971 617 et
998 556 1221 637 proprietatos:
1255 557 1434 620 secundaria
1462 557 1608 638 pleraque

245 641 474 723 exprimatis,
509 643 592 703 facta
621 644 872 719 commutatione,
907 644 1019 723 adepta
1047 651 1142 729 sunt,
1169 654 1201 707 et
1229 645 1316 725 quasi
1346 646 1451 727 genita
1474 664 1512 707 ex
1535 645 1607 708 illis.

245 731 280 804 5)
310 730 456 794 Primaria
479 749 537 793 uon
561 731 673 794 moveri
702 730 844 794 concinne
873 742 1019 811 possunt,
1053 733 1110 796 nisi
1143 741 1214 797 acts
1243 733 1391 797 diametro
1423 752 1479 815 per
1501 742 1609 797 centra

245 822 331 884 unius
345 827 399 882 aut
412 818 617 902 oppositomm
630 821 806 900 planorum:
832 822 1010 883 secundaria
1032 842 1104 885 uero
1129 831 1200 885 acta
1221 841 1277 903 per
1299 822 1456 904 oppositos
1480 823 1608 903 angulos

245 911 402 974 diametro.
441 906 476 981 6)
499 908 711 972 Primariorum
736 918 784 972 est
806 909 956 991 proprium
980 921 1082 973 stare:
1107 911 1350 974 secundariorum
1364 911 1504 992 pendere.
1534 910 1608 974 Sive

244 999 323 1061 enim
345 998 420 1060 haec
444 997 473 1059 in
496 998 584 1060 basin
608 999 788 1078 provolvas,
823 999 886 1060 sive
915 1000 968 1061 illa
992 1001 1020 1061 in
1046 1000 1187 1079 angulum
1210 1000 1330 1081 erigas,
1362 1001 1445 1063 visus
1468 998 1609 1080 utrinque

245 1087 470 1151 deformitatem
494 1097 636 1168 aspectus
659 1087 800 1168 refugiet.
847 1085 882 1161 7)
914 1089 1003 1151 Adde
1027 1089 1173 1169 denique,
1205 1090 1284 1171 quod
1307 1089 1450 1170 primaria
1471 1090 1609 1170 perfecto

245 1195 367 1241 numero
392 1176 451 1238 tria
475 1185 564 1238 sunt:
598 1176 777 1238 secundaria
809 1177 986 1256 imperfecto
1019 1178 1095 1251 duo,
1129 1179 1266 1259 quodque
1295 1179 1349 1240 illa
1377 1197 1481 1241 omnes
1504 1178 1609 1258 anguli

246 1266 363 1350 species
387 1265 509 1340 habeut,
534 1265 627 1326 cubus
651 1274 773 1341 rectum,
798 1266 930 1348 pyramis
950 1275 1079 1339 acutum,
1104 1267 1325 1329 dodecaddrum
1348 1266 1507 1329 obtusum:
1533 1267 1609 1332 haec

246 1374 316 1418 vero
341 1354 429 1416 ambo
453 1353 482 1415 in
507 1353 607 1416 obtusi
631 1355 724 1416 solius
747 1374 857 1435 genere
881 1365 1050 1418 versantur.
1097 1356 1139 1418 Et
1167 1357 1302 1419 octaedri
1331 1356 1451 1437 quidem
1478 1356 1609 1436 angulus

245 1464 300 1527 per
322 1463 425 1505 omues
449 1449 513 1504 tres
536 1443 654 1523 species
678 1454 815 1523 vagatur,
842 1445 1032 1524 injunctura
1056 1445 1183 1507 laterum
1207 1445 1343 1518 obtusus,
1368 1446 1446 1508 iuter
1468 1445 1610 1513 coeuntia

245 1535 303 1596 duo
328 1533 425 1594 latera
447 1549 485 1592 ex
509 1532 648 1610 opposito
673 1542 785 1605 rectus,
810 1533 874 1612 ipse
899 1552 970 1594 vero
995 1534 1110 1595 solidus
1135 1544 1251 1596 acutus.
1292 1532 1369 1597 Cum
1391 1533 1484 1614 igitur
1507 1534 1609 1596 maui-

248 1627 358 1684 festum
381 1630 464 1683 esset
487 1620 645 1682 discrimen
671 1621 748 1682 inter
772 1640 911 1701 corpora,
942 1623 1168 1685 convenientius
1192 1624 1254 1685 fieri
1279 1623 1353 1685 nihil
1375 1622 1487 1703 poterit,
1518 1641 1609 1703 quam

247 1721 279 1773 ut
294 1711 397 1773 Tellus
413 1715 527 1783 nostra,
553 1709 646 1771 totius
671 1711 771 1770 mundi
796 1730 912 1772 summa
934 1719 967 1771 et
986 1711 1192 1791 compendium
1215 1722 1310 1794 atque·
1330 1711 1407 1773 adeo
1430 1710 1610 1792 dignissima

247 1798 403 1862 stellarum
426 1797 587 1873 mobilium,
613 1797 684 1860 orbe
709 1818 761 1859 suo
785 1799 864 1860 inter
879 1799 976 1861 dictos
991 1801 1111 1863 ordines
1127 1800 1333 1881 distingueret,
1360 1801 1517 1881 locumque
1540 1819 1608 1861 eum

245 1887 417 1961 sortiretur,
443 1906 530 1967 quem
555 1888 611 1967 ipsi
634 1888 770 1968 superius
794 1889 996 1951 attribuimus.

835 2126 890 2137 0—-
893 2127 1019 2136 -------

374 2457 484 2536 Quare
506 2456 570 2520 trio
595 2474 728 2537 corporo
755 2454 890 2517 Terram
912 2455 1066 2527 ambiant,
1090 2455 1153 2518 daco
1176 2453 1303 2538 reliquo
1325 2454 1486 2519 inuram?

336 2601 447 2662 Patere
472 2618 564 2675 uunc,
590 2599 685 2660 lector
708 2597 900 2678 aequanime‚
927 2604 961 2657 ut
985 2596 1084 2657 ludam
1109 2597 1327 2678 aliquantisper
1349 2598 1378 2658 iu
1402 2615 1435 2658 re
1458 2596 1553 2670 seria,
1578 2606 1610 2658 et

247 2690 379 2753 nonnihil
403 2689 556 2768 allegoriis
581 2686 763 2766 indulgeam.
810 2684 930 2746 Etenim
960 2685 1098 2746 existimo
1130 2705 1167 2747 ex
1195 2706 1294 2748 amore
1319 2686 1376 2747 Dei
1407 2685 1436 2747 in
1461 2685 1610 2747 homiuem

247 2799 357 2842 causas
387 2798 483 2840 rerum
512 2779 540 2839 in
571 2777 679 2838 mundo
710 2775 853 2853 plurimas
884 2773 990 2835 deduci
1018 2792 1118 2853 posse.
1167 2774 1258 2836 Certe
1283 2774 1420 2856 equidem
1443 2793 1531 2836 nemo
1554 2793 1609 2835 ns-

246 2869 345 2949 gabit‚
376 2869 403 2928 in
433 2865 584 2928 domicilio
613 2865 713 2927 mundi
743 2864 913 2924 exomendo
936 2862 1035 2923 Deum
1059 2865 1096 2924 ad
1127 2863 1253 2925 incolam
1284 2867 1414 2926 futurum
1446 2863 1609 2926 identidem

247 2957 429 3036 respexisse.
476 2954 560 3016 Finis
585 2954 662 3014 euim
687 2961 719 3013 et
747 2952 847 3013 mundi
874 2960 904 3011 et
932 2952 1029 3012 omnis
1058 2953 1219 3014 creationis
1250 2953 1350 3014 homo
1379 2960 1437 3013 est.
1484 2951 1609 3014 Terram

247 3046 352 3126 igitur,
379 3063 455 3124 quae
478 3043 637 3122 genuinam
663 3039 819 3104 Creatoris
843 3040 1003 3119 imaginem
1026 3040 1135 3102 datura
1158 3049 1190 3103 et
1213 3041 1324 3103 alitura
1346 3050 1443 3116 esset,
1469 3041 1610 3103 existimo

247 3134 369 3213 dignam
392 3132 494 3193 aDeo
518 3132 675 3205 censitam,
700 3149 776 3209 quae
800 3128 973 3191 circumiret
996 3128 1209 3191 intermedius
1232 3131 1373 3209 planetas
1398 3131 1452 3205 sic,
1477 3139 1511 3192 ut
1534 3130 1610 3191 toti-

247 3223 317 3285 dem
340 3222 393 3283 illa
416 3220 541 3282 haberet
566 3220 647 3281 iutra
670 3219 750 3281 orbis
775 3218 821 3279 sui
844 3218 1040 3297 complexum,
1065 3229 1138 3297 quot
1161 3228 1249 3281 extra
1273 3220 1413 3282 habitura
1436 3228 1531 3282 esset.
1568 3219 1612 3283 Ut

186 3374 191 3389 ,
247 3312 303 3373 boc
327 3311 410 3371 Deus
434 3309 602 3382 obtineret,
635 3307 737 3371 Solem
761 3307 884 3388 reliquis
909 3305 1036 3387 quinque
1061 3308 1160 3369 stellis
1191 3310 1360 3382 accensuit,
1393 3306 1532 3388 quamvis
1561 3309 1610 3370 ille

246 3409 313 3463 toto
337 3417 446 3480 genere
470 3397 666 3478 discreparet.
701 3397 794 3477 quue
818 3415 854 3457 co
877 3396 974 3475 magis
993 3415 1156 3458 consonum
1172 3398 1299 3471 uidetur,
1325 3397 1404 3478 quod
1428 3416 1495 3459 curu
1520 3415 1612 3477 supra

246 3488 300 3553 Sol
324 3488 381 3551 Dei
404 3488 502 3568 patris
526 3488 625 3567 imago
655 3486 762 3561 fuerit,
796 3486 938 3547 credibile
971 3492 1038 3557 est,
1072 3485 1129 3547 bae
1159 3486 1363 3548 associatione
1391 3504 1459 3548 cum
1488 3486 1612 3567 reliquis

246 3578 345 3642 stellis
369 3584 547 3658 argumenta
571 3586 697 3639 venturo
720 3575 827 3637 colono
849 3574 994 3655 praebere
1018 3572 1158 3635 debuisse
1181 3578 1409 3655 φιλανθρυπιας
1436 3583 1467 3637 et
1491 3573 1612 3654 «isdem

246 3672 428 3742 recaderus,
453 3684 542 3747 quam
564 3666 648 3727 Deus
672 3672 869 3744 usurpaturus
893 3674 959 3725 erat
985 3680 1057 3742 erga
1076 3662 1220 3738 homines,
1247 3666 1284 3726 ad
1304 3664 1500 3727 domesticam
1520 3663 1611 3726 fami-

248 3756 412 3820 liaritatem
437 3774 530 3837 usque
554 3774 622 3818 sese
646 3753 821 3815 demittens.
866 3753 945 3814 Nam
977 3752 1006 3812 in
1035 3753 1132 3813 reteri
1155 3753 1351 3815 Testameuto
1382 3754 1557 3833 frequenter
1585 3753 1612 3814 iu

247 3864 402 3907 numemm
426 3845 577 3906 homiuum
605 3843 703 3916 venit,
733 3852 766 3903 et
789 3841 955 3903 Abrahami
980 3841 1093 3902 amicus
1122 3842 1226 3903 audire
1254 3843 1363 3914 voluit,
1393 3842 1483 3903 sicuti
1507 3840 1612 3904 Solem

249 3933 386 3995 ridemus
409 3933 439 3995 in
463 3952 615 3995 numerum
640 3931 793 3994 mobilium
817 3930 929 3991 venire.
973 3928 1049 3991 Cum
1072 3941 1173 3991 autem
1198 3929 1251 3993 Sol
1277 3952 1295 3993 a
1318 3931 1414 3992 Terra
1436 3928 1610 4003 ambiretur,

249 4021 370 4104 positis,
396 4040 472 4103 quae
496 4022 577 4083 dicta
601 4030 686 4095 suut,
712 4018 884 4082 necessario
909 4019 960 4080 ille
983 4019 1057 4080 ordo
1081 4037 1237 4098 corporum
1261 4021 1342 4082 intra
1364 4019 1489 4082 Terram
1511 4019 1611 4083 inclu-

247 4111 363 4174 dendus
387 4110 457 4185 fuit,
488 4110 537 4190 qui
560 4110 619 4171 duo
643 4109 753 4172 saltem
781 4107 1010 4187 complectitur:
1044 4126 1151 4188 nempe
1175 4117 1208 4171 ut
1231 4109 1355 4170 mobilia
1377 4108 1437 4171 duo
1459 4126 1529 4170 cum
1551 4108 1611 4171 iru-

248 4200 349 4263 mobili
373 4197 446 4261 Sole
470 4199 595 4260 eundem
625 4200 774 4260 efficerent
804 4214 955 4258 numemm
983 4197 1165 4270 ternarium,
1201 4198 1249 4278 qui
1278 4206 1325 4260 est
1352 4198 1382 4259 iu
1412 4196 1544 4261 exclusis
1572 4197 1612 4260 sb

246 4289 318 4351 orbe
342 4288 464 4350 Terrae.
511 4285 563 4349 Sic
594 4287 703 4366 igitur,
738 4287 825 4349 Luua
856 4285 1034 4366 praesertim
1059 4287 1184 4348 Terram
1215 4287 1393 4361 ambeunte,
1427 4287 1612 4350 domicilium

246 4388 381 4440 nostrum
404 4376 534 4457 optimus
559 4374 687 4437 Creator
710 4375 740 4436 in
769 4375 866 4437 medio
895 4381 1012 4454 septem
1040 4376 1229 4455 planetsrum
1260 4376 1432 4438 collocavit
1480 4377 1561 4439 Nam
1586 4375 1612 4438 si

246 4467 335 4531 trium
358 4466 537 4545 reliquorum
561 4465 633 4526 ordo
664 4464 702 4525 ad
727 4463 828 4526 Solem
860 4464 1061 4538 accessisset,
1096 4464 1226 4526 fuissent
1258 4464 1351 4544 igitur
1380 4466 1462 4527 intra
1484 4465 1612 4528 Terram

247 4576 312 4617 cum
337 4554 409 4617 Sole
433 4568 561 4634 quatuor
590 4554 716 4627 stellae,
752 4554 830 4614 duae
858 4571 929 4613 sero
958 4561 1076 4614 tautum
1107 4562 1204 4614 extra.
1252 4552 1340 4624 Quae
1363 4554 1478 4615 numeri
1501 4551 1611 4627 ἀταξια

246 4663 313 4706 cum
336 4643 452 4705 ratione
481 4651 605 4716 careat,
637 4643 751 4703 omissa
779 4649 827 4703 est
851 4662 869 4702 a
893 4637 1050 4704 creatore.
1097 4640 1172 4704 Cum
1197 4643 1270 4705 item
1293 4643 1449 4704 continere
1472 4643 1516 4703 sit
1536 4660 1610 4723 per·

247 4733 391 4807 fortioris,
413 4733 551 4801 utactio,
572 4731 716 4793 contineri
737 4740 770 4792 ut
790 4731 893 4810 passio
917 4731 1155 4810 imperfectioris,
1180 4732 1324 4811 primaria
1339 4750 1409 4793 veru
1428 4732 1612 4811 perfectiora

246 4823 308 4885 sint
331 4822 448 4898 ceteris,
474 4820 624 4896 eoncenit,
648 4828 682 4882 ut
705 4820 795 4883 trium
813 4820 886 4882 ordo
901 4820 1070 4882 contineret
1084 4821 1218 4897 Terram,
1243 4820 1361 4903 reliqua
1382 4822 1610 4885 continerentur

1481 4922 1495 4951 s
