3428 5542
173 345 239 414 326
595 347 1104 415 Mmmem

261 508 401 570 Excussa
424 516 465 582 te,
491 527 543 570 cur
565 509 638 570 mihi
661 528 719 570 nou
744 509 929 583 satisfacias,
953 508 1072 569 interea
1095 510 1200 571 seduio
1224 531 1244 571 a
1262 527 1310 570 me
1333 508 1441 570 literas
1465 505 1533 568 exi-

172 598 231 677 gis.
278 594 387 672 Scias,¹
411 616 457 658 me
482 597 617 676 cogitare
639 599 769 681 posthac
793 607 824 659 te
848 598 967 670 ulcisci,
993 617 1051 658 nou
1074 598 1157 676 prius
1181 599 1363 674 rescribere,
1388 615 1481 679 quam
1504 594 1534 656 in

173 682 365 764 astrologicis
390 685 567 764 quibusdam
591 685 688 748 literis
712 687 787 748 meis
811 685 960 765 prioribus
984 685 1181 748 satisfeceris.

261 773 368 835 Priuce
392 793 406 833 s
422 775 541 852 quidam
557 780 646 839 natus
662 782 710 835 est
733 771 826 846 1578,
851 773 903 838 25.
921 773 990 837 Oct.
1011 776 1040 835 h.
1066 769 1125 855 3¹1,
1149 794 1179 855 p.
1196 796 1234 838 m
1256 775 1311 836 alt.
1326 773 1387 854 poli
1403 763 1492 851 ⁴8¹1,
1511 766 1534 833 ⁸.

172 863 260 927 hiars
282 881 337 942 per
360 793 390 924 d
391 859 404 895 ⁸
425 863 506 924 ultra
529 862 675 927 calculum
701 863 799 925 Stadii
823 873 855 924 et
878 863 1033 929 Maestiiui
1058 863 1165 926 fuerat.
1213 865 1258 925 De
1283 870 1379 924 morte
1397 858 1534 925 Cardaui

173 952 247 1015 nihil
270 951 343 1014 scio.
389 951 436 1012 De
460 952 652 1035 astrologicis
677 954 769 1016 etiam
793 952 865 1017 nihii
890 952 1028 1034 posthac,
1053 953 1110 1013 uisi
1134 954 1218 1033 prius
1240 970 1296 1032 per
1317 960 1425 1031 partes
1445 949 1533 1030 judi-

174 1058 236 1116 ces,
260 1040 402 1121 quidquid
425 1040 455 1100 in
480 1059 547 1101 mea
571 1041 785 1107 dissertatione
808 1041 918 1121 probes
941 1040 989 1102 vei
1013 1041 1144 1120 rejicias.

263 1129 314 1192 Ad
346 1128 506 1210 epistolam
535 1125 639 1193 (1.30.
668 1130 738 1191 Jan.
762 1126 809 1203 (9.
833 1130 923 1201 Feb.)
956 1129 1110 1208 scriptam.
1157 1136 1234 1199 (mss
1252 1148 1368 1201 sapsas
1387 1131 1465 1195 ³²³.)
1554 1192 1559 1201 ,

263 1218 323 1279 Pro
347 1216 611 1280 observationibus
635 1214 688 1282 29.
712 1218 783 1280 Jan.
807 1219 923 1299 gratias
947 1237 1015 1298 ago.

263 1304 297 1368 lu
322 1305 487 1371 Germania
519 1307 587 1386 pius
621 1309 754 1387 frigoris,
789 1308 859 1388 quia
887 1309 961 1371 haec
990 1307 1111 1387 propior
1143 1304 1270 1385 frigidae
1302 1306 1383 1369 aeris
1407 1304 1534 1386 regioni

175 1395 331 1461 Maritima
354 1395 558 1475 profundiora,
584 1397 702 1477 etipse
727 1404 830 1457 aestus
855 1398 1008 1458 madorem
1032 1396 1135 1469 affert,
1160 1394 1237 1483 quod
1260 1394 1299 1455 D.
1321 1394 1535 1458 Cauceiiarius

173 1487 310 1549 Francus
334 1486 451 1547 emdite
475 1485 600 1546 monuit.
647 1484 768 1547 Nivium
784 1505 854 1546 vero
877 1487 945 1565 pius
970 1485 999 1546 iu
1017 1483 1191 1573 Germania,
1217 1483 1287 1562 quia
1305 1483 1374 1563 pius
1388 1484 1430 1547 ibi
1444 1502 1535 1547 mon·

175 1575 258 1647 tium
284 1574 362 1635 uude
384 1574 461 1634 haec
484 1573 613 1635 materia
636 1575 769 1637 exhalat.

264 1663 409 1724 Boreas
442 1683 461 1722 a
485 1661 691 1724 Groeniaudia
713 1661 798 1724 venit
828 1680 884 1741 per
911 1662 1041 1723 medium
1066 1679 1210 1727 oceanum
1244 1659 1323 1721 inter
1344 1661 1536 1722 Britanniam

177 1759 210 1813 et
233 1748 478 1822 scandinaviam,
502 1750 532 1814 h.
548 1770 575 1812 e.
599 1752 833 1832 Nordvegiam:
859 1751 951 1831 igitur
972 1751 1082 1812 mitior.
1130 1747 1246 1810 Contra
1265 1747 1431 1811 Caecias
1454 1750 1540 1811 venit

178 1859 214 1902 ex
240 1839 294 1901 illa
316 1858 409 1919 prope
433 1839 574 1918 regione,
599 1840 648 1905 ubi
682 1842 818 1903 Drace
851 1840 951 1903 media
975 1847 1093 1900 aestate
1118 1857 1265 1901 summum
1289 1838 1405 1901 invenit
1428 1837 1536 1921 frigus.

177 1929 334 1993 Ailabitur
367 1940 486 1989 ventum
519 1930 635 2004 fluxus,
674 1937 707 1992 ut
735 1949 862 2010 aquam,
896 1938 1058 2011 propterea
1081 1927 1110 1988 in
1135 1928 1277 1993 circulum
1301 1927 1384 2000 abit,
1423 1945 1485 1988 nou
1509 1927 1538 1988 in

180 2027 306 2080 rectum.
352 2016 434 2080 nam
458 2018 587 2097 impetus
612 2038 647 2080 eo
672 2039 766 2099 usque
789 2019 872 2080 ilium
896 2037 953 2079 non
978 2024 1083 2097 posset
1106 2017 1239 2091 deferre,
1274 2017 1331 2078 nisi
1355 2018 1455 2079 fluxus
1480 2015 1537 2078 ad-

176 2107 309 2187 juvaret.
357 2106 477 2169 Ventus
502 2116 550 2168 est
573 2109 669 2170 fluxus
694 2108 783 2176 aeris,
808 2115 842 2168 ut
865 2125 961 2186 aquae
977 2108 1085 2167 liunus.
1124 2104 1305 2184 Principium
1330 2105 1442 2169 fluendi
1463 2104 1539 2168 facit

180 2195 316 2257 ebullitio
341 2216 378 2257 ex
411 2197 568 2260 altissimis
593 2198 752 2258 montibus.
806 2196 856 2257 Ab
888 2215 922 2257 eo
957 2194 1079 2275 fastigio
1113 2194 1241 2255 materia
1272 2195 1385 2274 partim
1417 2195 1538 2273 frigore,

178 2285 291 2365 partim
316 2305 371 2348 sua
394 2285 547 2364 gravitate
576 2287 660 2358 (nam
685 2291 738 2346 aer
761 2284 790 2343 in
815 2285 938 2350 aethere
961 2280 1063 2363 gravis
1087 2284 1150 2356 est)
1184 2282 1353 2344 devolvitur
1375 2290 1408 2343 et
1431 2283 1462 2343 iu
1488 2303 1540 2342 su-

181 2375 301 2453 perficie
325 2373 404 2436 airis
429 2373 503 2435 facit
528 2374 669 2436 circulum
694 2374 785 2435 alium
810 2392 846 2434 er
870 2373 940 2444 alio,
965 2371 1130 2433 latissimos
1153 2372 1275 2433 ultimos
1299 2380 1331 2433 et
1354 2371 1537 2433 laxissimos.

269 2461 431 2523 Genesin
454 2462 756 2527 Dietrichsteuii
782 2462 901 2535 neseio;
927 2460 1046 2522 incivile
1070 2467 1127 2534 est,
1153 2462 1282 2540 petendo
1307 2480 1373 2521 eam
1394 2460 1539 2523 refricare

181 2552 311 2614 dolorem
334 2552 441 2634 patris.

270 2638 446 2703 Cometas
487 2648 562 2722 puto
603 2659 729 2722 corpora
770 2638 929 2721 perspicua
970 2638 1019 2698 vei
1059 2636 1228 2717 pellucida,
1272 2639 1354 2700 intus
1392 2637 1540 2701 materiae

181 2729 298 2792 ratione
322 2729 470 2793 colorata.
517 2729 661 2792 Transito
685 2729 787 2807 itaque
811 2728 962 2791 radiorum
979 2725 1061 2789 Solis
1085 2727 1264 2788 colorantur.
1312 2728 1359 2788 De
1384 2726 1441 2787 hoc
1465 2725 1539 2792 nihil

182 2817 295 2880 dubito.
344 2815 501 2888 Quomodo
526 2819 632 2879 aether
655 2816 795 2898 limpidus
819 2816 873 2876 hos
897 2816 1013 2876 colores
1036 2815 1195 2893 suscipiat,
1221 2835 1287 2876 cum
1312 2815 1395 2875 Solis
1420 2824 1452 2875 et
1474 2814 1540 2875 Lu-

181 2926 238 2969 nae
262 2906 364 2968 radios
388 2927 445 2969 non
471 2907 631 2986 suscipiat,
660 2906 817 2987 plurimum
842 2904 972 2984 disputo,
997 2923 1103 2983 parum
1127 2904 1196 2965 mihi
1221 2914 1336 2965 consto.
1384 2903 1540 2963 Interdum

180 3003 264 3076 puto,
290 2995 448 3058 materiam
474 3017 541 3057 esse
566 2995 647 3058 circa
671 3003 816 3058 cometam
840 3001 903 3055 tam
928 2993 990 3056 late
1015 3011 1189 3071 expansam,
1215 3013 1290 3074 quae
1310 2991 1442 3072 excipiat
1461 2990 1541 3053 hanc

182 3084 428 3159 illustrationem,
459 3095 492 3148 ut
514 3084 674 3163 pulvisculi
698 3082 801 3145 Solem
825 3083 853 3143 iu
878 3083 1007 3144 obscura
1029 3101 1168 3154 caruera;
1201 3090 1271 3145 tunc
1295 3101 1388 3143 causa
1412 3079 1539 3142 visionis

182 3179 265 3234 esset
279 3173 308 3234 iu
323 3173 501 3235 collectione
516 3183 547 3234 et
566 3171 815 3252 multiplicatione
829 3171 988 3232 radiomm.
1027 3171 1180 3231 Interdum
1201 3171 1272 3232 mihi
1291 3179 1323 3230 et
1341 3169 1388 3230 hic
1403 3169 1541 3242 (aether)

182 3261 247 3340 ipse
270 3261 389 3323 ridetur
412 3263 591 3324 materiatus
616 3271 647 3321 et
662 3261 792 3322 colorum
811 3279 917 3339 capax,
942 3259 1121 3340 praesertim
1141 3261 1210 3338 quia
1235 3259 1385 3320 latissima
1408 3259 1473 3339 ejus
1493 3267 1541 3318 est

181 3349 344 3412 illustratio
368 3372 388 3411 a
409 3360 546 3424 cometa,
581 3349 673 3411 radiis
693 3348 774 3410 Solis
802 3349 952 3410 refractis.
1000 3348 1082 3409 Tunc
1110 3347 1202 3426 igitur
1230 3347 1353 3420 accidit,
1384 3355 1427 3419 ut,
1460 3347 1540 3428 quod

182 3447 228 3499 est
252 3439 464 3518 propinquum,
500 3440 747 3518 inconspectum
777 3456 833 3498 nun
859 3438 970 3498 veniat.
1019 3436 1172 3497 interdum
1205 3447 1293 3517 puto,
1331 3436 1460 3497 caudam
1485 3454 1540 3497 co·

180 3535 280 3588 metae
303 3529 475 3608 pertingere
499 3528 577 3588 iufra
600 3528 726 3600 Lunam,
753 3535 783 3586 et
806 3527 884 3587 hanc
907 3545 1029 3587 causam
1054 3545 1121 3587 esse
1137 3526 1311 3604 apparentis
1336 3524 1452 3585 caudae
1466 3542 1541 3605 pro-

179 3615 329 3697 jectionis,
355 3625 386 3676 et
410 3615 502 3678 radiis
527 3616 607 3677 illius
631 3616 757 3677 colorari
781 3614 938 3676 materiam
962 3616 1075 3675 aeriam
1099 3617 1288 3676 crassiorem.
1337 3613 1539 3676 Dilatatiouis

182 3722 276 3766 causa
307 3705 390 3766 venit
422 3724 459 3765 en
492 3705 609 3784 legibus
641 3705 768 3784 opticis,
802 3705 1005 3783 refringuntur
1034 3703 1110 3763 radii
1142 3704 1180 3763 ad
1202 3703 1465 3782 perpendiculum,
1498 3712 1540 3774 et,

182 3794 316 3855 sectione
341 3792 433 3867 lacta,
459 3801 618 3855 transeunt
642 3794 670 3854 in
695 3793 865 3872 oppositam
889 3803 1015 3870 partem.

271 3882 317 3943 De
341 3882 602 3943 incurvatione
626 3882 697 3962 quid
720 3899 777 3942 non
803 3882 852 3953 sit,
878 3882 977 3942 dicere
1001 3899 1132 3959 possum,
1158 3887 1191 3939 at·
1216 3898 1272 3940 uon
1290 3877 1360 3959 quid
1380 3879 1431 3940 sit.
1471 3879 1540 3940 Nou

183 3978 232 4031 est
254 3971 429 4049 paraliaxis,
455 3982 488 4032 ut
512 3971 615 4051 Tycha
637 3971 776 4049 putavit;
799 3990 869 4030 narn
892 3969 1059 4047 parallaxis
1084 3987 1120 4029 ex
1145 3968 1237 4028 rectis
1261 3986 1318 4028 nnn
1343 3975 1449 4045 potest
1468 3967 1541 4028 red·

183 4058 253 4120 dere
277 4078 378 4120 curva.
424 4060 494 4121 Non
518 4070 567 4121 est
590 4068 623 4120 ut
647 4060 751 4120 Lunae
775 4059 967 4128 illuminatio,
1002 4077 1077 4137 quae
1102 4077 1171 4118 vere
1205 4065 1253 4118 est
1286 4076 1378 4118 curva
1409 4057 1543 4118 circula-

182 4146 264 4209 riter.
312 4149 357 4210 Tu
381 4147 406 4208 si
431 4167 477 4210 nre
502 4148 697 4217 refutaveris,
723 4166 780 4207 uon
806 4166 852 4207 rne
876 4148 1020 4208 offendes.
1069 4145 1293 4208 Obscurissima
1317 4154 1365 4206 est
1389 4146 1541 4225 quaestio.

181 4235 247 4298 lieo
270 4255 326 4312 ego
349 4237 450 4319 piures
475 4238 534 4298 vidi
560 4254 630 4299 uno
655 4237 724 4297 anui
752 4232 835 4298 1596
859 4236 1032 4298 Novembri.
1079 4243 1156 4304 (vida
1174 4244 1257 4293 Prode.
1282 4259 1305 4306 p.
1328 4240 1402 4301 tto.)

253 4322 423 4375 Fabricius
443 4320 479 4389 [d.
500 4326 523 4374 t.
543 4323 613 4385 (it.)
626 4320 726 4388 Fabul:
757 4324 848 4375 Scribis
866 4325 897 4374 de
916 4334 997 4376 ureae
1015 4331 1084 4373 noea
1102 4325 1127 4371 ln
1146 4322 1226 4373 Rheni
1245 4330 1327 4372 mou
1346 4322 1382 4384 (a.
1396 4337 1416 4371 s.
1431 4320 1543 4388 pm).

183 4393 259 4456 capr·
284 4403 381 4458 tempas
407 4411 564 4460 conuecta.
601 4396 669 4447 Nihil
694 4411 738 4446 roa
755 4396 797 4446 hic
815 4397 936 4446 senibus
955 4395 992 4445 dre
1039 4395 1092 4460 Ego
1111 4410 1141 4444 er
1160 4395 1232 4445 ruina
1256 4396 1335 4457 para's
1353 4395 1462 4457 alicujus
1475 4397 1542 4449 ‘naa-

181 4466 251 4525 rioria
269 4466 403 4525 thascium
420 4469 446 4516 ia
465 4469 636 4529 subiacentem
654 4469 792 4517 caritatem
805 4468 945 4517 inferiorem
964 4475 1045 4516 tarrae
1063 4473 1144 4515 motus
1163 4467 1267 4515 existere
1280 4475 1348 4530 puto.
1386 4464 1459 4517 Sicut
1477 4469 1543 4521 ania

181 4550 257 4601 snpra
274 4544 364 4586 terram
383 4544 441 4587 suut
459 4546 563 4595 montes.
584 4540 620 4587 ita
639 4538 705 4587 haud
724 4538 796 4586 dubis
816 4540 840 4586 in
859 4546 926 4587 terra
945 4551 1066 4587 cavernas
1085 4536 1260 4599 amplissimae,
1279 4538 1349 4601 quasi
1369 4544 1458 4592 antra.
1476 4553 1542 4607 quae

182 4608 357 4658 combustibilis
370 4610 484 4668 materia,
504 4609 542 4658 rei
561 4608 656 4674 liquida
674 4609 822 4665 substantia,
842 4608 879 4658 rei
899 4609 977 4658 simile
996 4609 1053 4673 quid
1072 4608 1165 4671 implet.

270 4680 473 4760 Kepierrrs:
513 4681 550 4741 ad
579 4680 712 4760 prolixas
742 4682 810 4741 ilias
840 4681 865 4739 1.
891 4681 978 4741 Febr.
1005 4680 1104 4740 datas.
1144 4678 1273 4756 Tempus
1305 4690 1404 4740 terrae
1442 4686 1543 4742 moras

183 4770 302 4846 quaeris
319 4769 428 4861 rectius
444 4790 480 4830 er
496 4768 693 4831 relationibus
709 4769 870 4831 theoricis.
901 4768 1031 4829 Videtur
1049 4767 1098 4829 15.
1116 4768 1200 4846 Sept.
1218 4768 1309 4828 fuisse
1324 4787 1403 4828 anuo
1422 4764 1519 4831 thot.

271 4857 389 4938 Negas,
425 4858 536 4922 rnoreri
559 4866 672 4922 terram
695 4867 845 4934 vestram,
879 4857 1039 4920 confirmat
1066 4865 1097 4919 te
1121 4855 1213 4920 Corn.
1239 4855 1376 4918 Gemma
1423 4856 1542 4922 Exeru-
