<?xml version="1.0" encoding="UTF-8"?>
<!DOCTYPE html PUBLIC "-//W3C//DTD XHTML 1.0 Transitional//EN"
    "http://www.w3.org/TR/xhtml1/DTD/xhtml1-transitional.dtd">
<html xmlns="http://www.w3.org/1999/xhtml" xml:lang="en" lang="en">
 <head>
  <title>
</title>
<meta http-equiv="Content-Type" content="text/html;charset=utf-8" />
  <meta name='ocr-system' content='tesseract 3.04.00' />
  <meta name='ocr-capabilities' content='ocr_page ocr_carea ocr_par ocr_line ocrx_word'/>
</head>
<body>
  <div class='ocr_page' id='page_1' title='image "./joanniskepleria10frisgoog/joanniskepleria10frisgoog_0320.png"; bbox 0 0 3428 5542; ppageno 0'>
   <div class='ocr_carea' id='block_1_1' title="bbox 620 283 1493 406">
    <p class='ocr_par' dir='ltr' id='par_1_1' title="bbox 620 283 1493 406">
     <span class='ocr_line' id='line_1_1' title="bbox 620 283 1493 406; baseline -0.005 0"><span class='ocrx_word' id='word_1_1' title='bbox 620 283 964 406; x_wconf 60' lang='lat' dir='ltr'>&#39;asumma</span> <span class='ocrx_word' id='word_1_2' title='bbox 1140 373 1143 389; x_wconf 82' lang='lat'>·</span> <span class='ocrx_word' id='word_1_3' title='bbox 1428 333 1493 403; x_wconf 83' lang='grc' dir='ltr'>ιιι</span> 
     </span>
    </p>
   </div>
   <div class='ocr_carea' id='block_1_2' title="bbox 134 498 1494 1204">
    <p class='ocr_par' dir='ltr' id='par_1_2' title="bbox 134 498 1493 706">
     <span class='ocr_line' id='line_1_2' title="bbox 134 498 1493 564; baseline -0.001 -14"><span class='ocrx_word' id='word_1_4' title='bbox 134 506 201 550; x_wconf 86' lang='lat' dir='ltr'>stum</span> <span class='ocrx_word' id='word_1_5' title='bbox 222 500 257 550; x_wconf 87' lang='lat' dir='ltr'>sit</span> <span class='ocrx_word' id='word_1_6' title='bbox 272 499 314 549; x_wconf 87' lang='lat' dir='ltr'>illo</span> <span class='ocrx_word' id='word_1_7' title='bbox 331 505 455 563; x_wconf 83' lang='lat' dir='ltr'>ternpore,</span> <span class='ocrx_word' id='word_1_8' title='bbox 480 502 551 564; x_wconf 83' lang='lat' dir='ltr'>eujus</span> <span class='ocrx_word' id='word_1_9' title='bbox 568 499 710 558; x_wconf 73' lang='lat' dir='ltr'>meminisse</span> <span class='ocrx_word' id='word_1_10' title='bbox 729 506 850 563; x_wconf 82' lang='lat' dir='ltr'>oporteat.</span> <span class='ocrx_word' id='word_1_11' title='bbox 890 498 959 551; x_wconf 86' lang='lat' dir='ltr'>Deus</span> <span class='ocrx_word' id='word_1_12' title='bbox 980 500 1006 548; x_wconf 92' lang='lat' dir='ltr'>iu</span> <span class='ocrx_word' id='word_1_13' title='bbox 1029 499 1139 550; x_wconf 77' lang='lat' dir='ltr'>luterum</span> <span class='ocrx_word' id='word_1_14' title='bbox 1161 499 1218 550; x_wconf 88' lang='lat' dir='ltr'>lites</span> <span class='ocrx_word' id='word_1_15' title='bbox 1242 503 1352 556; x_wconf 83' lang='grc' dir='ltr'>ιιιιιιι,</span> <span class='ocrx_word' id='word_1_16' title='bbox 1381 511 1493 563; x_wconf 78' lang='lat' dir='ltr'>quarum,</span> 
     </span>
     <span class='ocr_line' id='line_1_3' title="bbox 134 569 1488 637; baseline 0.001 -17"><span class='ocrx_word' id='word_1_17' title='bbox 134 571 191 622; x_wconf 88' lang='lat' dir='ltr'>Deo</span> <span class='ocrx_word' id='word_1_18' title='bbox 208 572 306 636; x_wconf 79' lang='lat' dir='ltr'>gratia,</span> <span class='ocrx_word' id='word_1_19' title='bbox 325 570 395 622; x_wconf 84' lang='lat' dir='ltr'>nulle</span> <span class='ocrx_word' id='word_1_20' title='bbox 412 586 440 621; x_wconf 87' lang='lat' dir='ltr'>se</span> <span class='ocrx_word' id='word_1_21' title='bbox 458 570 537 622; x_wconf 83' lang='lat' dir='ltr'>adbuc</span> <span class='ocrx_word' id='word_1_22' title='bbox 555 571 649 622; x_wconf 80' lang='lat' dir='ltr'>indicis</span> <span class='ocrx_word' id='word_1_23' title='bbox 667 571 789 628; x_wconf 78' lang='lat' dir='ltr'>offerunt,</span> <span class='ocrx_word' id='word_1_24' title='bbox 809 577 835 621; x_wconf 92' lang='lat' dir='ltr'>et</span> <span class='ocrx_word' id='word_1_25' title='bbox 853 585 899 637; x_wconf 90' lang='lat' dir='ltr'>ego</span> <span class='ocrx_word' id='word_1_26' title='bbox 918 584 975 621; x_wconf 86' lang='lat' dir='ltr'>mes</span> <span class='ocrx_word' id='word_1_27' title='bbox 993 571 1126 625; x_wconf 74' lang='lat' dir='ltr'>solitudine</span> <span class='ocrx_word' id='word_1_28' title='bbox 1144 570 1231 622; x_wconf 86' lang='lat' dir='ltr'>studeo</span> <span class='ocrx_word' id='word_1_29' title='bbox 1250 569 1390 627; x_wconf 83' lang='lat' dir='ltr'>declinare,</span> <span class='ocrx_word' id='word_1_30' title='bbox 1409 581 1488 634; x_wconf 78' lang='lat' dir='ltr'>qm·</span> 
     </span>
     <span class='ocr_line' id='line_1_4' title="bbox 135 649 314 706; baseline -0.011 -14"><span class='ocrx_word' id='word_1_31' title='bbox 135 649 189 692; x_wconf 88' lang='lat' dir='ltr'>tum</span> <span class='ocrx_word' id='word_1_32' title='bbox 206 656 314 706; x_wconf 89' lang='lat' dir='ltr'>possum.</span> 
     </span>
    </p>

    <p class='ocr_par' dir='ltr' id='par_1_3' title="bbox 134 710 1494 990">
     <span class='ocr_line' id='line_1_5' title="bbox 206 710 1494 776; baseline -0.001 -14"><span class='ocrx_word' id='word_1_33' title='bbox 206 710 257 762; x_wconf 88' lang='lat' dir='ltr'>Sed</span> <span class='ocrx_word' id='word_1_34' title='bbox 274 726 324 776; x_wconf 89' lang='lat' dir='ltr'>qus</span> <span class='ocrx_word' id='word_1_35' title='bbox 341 718 370 763; x_wconf 92' lang='lat' dir='ltr'>tn</span> <span class='ocrx_word' id='word_1_36' title='bbox 386 710 467 762; x_wconf 76' lang='lat' dir='ltr'>frome</span> <span class='ocrx_word' id='word_1_37' title='bbox 489 726 533 762; x_wconf 90' lang='lat' dir='ltr'>me</span> <span class='ocrx_word' id='word_1_38' title='bbox 558 711 595 762; x_wconf 93' lang='lat' dir='ltr'>de</span> <span class='ocrx_word' id='word_1_39' title='bbox 620 713 697 762; x_wconf 91' lang='lat' dir='ltr'>rneis</span> <span class='ocrx_word' id='word_1_40' title='bbox 726 711 849 761; x_wconf 85' lang='lat' dir='ltr'>umoribus</span> <span class='ocrx_word' id='word_1_41' title='bbox 868 714 1004 767; x_wconf 84' lang='lat' dir='ltr'>examinas.</span> <span class='ocrx_word' id='word_1_42' title='bbox 1024 725 1080 762; x_wconf 87' lang='lat' dir='ltr'>cum</span> <span class='ocrx_word' id='word_1_43' title='bbox 1098 726 1130 761; x_wconf 90' lang='lat' dir='ltr'>ne</span> <span class='ocrx_word' id='word_1_44' title='bbox 1149 712 1221 763; x_wconf 85' lang='lat' dir='ltr'>verbo</span> <span class='ocrx_word' id='word_1_45' title='bbox 1241 711 1341 776; x_wconf 81' lang='lat' dir='ltr'>quidem</span> <span class='ocrx_word' id='word_1_46' title='bbox 1360 717 1494 763; x_wconf 83' lang='lat' dir='ltr'>tuorum</span> 
     </span>
     <span class='ocr_line' id='line_1_6' title="bbox 134 778 1492 853; baseline 0.001 -21"><span class='ocrx_word' id='word_1_47' title='bbox 134 784 286 841; x_wconf 81' lang='lat' dir='ltr'>mentionem</span> <span class='ocrx_word' id='word_1_48' title='bbox 302 778 405 834; x_wconf 78' lang='lat' dir='ltr'>laciasl</span> <span class='ocrx_word' id='word_1_49' title='bbox 441 783 478 833; x_wconf 81' lang='lat' dir='ltr'>Te</span> <span class='ocrx_word' id='word_1_50' title='bbox 496 785 562 834; x_wconf 88' lang='lat' dir='ltr'>enim</span> <span class='ocrx_word' id='word_1_51' title='bbox 580 799 629 832; x_wconf 89' lang='lat' dir='ltr'>uon</span> <span class='ocrx_word' id='word_1_52' title='bbox 649 783 712 833; x_wconf 84' lang='lat' dir='ltr'>adeo</span> <span class='ocrx_word' id='word_1_53' title='bbox 731 782 829 833; x_wconf 82' lang='lat' dir='ltr'>abillis</span> <span class='ocrx_word' id='word_1_54' title='bbox 849 782 957 853; x_wconf 78' lang='lat' dir='ltr'>alienum</span> <span class='ocrx_word' id='word_1_55' title='bbox 971 798 1034 839; x_wconf 88' lang='lat' dir='ltr'>esse,</span> <span class='ocrx_word' id='word_1_56' title='bbox 1053 784 1130 847; x_wconf 91' lang='lat' dir='ltr'>probe</span> <span class='ocrx_word' id='word_1_57' title='bbox 1146 784 1217 840; x_wconf 75' lang='grc' dir='ltr'>ιιιίι</span> <span class='ocrx_word' id='word_1_58' title='bbox 1238 798 1294 833; x_wconf 87' lang='lat' dir='ltr'>eum</span> <span class='ocrx_word' id='word_1_59' title='bbox 1313 788 1339 832; x_wconf 91' lang='lat' dir='ltr'>et</span> <span class='ocrx_word' id='word_1_60' title='bbox 1358 789 1492 848; x_wconf 79' lang='lat' dir='ltr'>autequam</span> 
     </span>
     <span class='ocr_line' id='line_1_7' title="bbox 135 854 1493 919; baseline -0.003 -13"><span class='ocrx_word' id='word_1_61' title='bbox 135 854 299 906; x_wconf 75' lang='lat' dir='ltr'>descenderes</span> <span class='ocrx_word' id='word_1_62' title='bbox 318 854 462 912; x_wconf 81' lang='lat' dir='ltr'>Graecium,</span> <span class='ocrx_word' id='word_1_63' title='bbox 486 854 615 919; x_wconf 81' lang='lat' dir='ltr'>dispesitm</span> <span class='ocrx_word' id='word_1_64' title='bbox 633 855 667 905; x_wconf 91' lang='lat' dir='ltr'>ibi</span> <span class='ocrx_word' id='word_1_65' title='bbox 691 867 787 904; x_wconf 85' lang='lat' dir='ltr'>amores</span> <span class='ocrx_word' id='word_1_66' title='bbox 805 854 931 912; x_wconf 81' lang='lat' dir='ltr'>habueris,</span> <span class='ocrx_word' id='word_1_67' title='bbox 958 860 984 903; x_wconf 90' lang='lat' dir='ltr'>st</span> <span class='ocrx_word' id='word_1_68' title='bbox 1001 855 1083 918; x_wconf 86' lang='lat' dir='ltr'>prima</span> <span class='ocrx_word' id='word_1_69' title='bbox 1099 861 1175 905; x_wconf 87' lang='lat' dir='ltr'>nocte</span> <span class='ocrx_word' id='word_1_70' title='bbox 1194 854 1225 905; x_wconf 83' lang='lat' dir='ltr'>ab</span> <span class='ocrx_word' id='word_1_71' title='bbox 1244 855 1292 904; x_wconf 89' lang='lat' dir='ltr'>illis</span> <span class='ocrx_word' id='word_1_72' title='bbox 1310 854 1430 904; x_wconf 78' lang='lat' dir='ltr'>inritatus</span> <span class='ocrx_word' id='word_1_73' title='bbox 1447 856 1493 907; x_wconf 75' lang='lat' dir='ltr'>tls.</span> 
     </span>
     <span class='ocr_line' id='line_1_8' title="bbox 135 924 1428 990; baseline -0.002 -15"><span class='ocrx_word' id='word_1_74' title='bbox 135 924 186 980; x_wconf 80' lang='lat' dir='ltr'>Sed</span> <span class='ocrx_word' id='word_1_75' title='bbox 204 940 289 976; x_wconf 80' lang='lat' dir='ltr'>uersor</span> <span class='ocrx_word' id='word_1_76' title='bbox 307 924 449 982; x_wconf 80' lang='lat' dir='ltr'>admodum.</span> <span class='ocrx_word' id='word_1_77' title='bbox 467 941 499 977; x_wconf 89' lang='lat' dir='ltr'>us</span> <span class='ocrx_word' id='word_1_78' title='bbox 519 925 627 990; x_wconf 72' lang='lat' dir='ltr'>Cybelen</span> <span class='ocrx_word' id='word_1_79' title='bbox 646 926 754 990; x_wconf 81' lang='lat' dir='ltr'>aliquam</span> <span class='ocrx_word' id='word_1_80' title='bbox 772 940 816 989; x_wconf 91' lang='lat' dir='ltr'>pro</span> <span class='ocrx_word' id='word_1_81' title='bbox 834 925 933 977; x_wconf 85' lang='lat' dir='ltr'>Venere</span> <span class='ocrx_word' id='word_1_82' title='bbox 953 926 1032 977; x_wconf 85' lang='lat' dir='ltr'>ducas</span> <span class='ocrx_word' id='word_1_83' title='bbox 1051 931 1077 975; x_wconf 85' lang='lat' dir='ltr'>st</span> <span class='ocrx_word' id='word_1_84' title='bbox 1094 926 1155 976; x_wconf 88' lang='lat' dir='ltr'>mihi</span> <span class='ocrx_word' id='word_1_85' title='bbox 1172 940 1243 976; x_wconf 89' lang='lat' dir='ltr'>socer</span> <span class='ocrx_word' id='word_1_86' title='bbox 1260 927 1307 976; x_wconf 81' lang='lat' dir='ltr'>lisa</span> <span class='ocrx_word' id='word_1_87' title='bbox 1308 959 1428 974; x_wconf 90' lang='grc'><strong>.....</strong></span> 
     </span>
    </p>

    <p class='ocr_par' dir='ltr' id='par_1_4' title="bbox 204 992 816 1072">
     <span class='ocr_line' id='line_1_9' title="bbox 204 992 816 1072; baseline -0.003 -26"><span class='ocrx_word' id='word_1_88' title='bbox 204 996 290 1047; x_wconf 83' lang='lat' dir='ltr'>Datee</span> <span class='ocrx_word' id='word_1_89' title='bbox 309 995 416 1048; x_wconf 78' lang='lat' dir='ltr'>Hirsarii</span> <span class='ocrx_word' id='word_1_90' title='bbox 437 994 477 1046; x_wconf 83' lang='grc'>12.</span> <span class='ocrx_word' id='word_1_91' title='bbox 498 994 566 1059; x_wconf 82' lang='grc'><strong>(22.)</strong></span> <span class='ocrx_word' id='word_1_92' title='bbox 586 995 640 1047; x_wconf 80' lang='lat' dir='ltr'>(lul.</span> <span class='ocrx_word' id='word_1_93' title='bbox 658 996 718 1072; x_wconf 75' lang='lat' dir='ltr'>Jplll</span> <span class='ocrx_word' id='word_1_94' title='bbox 740 992 816 1046; x_wconf 73' lang='lat'>1595,</span> 
     </span>
    </p>

    <p class='ocr_par' dir='ltr' id='par_1_5' title="bbox 868 1067 1393 1204">
     <span class='ocr_line' id='line_1_10' title="bbox 989 1067 1336 1122; baseline 0 -5"><span class='ocrx_word' id='word_1_95' title='bbox 989 1067 1037 1117; x_wconf 82' lang='lat' dir='ltr'>Tul</span> <span class='ocrx_word' id='word_1_96' title='bbox 1056 1068 1239 1122; x_wconf 82' lang='grc' dir='ltr'>ιιιιιιὶιιὶιιιι</span> <span class='ocrx_word' id='word_1_97' title='bbox 1256 1067 1336 1118; x_wconf 81' lang='lat' dir='ltr'>irater</span> 
     </span>
     <span class='ocr_line' id='line_1_11' title="bbox 868 1136 1393 1204; baseline 0 -16"><span class='ocrx_word' id='word_1_98' title='bbox 868 1201 870 1204; x_wconf 8' lang='grc' dir='ltr'><em>Α</em></span> <span class='ocrx_word' id='word_1_99' title='bbox 914 1136 950 1188; x_wconf 79' lang='grc' dir='ltr'>Μ.</span> <span class='ocrx_word' id='word_1_100' title='bbox 971 1136 1022 1188; x_wconf 79' lang='lat' dir='ltr'>Cb</span> <span class='ocrx_word' id='word_1_101' title='bbox 1043 1137 1209 1203; x_wconf 89' lang='lat' dir='ltr'>Ortbolpb,</span> <span class='ocrx_word' id='word_1_102' title='bbox 1235 1137 1393 1203; x_wconf 79' lang='lat' dir='ltr'>Praeceptor.</span> 
     </span>
    </p>
   </div>
   <div class='ocr_carea' id='block_1_3' title="bbox 132 1279 1496 1988">
    <p class='ocr_par' dir='ltr' id='par_1_6' title="bbox 132 1279 1494 1773">
     <span class='ocr_line' id='line_1_12' title="bbox 206 1279 1494 1346; baseline 0 -13"><span class='ocrx_word' id='word_1_103' title='bbox 206 1283 285 1333; x_wconf 77' lang='lat' dir='ltr'>Annis</span> <span class='ocrx_word' id='word_1_104' title='bbox 303 1281 412 1345; x_wconf 85' lang='lat' dir='ltr'>proxime</span> <span class='ocrx_word' id='word_1_105' title='bbox 430 1281 601 1346; x_wconf 82' lang='lat' dir='ltr'>sequentibus,</span> <span class='ocrx_word' id='word_1_106' title='bbox 621 1285 755 1344; x_wconf 81' lang='lat' dir='ltr'>occupatus</span> <span class='ocrx_word' id='word_1_107' title='bbox 775 1279 951 1331; x_wconf 79' lang='lat' dir='ltr'>comaribendo</span> <span class='ocrx_word' id='word_1_108' title='bbox 970 1286 996 1330; x_wconf 90' lang='lat' dir='ltr'>et</span> <span class='ocrx_word' id='word_1_109' title='bbox 1014 1281 1109 1333; x_wconf 89' lang='lat' dir='ltr'>edendo</span> <span class='ocrx_word' id='word_1_110' title='bbox 1127 1279 1274 1339; x_wconf 80' lang='lat' dir='ltr'>Prodromo,</span> <span class='ocrx_word' id='word_1_111' title='bbox 1294 1280 1410 1332; x_wconf 85' lang='lat' dir='ltr'>detentus</span> <span class='ocrx_word' id='word_1_112' title='bbox 1429 1282 1494 1333; x_wconf 83' lang='lat' dir='ltr'>turis</span> 
     </span>
     <span class='ocr_line' id='line_1_13' title="bbox 133 1351 1492 1419; baseline 0.001 -17"><span class='ocrx_word' id='word_1_113' title='bbox 133 1354 297 1419; x_wconf 73' lang='lat' dir='ltr'>nuptialibus.</span> <span class='ocrx_word' id='word_1_114' title='bbox 325 1367 363 1401; x_wconf 87' lang='lat' dir='ltr'>res</span> <span class='ocrx_word' id='word_1_115' title='bbox 382 1352 543 1418; x_wconf 79' lang='lat' dir='ltr'>astrologicae</span> <span class='ocrx_word' id='word_1_116' title='bbox 560 1351 701 1415; x_wconf 83' lang='lat' dir='ltr'>Keplerus.</span> <span class='ocrx_word' id='word_1_117' title='bbox 727 1365 878 1417; x_wconf 84' lang='lat' dir='ltr'>quamquam</span> <span class='ocrx_word' id='word_1_118' title='bbox 897 1365 982 1401; x_wconf 86' lang='grc' dir='ltr'>ιιιιι</span> <span class='ocrx_word' id='word_1_119' title='bbox 1001 1351 1074 1402; x_wconf 90' lang='lat' dir='ltr'>edere</span> <span class='ocrx_word' id='word_1_120' title='bbox 1092 1351 1213 1418; x_wconf 87' lang='lat' dir='ltr'>pergebat</span> <span class='ocrx_word' id='word_1_121' title='bbox 1232 1351 1383 1403; x_wconf 75' lang='lat' dir='ltr'>Celenderis</span> <span class='ocrx_word' id='word_1_122' title='bbox 1401 1357 1430 1403; x_wconf 87' lang='lat' dir='ltr'>et</span> <span class='ocrx_word' id='word_1_123' title='bbox 1446 1366 1492 1403; x_wconf 79' lang='lat' dir='ltr'>ua·</span> 
     </span>
     <span class='ocr_line' id='line_1_14' title="bbox 133 1422 1491 1489; baseline -0.003 -13"><span class='ocrx_word' id='word_1_124' title='bbox 133 1426 244 1476; x_wconf 71' lang='lat' dir='ltr'>tiritates</span> <span class='ocrx_word' id='word_1_125' title='bbox 267 1424 345 1474; x_wconf 82' lang='lat' dir='ltr'>erexit</span> <span class='ocrx_word' id='word_1_126' title='bbox 367 1424 524 1488; x_wconf 86' lang='lat' dir='ltr'>petentibus,</span> <span class='ocrx_word' id='word_1_127' title='bbox 552 1437 606 1472; x_wconf 86' lang='lat' dir='ltr'>reru</span> <span class='ocrx_word' id='word_1_128' title='bbox 630 1437 674 1486; x_wconf 91' lang='lat' dir='ltr'>per</span> <span class='ocrx_word' id='word_1_129' title='bbox 691 1422 777 1473; x_wconf 86' lang='lat' dir='ltr'>literas</span> <span class='ocrx_word' id='word_1_130' title='bbox 803 1425 855 1488; x_wconf 85' lang='lat' dir='ltr'>egit</span> <span class='ocrx_word' id='word_1_131' title='bbox 875 1437 931 1472; x_wconf 88' lang='lat' dir='ltr'>cum</span> <span class='ocrx_word' id='word_1_132' title='bbox 950 1424 1042 1472; x_wconf 86' lang='lat' dir='ltr'>amicis.</span> <span class='ocrx_word' id='word_1_133' title='bbox 1080 1424 1152 1474; x_wconf 81' lang='lat' dir='ltr'>Haec</span> <span class='ocrx_word' id='word_1_134' title='bbox 1171 1429 1269 1480; x_wconf 86' lang='lat' dir='ltr'>autem,</span> <span class='ocrx_word' id='word_1_135' title='bbox 1293 1438 1357 1489; x_wconf 83' lang='lat' dir='ltr'>quae</span> <span class='ocrx_word' id='word_1_136' title='bbox 1378 1423 1491 1485; x_wconf 70' lang='lat' dir='ltr'>dminus,</span> 
     </span>
     <span class='ocr_line' id='line_1_15' title="bbox 132 1493 1494 1563; baseline -0.003 -15"><span class='ocrx_word' id='word_1_137' title='bbox 132 1498 246 1563; x_wconf 81' lang='lat' dir='ltr'>negotis.</span> <span class='ocrx_word' id='word_1_138' title='bbox 271 1509 368 1559; x_wconf 85' lang='lat' dir='ltr'>semper</span> <span class='ocrx_word' id='word_1_139' title='bbox 398 1509 454 1544; x_wconf 90' lang='lat' dir='ltr'>eum</span> <span class='ocrx_word' id='word_1_140' title='bbox 486 1495 518 1543; x_wconf 90' lang='lat' dir='ltr'>ad</span> <span class='ocrx_word' id='word_1_141' title='bbox 540 1494 595 1543; x_wconf 85' lang='lat' dir='ltr'>illas</span> <span class='ocrx_word' id='word_1_142' title='bbox 619 1494 783 1551; x_wconf 87' lang='lat' dir='ltr'>reduxeruut,</span> <span class='ocrx_word' id='word_1_143' title='bbox 809 1495 967 1559; x_wconf 80' lang='lat' dir='ltr'>animumque</span> <span class='ocrx_word' id='word_1_144' title='bbox 991 1496 1043 1557; x_wconf 78' lang='lat' dir='ltr'>elus</span> <span class='ocrx_word' id='word_1_145' title='bbox 1068 1493 1229 1544; x_wconf 84' lang='lat' dir='ltr'>intenderunt</span> <span class='ocrx_word' id='word_1_146' title='bbox 1255 1494 1288 1544; x_wconf 82' lang='lat' dir='ltr'>ad</span> <span class='ocrx_word' id='word_1_147' title='bbox 1316 1499 1494 1559; x_wconf 82' lang='lat' dir='ltr'>tempestatum</span> 
     </span>
     <span class='ocr_line' id='line_1_16' title="bbox 132 1565 1494 1631; baseline -0.002 -12"><span class='ocrx_word' id='word_1_148' title='bbox 132 1569 284 1619; x_wconf 83' lang='lat' dir='ltr'>mutationes</span> <span class='ocrx_word' id='word_1_149' title='bbox 309 1568 463 1630; x_wconf 78' lang='lat' dir='ltr'>ritarumque</span> <span class='ocrx_word' id='word_1_150' title='bbox 489 1568 599 1615; x_wconf 86' lang='lat' dir='ltr'>rationes</span> <span class='ocrx_word' id='word_1_151' title='bbox 626 1566 724 1618; x_wconf 80' lang='lat' dir='ltr'>verim.</span> <span class='ocrx_word' id='word_1_152' title='bbox 753 1571 779 1614; x_wconf 90' lang='lat' dir='ltr'>et</span> <span class='ocrx_word' id='word_1_153' title='bbox 805 1565 837 1614; x_wconf 85' lang='lat' dir='ltr'>ad</span> <span class='ocrx_word' id='word_1_154' title='bbox 856 1566 1034 1628; x_wconf 82' lang='lat' dir='ltr'>comparandos</span> <span class='ocrx_word' id='word_1_155' title='bbox 1053 1579 1110 1615; x_wconf 86' lang='lat' dir='ltr'>eum</span> <span class='ocrx_word' id='word_1_156' title='bbox 1127 1566 1175 1616; x_wconf 89' lang='lat' dir='ltr'>illis</span> <span class='ocrx_word' id='word_1_157' title='bbox 1192 1566 1350 1631; x_wconf 76' lang='lat' dir='ltr'>planetarum</span> <span class='ocrx_word' id='word_1_158' title='bbox 1369 1572 1494 1630; x_wconf 78' lang='lat' dir='ltr'>aspectus,</span> 
     </span>
     <span class='ocr_line' id='line_1_17' title="bbox 134 1637 1491 1732; baseline -0.001 -42"><span class='ocrx_word' id='word_1_159' title='bbox 134 1647 164 1691; x_wconf 91' lang='lat' dir='ltr'>ut</span> <span class='ocrx_word' id='word_1_160' title='bbox 180 1639 286 1703; x_wconf 87' lang='lat' dir='ltr'>denique</span> <span class='ocrx_word' id='word_1_161' title='bbox 305 1637 438 1687; x_wconf 82' lang='lat' dir='ltr'>emendare</span> <span class='ocrx_word' id='word_1_162' title='bbox 458 1644 589 1686; x_wconf 82' lang='lat' dir='ltr'>conaretur</span> <span class='ocrx_word' id='word_1_163' title='bbox 608 1637 768 1701; x_wconf 73' lang='lat' dir='ltr'>astrologiam</span> <span class='ocrx_word' id='word_1_164' title='bbox 787 1650 892 1720; x_wconf 82' lang='lat' dir='ltr'>eamque</span> <span class='ocrx_word' id='word_1_165' title='bbox 909 1637 988 1686; x_wconf 87' lang='lat' dir='ltr'>menti</span> <span class='ocrx_word' id='word_1_166' title='bbox 1013 1651 1075 1687; x_wconf 82' lang='lat' dir='ltr'>suae</span> <span class='ocrx_word' id='word_1_167' title='bbox 1101 1645 1127 1688; x_wconf 92' lang='lat' dir='ltr'>et</span> <span class='ocrx_word' id='word_1_168' title='bbox 1146 1638 1236 1687; x_wconf 86' lang='lat' dir='ltr'>rationi</span> <span class='ocrx_word' id='word_1_169' title='bbox 1254 1637 1338 1732; x_wconf 73' lang='lat' dir='ltr'>magle</span> <span class='ocrx_word' id='word_1_170' title='bbox 1359 1642 1491 1689; x_wconf 68' lang='lat' dir='ltr'>cousenta-</span> 
     </span>
     <span class='ocr_line' id='line_1_18' title="bbox 133 1707 1084 1773; baseline -0.002 -12"><span class='ocrx_word' id='word_1_171' title='bbox 133 1725 216 1767; x_wconf 85' lang='lat' dir='ltr'>neam,</span> <span class='ocrx_word' id='word_1_172' title='bbox 234 1724 281 1759; x_wconf 86' lang='lat' dir='ltr'>uec</span> <span class='ocrx_word' id='word_1_173' title='bbox 300 1724 349 1758; x_wconf 91' lang='lat' dir='ltr'>non</span> <span class='ocrx_word' id='word_1_174' title='bbox 368 1709 474 1773; x_wconf 87' lang='lat' dir='ltr'>negotiis</span> <span class='ocrx_word' id='word_1_175' title='bbox 493 1708 542 1757; x_wconf 88' lang='lat' dir='ltr'>illis</span> <span class='ocrx_word' id='word_1_176' title='bbox 561 1724 611 1758; x_wconf 90' lang='lat' dir='ltr'>non</span> <span class='ocrx_word' id='word_1_177' title='bbox 630 1708 752 1758; x_wconf 79' lang='lat' dir='ltr'>evitandis</span> <span class='ocrx_word' id='word_1_178' title='bbox 771 1708 955 1757; x_wconf 77' lang='lat' dir='ltr'>concinniorem</span> <span class='ocrx_word' id='word_1_179' title='bbox 973 1707 1084 1759; x_wconf 88' lang='lat' dir='ltr'>reddere.</span> 
     </span>
    </p>

    <p class='ocr_par' dir='ltr' id='par_1_7' title="bbox 134 1778 1496 1918">
     <span class='ocr_line' id='line_1_19' title="bbox 204 1778 1489 1844; baseline -0.001 -13"><span class='ocrx_word' id='word_1_180' title='bbox 204 1780 277 1831; x_wconf 82' lang='lat' dir='ltr'>Haec</span> <span class='ocrx_word' id='word_1_181' title='bbox 294 1786 412 1844; x_wconf 83' lang='lat' dir='ltr'>spectans</span> <span class='ocrx_word' id='word_1_182' title='bbox 431 1778 629 1844; x_wconf 82' lang='lat' dir='ltr'>Tubingsnsibus</span> <span class='ocrx_word' id='word_1_183' title='bbox 648 1780 733 1829; x_wconf 82' lang='lat' dir='ltr'>amicis</span> <span class='ocrx_word' id='word_1_184' title='bbox 752 1793 827 1829; x_wconf 87' lang='lat' dir='ltr'>seusa</span> <span class='ocrx_word' id='word_1_185' title='bbox 844 1793 891 1829; x_wconf 86' lang='lat' dir='ltr'>sue</span> <span class='ocrx_word' id='word_1_186' title='bbox 910 1780 1023 1842; x_wconf 87' lang='lat' dir='ltr'>aperiens</span> <span class='ocrx_word' id='word_1_187' title='bbox 1038 1781 1159 1844; x_wconf 86' lang='lat' dir='ltr'>judicium</span> <span class='ocrx_word' id='word_1_188' title='bbox 1178 1793 1261 1829; x_wconf 88' lang='lat' dir='ltr'>eorum</span> <span class='ocrx_word' id='word_1_189' title='bbox 1274 1778 1322 1828; x_wconf 91' lang='lat' dir='ltr'>sibi</span> <span class='ocrx_word' id='word_1_190' title='bbox 1342 1779 1445 1842; x_wconf 82' lang='lat' dir='ltr'>expetiit</span> <span class='ocrx_word' id='word_1_191' title='bbox 1461 1778 1489 1830; x_wconf 83' lang='lat' dir='ltr'>iu</span> 
     </span>
     <span class='ocr_line' id='line_1_20' title="bbox 134 1847 1496 1918; baseline -0.001 -15"><span class='ocrx_word' id='word_1_192' title='bbox 134 1853 173 1903; x_wconf 84' lang='lat' dir='ltr'>luis</span> <span class='ocrx_word' id='word_1_193' title='bbox 196 1866 293 1918; x_wconf 80' lang='lat' dir='ltr'>quoque</span> <span class='ocrx_word' id='word_1_194' title='bbox 320 1851 423 1908; x_wconf 84' lang='lat' dir='ltr'>studiis,</span> <span class='ocrx_word' id='word_1_195' title='bbox 447 1851 512 1900; x_wconf 84' lang='grc' dir='ltr'>ιίιιι</span> <span class='ocrx_word' id='word_1_196' title='bbox 534 1852 560 1900; x_wconf 87' lang='lat' dir='ltr'>in</span> <span class='ocrx_word' id='word_1_197' title='bbox 585 1852 639 1902; x_wconf 79' lang='lat' dir='ltr'>aliis</span> <span class='ocrx_word' id='word_1_198' title='bbox 667 1858 841 1909; x_wconf 85' lang='lat' dir='ltr'>consueverat,</span> <span class='ocrx_word' id='word_1_199' title='bbox 869 1866 925 1900; x_wconf 89' lang='lat' dir='ltr'>cum</span> <span class='ocrx_word' id='word_1_200' title='bbox 943 1851 1115 1902; x_wconf 80' lang='lat' dir='ltr'>Hateureliero</span> <span class='ocrx_word' id='word_1_201' title='bbox 1144 1847 1211 1913; x_wconf 82' lang='lat' dir='ltr'>(ride</span> <span class='ocrx_word' id='word_1_202' title='bbox 1227 1864 1304 1914; x_wconf 81' lang='lat' dir='ltr'>supra</span> <span class='ocrx_word' id='word_1_203' title='bbox 1326 1847 1417 1915; x_wconf 81' lang='lat' dir='ltr'><strong>p.·³7)</strong></span> <span class='ocrx_word' id='word_1_204' title='bbox 1442 1855 1496 1901; x_wconf 80' lang='lat' dir='ltr'>tum</span> 
     </span>
    </p>

    <p class='ocr_par' dir='ltr' id='par_1_8' title="bbox 133 1920 1278 1988">
     <span class='ocr_line' id='line_1_21' title="bbox 133 1920 1278 1988; baseline -0.004 -12"><span class='ocrx_word' id='word_1_205' title='bbox 133 1924 276 1976; x_wconf 79' lang='lat' dir='ltr'>ldaesdino.</span> <span class='ocrx_word' id='word_1_206' title='bbox 312 1924 343 1972; x_wconf 88' lang='lat' dir='ltr'>Iu</span> <span class='ocrx_word' id='word_1_207' title='bbox 361 1923 439 1973; x_wconf 87' lang='lat' dir='ltr'>literis</span> <span class='ocrx_word' id='word_1_208' title='bbox 457 1922 556 1988; x_wconf 84' lang='lat' dir='ltr'>quidem</span> <span class='ocrx_word' id='word_1_209' title='bbox 574 1923 607 1972; x_wconf 86' lang='lat' dir='ltr'>sd</span> <span class='ocrx_word' id='word_1_210' title='bbox 625 1924 691 1974; x_wconf 86' lang='lat' dir='ltr'>bunc</span> <span class='ocrx_word' id='word_1_211' title='bbox 711 1920 746 1985; x_wconf 86' lang='lat' dir='ltr'>(d.</span> <span class='ocrx_word' id='word_1_212' title='bbox 768 1920 809 1970; x_wconf 81' lang='lat'>15.</span> <span class='ocrx_word' id='word_1_213' title='bbox 829 1921 906 1973; x_wconf 80' lang='lat' dir='ltr'>Mart.</span> <span class='ocrx_word' id='word_1_214' title='bbox 926 1920 973 1986; x_wconf 82' lang='grc'>98)</span> <span class='ocrx_word' id='word_1_215' title='bbox 992 1924 1058 1973; x_wconf 90' lang='lat' dir='ltr'>datis</span> <span class='ocrx_word' id='word_1_216' title='bbox 1076 1924 1140 1974; x_wconf 89' lang='lat' dir='ltr'>baec</span> <span class='ocrx_word' id='word_1_217' title='bbox 1159 1923 1278 1988; x_wconf 87' lang='lat' dir='ltr'>legimus:</span> 
     </span>
    </p>
   </div>
   <div class='ocr_carea' id='block_1_4' title="bbox 133 2010 1497 2806">
    <p class='ocr_par' dir='ltr' id='par_1_9' title="bbox 133 2010 1497 2806">
     <span class='ocr_line' id='line_1_22' title="bbox 222 2010 1494 2093; baseline -0.002 -17"><span class='ocrx_word' id='word_1_218' title='bbox 222 2015 321 2093; x_wconf 88' lang='lat' dir='ltr'>Pergo</span> <span class='ocrx_word' id='word_1_219' title='bbox 345 2012 385 2074; x_wconf 90' lang='lat' dir='ltr'>ad</span> <span class='ocrx_word' id='word_1_220' title='bbox 408 2011 615 2092; x_wconf 78' lang='lat' dir='ltr'>astrologiam.</span> <span class='ocrx_word' id='word_1_221' title='bbox 663 2013 706 2074; x_wconf 85' lang='grc' dir='ltr'>Ει</span> <span class='ocrx_word' id='word_1_222' title='bbox 727 2012 798 2093; x_wconf 89' lang='lat' dir='ltr'>quia</span> <span class='ocrx_word' id='word_1_223' title='bbox 820 2012 967 2092; x_wconf 85' lang='lat' dir='ltr'>prolixum</span> <span class='ocrx_word' id='word_1_224' title='bbox 996 2013 1084 2074; x_wconf 90' lang='lat' dir='ltr'>nimis</span> <span class='ocrx_word' id='word_1_225' title='bbox 1107 2019 1205 2086; x_wconf 88' lang='lat' dir='ltr'>esset,</span> <span class='ocrx_word' id='word_1_226' title='bbox 1238 2012 1372 2075; x_wconf 88' lang='lat' dir='ltr'>rationes</span> <span class='ocrx_word' id='word_1_227' title='bbox 1396 2010 1494 2092; x_wconf 87' lang='lat' dir='ltr'>expli·</span> 
     </span>
     <span class='ocr_line' id='line_1_23' title="bbox 134 2100 1494 2183; baseline -0.002 -17"><span class='ocrx_word' id='word_1_228' title='bbox 134 2123 204 2166; x_wconf 86' lang='lat' dir='ltr'>care</span> <span class='ocrx_word' id='word_1_229' title='bbox 227 2102 285 2183; x_wconf 88' lang='lat' dir='ltr'>mei</span> <span class='ocrx_word' id='word_1_230' title='bbox 307 2100 455 2175; x_wconf 90' lang='lat' dir='ltr'>instituti,</span> <span class='ocrx_word' id='word_1_231' title='bbox 487 2119 562 2182; x_wconf 88' lang='lat' dir='ltr'>quae</span> <span class='ocrx_word' id='word_1_232' title='bbox 586 2102 705 2163; x_wconf 89' lang='lat' dir='ltr'>omnino</span> <span class='ocrx_word' id='word_1_233' title='bbox 728 2102 919 2164; x_wconf 80' lang='lat' dir='ltr'>necessariae</span> <span class='ocrx_word' id='word_1_234' title='bbox 944 2103 1078 2176; x_wconf 84' lang='lat' dir='ltr'>fuerunt,</span> <span class='ocrx_word' id='word_1_235' title='bbox 1108 2110 1231 2182; x_wconf 89' lang='lat' dir='ltr'>propter</span> <span class='ocrx_word' id='word_1_236' title='bbox 1253 2108 1372 2162; x_wconf 85' lang='lat' dir='ltr'>vestros</span> <span class='ocrx_word' id='word_1_237' title='bbox 1396 2100 1494 2163; x_wconf 87' lang='lat' dir='ltr'>borni-</span> 
     </span>
     <span class='ocr_line' id='line_1_24' title="bbox 134 2176 1495 2272; baseline -0.001 -18"><span class='ocrx_word' id='word_1_238' title='bbox 134 2213 201 2267; x_wconf 89' lang='lat' dir='ltr'>nes,</span> <span class='ocrx_word' id='word_1_239' title='bbox 235 2176 318 2253; x_wconf 90' lang='lat' dir='ltr'>illam</span> <span class='ocrx_word' id='word_1_240' title='bbox 341 2190 510 2270; x_wconf 87' lang='lat' dir='ltr'>opinionem</span> <span class='ocrx_word' id='word_1_241' title='bbox 534 2199 616 2253; x_wconf 89' lang='lat' dir='ltr'>tuam</span> <span class='ocrx_word' id='word_1_242' title='bbox 640 2191 777 2270; x_wconf 80' lang='lat' dir='ltr'>exemplo</span> <span class='ocrx_word' id='word_1_243' title='bbox 800 2191 953 2265; x_wconf 79' lang='lat' dir='ltr'>refellam,</span> <span class='ocrx_word' id='word_1_244' title='bbox 982 2191 1068 2272; x_wconf 80' lang='lat' dir='ltr'>qua&#39;si</span> <span class='ocrx_word' id='word_1_245' title='bbox 1101 2200 1154 2252; x_wconf 89' lang='grc' dir='ltr'>ιιι</span> <span class='ocrx_word' id='word_1_246' title='bbox 1177 2198 1275 2252; x_wconf 85' lang='lat' dir='ltr'>totam</span> <span class='ocrx_word' id='word_1_247' title='bbox 1298 2189 1495 2270; x_wconf 83' lang='lat' dir='ltr'>astrologiam</span> 
     </span>
     <span class='ocr_line' id='line_1_25' title="bbox 134 2238 1495 2359; baseline -0.001 -16"><span class='ocrx_word' id='word_1_248' title='bbox 134 2281 327 2355; x_wconf 81' lang='lat' dir='ltr'>traduxerim,</span> <span class='ocrx_word' id='word_1_249' title='bbox 353 2287 407 2342; x_wconf 90' lang='lat' dir='ltr'>aut</span> <span class='ocrx_word' id='word_1_250' title='bbox 430 2279 493 2340; x_wconf 88' lang='lat' dir='ltr'>siue</span> <span class='ocrx_word' id='word_1_251' title='bbox 518 2279 662 2353; x_wconf 89' lang='lat' dir='ltr'>domibus,</span> <span class='ocrx_word' id='word_1_252' title='bbox 689 2279 833 2354; x_wconf 86' lang='lat' dir='ltr'>terminis,</span> <span class='ocrx_word' id='word_1_253' title='bbox 860 2238 1002 2354; x_wconf 77' lang='lat' dir='ltr'>faciebus,</span> <span class='ocrx_word' id='word_1_254' title='bbox 1029 2279 1257 2359; x_wconf 84' lang='lat' dir='ltr'>triplicitatibus</span> <span class='ocrx_word' id='word_1_255' title='bbox 1288 2281 1379 2358; x_wconf 89' lang='lat' dir='ltr'>(quas</span> <span class='ocrx_word' id='word_1_256' title='bbox 1403 2278 1495 2341; x_wconf 89' lang='lat' dir='ltr'>etiam</span> 
     </span>
     <span class='ocr_line' id='line_1_26' title="bbox 133 2368 1497 2448; baseline -0.001 -15"><span class='ocrx_word' id='word_1_257' title='bbox 133 2371 164 2433; x_wconf 91' lang='lat' dir='ltr'>in</span> <span class='ocrx_word' id='word_1_258' title='bbox 187 2388 254 2431; x_wconf 91' lang='lat' dir='ltr'>meo</span> <span class='ocrx_word' id='word_1_259' title='bbox 279 2368 433 2431; x_wconf 86' lang='lat' dir='ltr'>libellum</span> <span class='ocrx_word' id='word_1_260' title='bbox 457 2369 577 2430; x_wconf 90' lang='lat' dir='ltr'>dubium</span> <span class='ocrx_word' id='word_1_261' title='bbox 603 2369 741 2444; x_wconf 72' lang='lat' dir='ltr'>vocari),</span> <span class='ocrx_word' id='word_1_262' title='bbox 770 2368 938 2447; x_wconf 82' lang='lat' dir='ltr'>praedictio</span> <span class='ocrx_word' id='word_1_263' title='bbox 967 2370 1050 2431; x_wconf 90' lang='lat' dir='ltr'>nulla</span> <span class='ocrx_word' id='word_1_264' title='bbox 1077 2368 1195 2430; x_wconf 90' lang='lat' dir='ltr'>institui</span> <span class='ocrx_word' id='word_1_265' title='bbox 1218 2368 1327 2448; x_wconf 86' lang='lat' dir='ltr'>possit.</span> <span class='ocrx_word' id='word_1_266' title='bbox 1374 2368 1497 2447; x_wconf 88' lang='lat' dir='ltr'>Loquor</span> 
     </span>
     <span class='ocr_line' id='line_1_27' title="bbox 135 2455 1495 2537; baseline -0.003 -16"><span class='ocrx_word' id='word_1_267' title='bbox 135 2461 172 2521; x_wconf 91' lang='lat' dir='ltr'>de</span> <span class='ocrx_word' id='word_1_268' title='bbox 196 2459 243 2520; x_wconf 90' lang='lat' dir='ltr'>bis</span> <span class='ocrx_word' id='word_1_269' title='bbox 266 2458 510 2537; x_wconf 87' lang='lat' dir='ltr'>triplicitatibus,</span> <span class='ocrx_word' id='word_1_270' title='bbox 542 2477 617 2536; x_wconf 89' lang='lat' dir='ltr'>quae</span> <span class='ocrx_word' id='word_1_271' title='bbox 642 2457 736 2536; x_wconf 84' lang='lat' dir='ltr'>siguis</span> <span class='ocrx_word' id='word_1_272' title='bbox 765 2457 810 2518; x_wconf 86' lang='lat' dir='ltr'>ite</span> <span class='ocrx_word' id='word_1_273' title='bbox 838 2465 1029 2520; x_wconf 86' lang='lat' dir='ltr'>mensuratae</span> <span class='ocrx_word' id='word_1_274' title='bbox 1058 2465 1141 2529; x_wconf 90' lang='lat' dir='ltr'>sunt,</span> <span class='ocrx_word' id='word_1_275' title='bbox 1173 2465 1207 2518; x_wconf 90' lang='grc' dir='ltr'>ιι</span> <span class='ocrx_word' id='word_1_276' title='bbox 1236 2455 1263 2517; x_wconf 92' lang='lat' dir='ltr'>si</span> <span class='ocrx_word' id='word_1_277' title='bbox 1286 2457 1370 2519; x_wconf 86' lang='lat' dir='ltr'>Mars</span> <span class='ocrx_word' id='word_1_278' title='bbox 1400 2456 1443 2518; x_wconf 91' lang='lat' dir='ltr'>sit</span> <span class='ocrx_word' id='word_1_279' title='bbox 1463 2455 1495 2519; x_wconf 87' lang='lat' dir='ltr'>in</span> 
     </span>
     <span class='ocr_line' id='line_1_28' title="bbox 134 2541 1495 2625; baseline -0.004 -15"><span class='ocrx_word' id='word_1_280' title='bbox 134 2543 196 2611; x_wconf 77' lang='grc' dir='ltr'>29ο</span> <span class='ocrx_word' id='word_1_281' title='bbox 210 2543 264 2611; x_wconf 82' lang='lat'>59‘</span> <span class='ocrx_word' id='word_1_282' title='bbox 282 2546 328 2624; x_wconf 78' lang='grc' dir='ltr'>Υ,</span> <span class='ocrx_word' id='word_1_283' title='bbox 352 2546 445 2609; x_wconf 91' lang='lat' dir='ltr'>sitin</span> <span class='ocrx_word' id='word_1_284' title='bbox 469 2566 525 2608; x_wconf 90' lang='lat' dir='ltr'>sua</span> <span class='ocrx_word' id='word_1_285' title='bbox 548 2546 745 2625; x_wconf 86' lang='lat' dir='ltr'>triplicitate;</span> <span class='ocrx_word' id='word_1_286' title='bbox 774 2556 806 2607; x_wconf 90' lang='lat' dir='ltr'>at</span> <span class='ocrx_word' id='word_1_287' title='bbox 829 2547 855 2608; x_wconf 94' lang='lat' dir='ltr'>si</span> <span class='ocrx_word' id='word_1_288' title='bbox 883 2547 912 2607; x_wconf 91' lang='lat' dir='ltr'>in</span> <span class='ocrx_word' id='word_1_289' title='bbox 937 2541 978 2607; x_wconf 83' lang='lat'>0⁰</span> <span class='ocrx_word' id='word_1_290' title='bbox 999 2545 1027 2608; x_wconf 75' lang='lat'>1‘</span> <span class='ocrx_word' id='word_1_291' title='bbox 1042 2548 1079 2624; x_wconf 62' lang='grc' dir='ltr'>ὅ,</span> <span class='ocrx_word' id='word_1_292' title='bbox 1109 2546 1149 2607; x_wconf 90' lang='lat' dir='ltr'>sit</span> <span class='ocrx_word' id='word_1_293' title='bbox 1180 2545 1211 2607; x_wconf 91' lang='lat' dir='ltr'>in</span> <span class='ocrx_word' id='word_1_294' title='bbox 1235 2545 1339 2606; x_wconf 87' lang='lat' dir='ltr'>Lunae</span> <span class='ocrx_word' id='word_1_295' title='bbox 1362 2543 1495 2624; x_wconf 86' lang='lat' dir='ltr'>triplici·</span> 
     </span>
     <span class='ocr_line' id='line_1_29' title="bbox 134 2633 1495 2716; baseline -0.002 -17"><span class='ocrx_word' id='word_1_296' title='bbox 134 2644 214 2709; x_wconf 85' lang='lat' dir='ltr'>tate,</span> <span class='ocrx_word' id='word_1_297' title='bbox 243 2635 375 2698; x_wconf 79' lang='lat' dir='ltr'>etalias</span> <span class='ocrx_word' id='word_1_298' title='bbox 394 2635 473 2697; x_wconf 88' lang='lat' dir='ltr'>vires</span> <span class='ocrx_word' id='word_1_299' title='bbox 497 2636 619 2698; x_wconf 89' lang='lat' dir='ltr'>babeat.</span> <span class='ocrx_word' id='word_1_300' title='bbox 665 2635 734 2698; x_wconf 89' lang='lat' dir='ltr'>Nou</span> <span class='ocrx_word' id='word_1_301' title='bbox 759 2637 863 2714; x_wconf 92' lang='lat' dir='ltr'>loquor</span> <span class='ocrx_word' id='word_1_302' title='bbox 886 2635 923 2697; x_wconf 92' lang='lat' dir='ltr'>de</span> <span class='ocrx_word' id='word_1_303' title='bbox 946 2635 1245 2716; x_wconf 85' lang='lat' dir='ltr'>triangulationibus,</span> <span class='ocrx_word' id='word_1_304' title='bbox 1279 2652 1346 2695; x_wconf 89' lang='lat' dir='ltr'>oum</span> <span class='ocrx_word' id='word_1_305' title='bbox 1369 2633 1495 2715; x_wconf 87' lang='lat' dir='ltr'>siugulis</span> 
     </span>
     <span class='ocr_line' id='line_1_30' title="bbox 135 2721 1494 2806; baseline -0.004 -18"><span class='ocrx_word' id='word_1_306' title='bbox 135 2725 287 2788; x_wconf 88' lang='lat' dir='ltr'>aetatibus</span> <span class='ocrx_word' id='word_1_307' title='bbox 309 2743 364 2806; x_wconf 92' lang='lat' dir='ltr'>per</span> <span class='ocrx_word' id='word_1_308' title='bbox 386 2725 577 2804; x_wconf 85' lang='lat' dir='ltr'>planetarum</span> <span class='ocrx_word' id='word_1_309' title='bbox 600 2725 790 2803; x_wconf 60' lang='lat' dir='ltr'>superiorum*</span> <span class='ocrx_word' id='word_1_310' title='bbox 800 2725 1025 2804; x_wconf 87' lang='lat' dir='ltr'>conjunctiones</span> <span class='ocrx_word' id='word_1_311' title='bbox 1045 2733 1107 2788; x_wconf 91' lang='lat' dir='ltr'>tres</span> <span class='ocrx_word' id='word_1_312' title='bbox 1123 2723 1199 2786; x_wconf 87' lang='lat' dir='ltr'>coeli</span> <span class='ocrx_word' id='word_1_313' title='bbox 1213 2721 1353 2802; x_wconf 86' lang='lat' dir='ltr'>regiones</span> <span class='ocrx_word' id='word_1_314' title='bbox 1367 2723 1494 2803; x_wconf 86' lang='lat' dir='ltr'>signen-</span> 
     </span>
    </p>
   </div>
   <div class='ocr_carea' id='block_1_5' title="bbox 134 2812 1607 2893">
    <p class='ocr_par' dir='ltr' id='par_1_10' title="bbox 134 2812 1607 2893">
     <span class='ocr_line' id='line_1_31' title="bbox 134 2812 1607 2893; baseline -0.003 -16"><span class='ocrx_word' id='word_1_315' title='bbox 134 2823 202 2889; x_wconf 81' lang='lat' dir='ltr'>tur3</span> <span class='ocrx_word' id='word_1_316' title='bbox 240 2832 299 2875; x_wconf 89' lang='lat' dir='ltr'>uon</span> <span class='ocrx_word' id='word_1_317' title='bbox 322 2814 359 2875; x_wconf 89' lang='lat' dir='ltr'>de</span> <span class='ocrx_word' id='word_1_318' title='bbox 382 2814 536 2888; x_wconf 87' lang='lat' dir='ltr'>terminis,</span> <span class='ocrx_word' id='word_1_319' title='bbox 561 2813 591 2874; x_wconf 93' lang='lat' dir='ltr'>in</span> <span class='ocrx_word' id='word_1_320' title='bbox 616 2813 722 2893; x_wconf 92' lang='lat' dir='ltr'>quibus</span> <span class='ocrx_word' id='word_1_321' title='bbox 746 2822 816 2875; x_wconf 90' lang='lat' dir='ltr'>sunt</span> <span class='ocrx_word' id='word_1_322' title='bbox 838 2814 917 2874; x_wconf 83' lang='lat' dir='ltr'>fixae</span> <span class='ocrx_word' id='word_1_323' title='bbox 941 2814 977 2879; x_wconf 89' lang='lat' dir='ltr'>de</span> <span class='ocrx_word' id='word_1_324' title='bbox 1003 2823 1111 2876; x_wconf 88' lang='lat' dir='ltr'>natura</span> <span class='ocrx_word' id='word_1_325' title='bbox 1132 2814 1337 2892; x_wconf 64' lang='lat' dir='ltr'>planetarum</span> <span class='ocrx_word' id='word_1_326' title='bbox 1374 2830 1433 2873; x_wconf 89' lang='lat' dir='ltr'>nou</span> <span class='ocrx_word' id='word_1_327' title='bbox 1457 2812 1494 2873; x_wconf 91' lang='lat' dir='ltr'>de</span> <span class='ocrx_word' id='word_1_328' title='bbox 1601 2840 1607 2846; x_wconf 94' lang='lat'><em>·</em></span> 
     </span>
    </p>
   </div>
   <div class='ocr_carea' id='block_1_6' title="bbox 133 2899 1557 4848">
    <p class='ocr_par' dir='ltr' id='par_1_11' title="bbox 133 2899 1557 4848">
     <span class='ocr_line' id='line_1_32' title="bbox 134 2899 1496 2984; baseline -0.003 -18"><span class='ocrx_word' id='word_1_329' title='bbox 134 2903 286 2975; x_wconf 87' lang='lat' dir='ltr'>domibus,</span> <span class='ocrx_word' id='word_1_330' title='bbox 310 2912 458 2984; x_wconf 84' lang='lat' dir='ltr'>quatenus</span> <span class='ocrx_word' id='word_1_331' title='bbox 481 2922 540 2963; x_wconf 90' lang='lat' dir='ltr'>uua</span> <span class='ocrx_word' id='word_1_332' title='bbox 564 2902 625 2964; x_wconf 87' lang='lat' dir='ltr'>alia</span> <span class='ocrx_word' id='word_1_333' title='bbox 648 2909 696 2963; x_wconf 91' lang='lat' dir='ltr'>est</span> <span class='ocrx_word' id='word_1_334' title='bbox 719 2903 748 2964; x_wconf 90' lang='lat' dir='ltr'>iu</span> <span class='ocrx_word' id='word_1_335' title='bbox 772 2902 897 2964; x_wconf 87' lang='lat' dir='ltr'>zodiaco</span> <span class='ocrx_word' id='word_1_336' title='bbox 921 2903 1025 2979; x_wconf 90' lang='lat' dir='ltr'>altior,</span> <span class='ocrx_word' id='word_1_337' title='bbox 1061 2911 1113 2967; x_wconf 90' lang='grc' dir='ltr'>ιιι</span> <span class='ocrx_word' id='word_1_338' title='bbox 1137 2909 1285 2983; x_wconf 89' lang='lat' dir='ltr'>quatenus</span> <span class='ocrx_word' id='word_1_339' title='bbox 1310 2899 1364 2963; x_wconf 88' lang='lat' dir='ltr'>Sol</span> <span class='ocrx_word' id='word_1_340' title='bbox 1387 2901 1418 2963; x_wconf 93' lang='lat' dir='ltr'>in</span> <span class='ocrx_word' id='word_1_341' title='bbox 1442 2899 1496 2963; x_wconf 83' lang='lat' dir='ltr'>ills</span> 
     </span>
     <span class='ocr_line' id='line_1_33' title="bbox 134 2988 1496 3071; baseline -0.003 -16"><span class='ocrx_word' id='word_1_342' title='bbox 134 2993 270 3055; x_wconf 83' lang='lat' dir='ltr'>existens</span> <span class='ocrx_word' id='word_1_343' title='bbox 298 2992 375 3055; x_wconf 87' lang='lat' dir='ltr'>alias</span> <span class='ocrx_word' id='word_1_344' title='bbox 403 2999 604 3071; x_wconf 87' lang='lat' dir='ltr'>tempestates</span> <span class='ocrx_word' id='word_1_345' title='bbox 633 2993 694 3052; x_wconf 89' lang='lat' dir='ltr'>ciet</span> <span class='ocrx_word' id='word_1_346' title='bbox 721 2991 837 3054; x_wconf 90' lang='lat' dir='ltr'>ratione</span> <span class='ocrx_word' id='word_1_347' title='bbox 866 2993 946 3054; x_wconf 90' lang='lat' dir='ltr'>anni.</span> <span class='ocrx_word' id='word_1_348' title='bbox 995 2991 1057 3055; x_wconf 82' lang='lat' dir='ltr'>Cur</span> <span class='ocrx_word' id='word_1_349' title='bbox 1085 2993 1163 3053; x_wconf 88' lang='lat' dir='ltr'>enirn</span> <span class='ocrx_word' id='word_1_350' title='bbox 1198 2988 1217 3053; x_wconf 85' lang='lat' dir='ltr'>b</span> <span class='ocrx_word' id='word_1_351' title='bbox 1245 2989 1388 3070; x_wconf 83' lang='lat' dir='ltr'>planetae</span> <span class='ocrx_word' id='word_1_352' title='bbox 1420 2990 1496 3051; x_wconf 86' lang='lat' dir='ltr'>lines</span> 
     </span>
     <span class='ocr_line' id='line_1_34' title="bbox 133 3078 1495 3162; baseline -0.002 -19"><span class='ocrx_word' id='word_1_353' title='bbox 133 3082 304 3162; x_wconf 85' lang='lat' dir='ltr'>partiantur</span> <span class='ocrx_word' id='word_1_354' title='bbox 332 3080 502 3160; x_wconf 86' lang='lat' dir='ltr'>signorum,</span> <span class='ocrx_word' id='word_1_355' title='bbox 536 3081 660 3143; x_wconf 79' lang='lat' dir='ltr'>excluso</span> <span class='ocrx_word' id='word_1_356' title='bbox 684 3079 756 3142; x_wconf 93' lang='lat' dir='ltr'>Sole</span> <span class='ocrx_word' id='word_1_357' title='bbox 788 3090 819 3144; x_wconf 89' lang='lat' dir='ltr'>et</span> <span class='ocrx_word' id='word_1_358' title='bbox 842 3082 948 3143; x_wconf 90' lang='lat' dir='ltr'>Luna?</span> <span class='ocrx_word' id='word_1_359' title='bbox 993 3082 1074 3145; x_wconf 90' lang='lat' dir='ltr'>Nam</span> <span class='ocrx_word' id='word_1_360' title='bbox 1102 3082 1159 3143; x_wconf 89' lang='lat' dir='ltr'>bae</span> <span class='ocrx_word' id='word_1_361' title='bbox 1191 3098 1289 3158; x_wconf 89' lang='lat' dir='ltr'>nugae</span> <span class='ocrx_word' id='word_1_362' title='bbox 1314 3078 1495 3140; x_wconf 79' lang='lat' dir='ltr'>manifestae</span> 
     </span>
     <span class='ocr_line' id='line_1_35' title="bbox 134 3167 1494 3256; baseline -0.002 -25"><span class='ocrx_word' id='word_1_363' title='bbox 134 3177 224 3232; x_wconf 91' lang='lat' dir='ltr'>suut:</span> <span class='ocrx_word' id='word_1_364' title='bbox 263 3168 412 3231; x_wconf 88' lang='lat' dir='ltr'>Saturnus</span> <span class='ocrx_word' id='word_1_365' title='bbox 437 3177 468 3231; x_wconf 88' lang='grc' dir='ltr'>ιι</span> <span class='ocrx_word' id='word_1_366' title='bbox 492 3168 545 3231; x_wconf 89' lang='lat' dir='ltr'>Sol</span> <span class='ocrx_word' id='word_1_367' title='bbox 569 3169 712 3233; x_wconf 89' lang='lat' dir='ltr'>contrarii</span> <span class='ocrx_word' id='word_1_368' title='bbox 737 3170 884 3250; x_wconf 84' lang='lat' dir='ltr'>qualitate</span> <span class='ocrx_word' id='word_1_369' title='bbox 908 3171 1032 3240; x_wconf 90' lang='lat' dir='ltr'>caloris,</span> <span class='ocrx_word' id='word_1_370' title='bbox 1062 3169 1233 3232; x_wconf 87' lang='lat' dir='ltr'>contrariae</span> <span class='ocrx_word' id='word_1_371' title='bbox 1257 3168 1350 3256; x_wconf 82' lang='lat' dir='ltr'>igitur</span> <span class='ocrx_word' id='word_1_372' title='bbox 1372 3167 1494 3229; x_wconf 84' lang='lat' dir='ltr'>exalta-</span> 
     </span>
     <span class='ocr_line' id='line_1_36' title="bbox 135 3248 1496 3338; baseline -0.002 -19"><span class='ocrx_word' id='word_1_373' title='bbox 135 3259 232 3321; x_wconf 90' lang='lat' dir='ltr'>tiones</span> <span class='ocrx_word' id='word_1_374' title='bbox 256 3258 285 3319; x_wconf 92' lang='lat' dir='ltr'>in</span> <span class='ocrx_word' id='word_1_375' title='bbox 309 3257 346 3333; x_wconf 76' lang='grc' dir='ltr'>Υ</span> <span class='ocrx_word' id='word_1_376' title='bbox 368 3265 482 3323; x_wconf 55' lang='lat' dir='ltr'>eta‘·</span> <span class='ocrx_word' id='word_1_377' title='bbox 474 3257 625 3337; x_wconf 85' lang='lat' dir='ltr'>‚Jupiter</span> <span class='ocrx_word' id='word_1_378' title='bbox 648 3266 680 3320; x_wconf 87' lang='lat' dir='ltr'>et</span> <span class='ocrx_word' id='word_1_379' title='bbox 693 3259 830 3321; x_wconf 88' lang='lat' dir='ltr'>Marem</span> <span class='ocrx_word' id='word_1_380' title='bbox 855 3259 977 3321; x_wconf 90' lang='lat' dir='ltr'>humore</span> <span class='ocrx_word' id='word_1_381' title='bbox 1001 3259 1144 3321; x_wconf 88' lang='lat' dir='ltr'>contrarii</span> <span class='ocrx_word' id='word_1_382' title='bbox 1168 3248 1398 3338; x_wconf 83' lang='lat' dir='ltr'>quodammodo,</span> <span class='ocrx_word' id='word_1_383' title='bbox 1422 3273 1496 3336; x_wconf 88' lang='lat' dir='ltr'>ergo</span> 
     </span>
     <span class='ocr_line' id='line_1_37' title="bbox 135 3346 1496 3423; baseline -0.002 -14"><span class='ocrx_word' id='word_1_384' title='bbox 135 3347 216 3409; x_wconf 92' lang='lat' dir='ltr'>ille</span> <span class='ocrx_word' id='word_1_385' title='bbox 209 3367 237 3409; x_wconf 91' lang='grc' dir='ltr'>ιι</span> <span class='ocrx_word' id='word_1_386' title='bbox 263 3361 311 3418; x_wconf 69' lang='grc' dir='ltr'>ιι,</span> <span class='ocrx_word' id='word_1_387' title='bbox 341 3346 421 3407; x_wconf 90' lang='lat' dir='ltr'>hic&#39;</span> <span class='ocrx_word' id='word_1_388' title='bbox 413 3366 442 3407; x_wconf 90' lang='grc' dir='ltr'>ιι</span> <span class='ocrx_word' id='word_1_389' title='bbox 465 3351 500 3423; x_wconf 60' lang='grc' dir='ltr'><em>ᾖ</em></span> <span class='ocrx_word' id='word_1_390' title='bbox 524 3348 688 3409; x_wconf 85' lang='lat' dir='ltr'>exaltatur.</span> <span class='ocrx_word' id='word_1_391' title='bbox 736 3346 788 3408; x_wconf 87' lang='lat' dir='ltr'>Sic</span> <span class='ocrx_word' id='word_1_392' title='bbox 811 3347 917 3408; x_wconf 88' lang='lat' dir='ltr'>Venus</span> <span class='ocrx_word' id='word_1_393' title='bbox 941 3356 973 3409; x_wconf 97' lang='grc' dir='ltr'>ιι</span> <span class='ocrx_word' id='word_1_394' title='bbox 995 3348 1163 3409; x_wconf 84' lang='lat' dir='ltr'>Mercurius</span> <span class='ocrx_word' id='word_1_395' title='bbox 1196 3346 1334 3407; x_wconf 88' lang='lat' dir='ltr'>diversae</span> <span class='ocrx_word' id='word_1_396' title='bbox 1358 3353 1496 3417; x_wconf 86' lang='lat' dir='ltr'>naturae,</span> 
     </span>
     <span class='ocr_line' id='line_1_38' title="bbox 136 3433 1495 3522; baseline -0.001 -26"><span class='ocrx_word' id='word_1_397' title='bbox 136 3455 207 3517; x_wconf 87' lang='lat' dir='ltr'>ergo</span> <span class='ocrx_word' id='word_1_398' title='bbox 230 3434 315 3498; x_wconf 92' lang='lat' dir='ltr'>illa</span> <span class='ocrx_word' id='word_1_399' title='bbox 307 3454 336 3496; x_wconf 88' lang='grc' dir='ltr'>ιι</span> <span class='ocrx_word' id='word_1_400' title='bbox 359 3441 404 3509; x_wconf 62' lang='lat'>34,</span> <span class='ocrx_word' id='word_1_401' title='bbox 437 3435 516 3496; x_wconf 88' lang='lat' dir='ltr'>hic&#39;</span> <span class='ocrx_word' id='word_1_402' title='bbox 508 3454 538 3495; x_wconf 87' lang='grc' dir='ltr'>ιι</span> <span class='ocrx_word' id='word_1_403' title='bbox 562 3448 595 3522; x_wconf 80' lang='lat' dir='ltr'>rip</span> <span class='ocrx_word' id='word_1_404' title='bbox 619 3434 787 3509; x_wconf 64' lang='lat' dir='ltr'>exaltatum</span> <span class='ocrx_word' id='word_1_405' title='bbox 821 3437 907 3498; x_wconf 89' lang='lat' dir='ltr'>Luna</span> <span class='ocrx_word' id='word_1_406' title='bbox 931 3454 1001 3498; x_wconf 88' lang='lat' dir='ltr'>vero</span> <span class='ocrx_word' id='word_1_407' title='bbox 1025 3438 1054 3498; x_wconf 91' lang='lat' dir='ltr'>in</span> <span class='ocrx_word' id='word_1_408' title='bbox 1080 3437 1108 3512; x_wconf 71' lang='grc' dir='ltr'>ὅ</span> <span class='ocrx_word' id='word_1_409' title='bbox 1131 3434 1297 3507; x_wconf 86' lang='lat' dir='ltr'>exaltatur,</span> <span class='ocrx_word' id='word_1_410' title='bbox 1328 3433 1398 3514; x_wconf 92' lang='lat' dir='ltr'>quia</span> <span class='ocrx_word' id='word_1_411' title='bbox 1420 3451 1495 3495; x_wconf 87' lang='lat' dir='ltr'>cou-</span> 
     </span>
     <span class='ocr_line' id='line_1_39' title="bbox 135 3520 1495 3606; baseline -0.002 -19"><span class='ocrx_word' id='word_1_412' title='bbox 135 3524 230 3588; x_wconf 89' lang='lat' dir='ltr'>traria</span> <span class='ocrx_word' id='word_1_413' title='bbox 245 3524 353 3599; x_wconf 85' lang='lat' dir='ltr'>Marti,</span> <span class='ocrx_word' id='word_1_414' title='bbox 378 3524 463 3604; x_wconf 85' lang='lat' dir='ltr'>eujus</span> <span class='ocrx_word' id='word_1_415' title='bbox 487 3524 591 3585; x_wconf 89' lang='lat' dir='ltr'>domus</span> <span class='ocrx_word' id='word_1_416' title='bbox 616 3525 779 3602; x_wconf 72' lang='lat' dir='ltr'>estium.</span> <span class='ocrx_word' id='word_1_417' title='bbox 827 3524 868 3585; x_wconf 85' lang='lat' dir='ltr'>Et</span> <span class='ocrx_word' id='word_1_418' title='bbox 891 3527 957 3606; x_wconf 88' lang='lat' dir='ltr'>quis</span> <span class='ocrx_word' id='word_1_419' title='bbox 972 3524 1038 3586; x_wconf 91' lang='lat' dir='ltr'>Deo</span> <span class='ocrx_word' id='word_1_420' title='bbox 1061 3524 1191 3587; x_wconf 85' lang='lat' dir='ltr'>creatori</span> <span class='ocrx_word' id='word_1_421' title='bbox 1215 3522 1322 3585; x_wconf 87' lang='lat' dir='ltr'>tribuit</span> <span class='ocrx_word' id='word_1_422' title='bbox 1340 3521 1423 3583; x_wconf 90' lang='lat' dir='ltr'>illam</span> <span class='ocrx_word' id='word_1_423' title='bbox 1446 3520 1495 3584; x_wconf 92' lang='lat' dir='ltr'>iu·</span> 
     </span>
     <span class='ocr_line' id='line_1_40' title="bbox 136 3610 1495 3694; baseline -0.002 -19"><span class='ocrx_word' id='word_1_424' title='bbox 136 3614 312 3676; x_wconf 86' lang='lat' dir='ltr'>concinnam</span> <span class='ocrx_word' id='word_1_425' title='bbox 336 3613 511 3674; x_wconf 89' lang='lat' dir='ltr'>divisionem</span> <span class='ocrx_word' id='word_1_426' title='bbox 538 3611 577 3675; x_wconf 86' lang='grc'>12</span> <span class='ocrx_word' id='word_1_427' title='bbox 601 3613 631 3674; x_wconf 91' lang='lat' dir='ltr'>iu</span> <span class='ocrx_word' id='word_1_428' title='bbox 655 3614 698 3676; x_wconf 81' lang='lat'>7?</span> <span class='ocrx_word' id='word_1_429' title='bbox 744 3613 825 3674; x_wconf 88' lang='lat' dir='ltr'>Sane</span> <span class='ocrx_word' id='word_1_430' title='bbox 849 3613 969 3675; x_wconf 85' lang='lat' dir='ltr'>videtur</span> <span class='ocrx_word' id='word_1_431' title='bbox 996 3613 1209 3694; x_wconf 84' lang='lat' dir='ltr'>antiquissima</span> <span class='ocrx_word' id='word_1_432' title='bbox 1233 3630 1315 3685; x_wconf 88' lang='lat' dir='ltr'>esse,</span> <span class='ocrx_word' id='word_1_433' title='bbox 1346 3628 1414 3671; x_wconf 93' lang='lat' dir='ltr'>cum</span> <span class='ocrx_word' id='word_1_434' title='bbox 1437 3610 1495 3672; x_wconf 87' lang='lat' dir='ltr'>ad-</span> 
     </span>
     <span class='ocr_line' id='line_1_41' title="bbox 135 3699 1497 3782; baseline -0.003 -18"><span class='ocrx_word' id='word_1_435' title='bbox 135 3705 203 3776; x_wconf 88' lang='lat' dir='ltr'>huo,</span> <span class='ocrx_word' id='word_1_436' title='bbox 228 3711 262 3764; x_wconf 88' lang='lat' dir='ltr'>ut</span> <span class='ocrx_word' id='word_1_437' title='bbox 285 3710 334 3764; x_wconf 89' lang='grc' dir='ltr'>ιιι</span> <span class='ocrx_word' id='word_1_438' title='bbox 357 3701 435 3782; x_wconf 90' lang='lat' dir='ltr'>apud</span> <span class='ocrx_word' id='word_1_439' title='bbox 459 3701 666 3777; x_wconf 84' lang='lat' dir='ltr'>Aristotelem,</span> <span class='ocrx_word' id='word_1_440' title='bbox 693 3701 745 3763; x_wconf 87' lang='lat' dir='ltr'>Sol</span> <span class='ocrx_word' id='word_1_441' title='bbox 769 3710 927 3782; x_wconf 87' lang='lat' dir='ltr'>putaretur</span> <span class='ocrx_word' id='word_1_442' title='bbox 949 3703 1028 3765; x_wconf 83' lang='lat' dir='ltr'>inira</span> <span class='ocrx_word' id='word_1_443' title='bbox 1053 3703 1119 3780; x_wconf 67' lang='lat' dir='ltr'>Qu.</span> <span class='ocrx_word' id='word_1_444' title='bbox 1166 3703 1249 3762; x_wconf 84' lang='lat' dir='ltr'>Tunc</span> <span class='ocrx_word' id='word_1_445' title='bbox 1273 3699 1352 3760; x_wconf 89' lang='lat' dir='ltr'>euim</span> <span class='ocrx_word' id='word_1_446' title='bbox 1376 3705 1497 3760; x_wconf 83' lang='lat' dir='ltr'>constat</span> 
     </span>
     <span class='ocr_line' id='line_1_42' title="bbox 136 3784 1497 3871; baseline -0.004 -18"><span class='ocrx_word' id='word_1_447' title='bbox 136 3791 213 3853; x_wconf 88' lang='lat' dir='ltr'>ratio</span> <span class='ocrx_word' id='word_1_448' title='bbox 238 3790 371 3867; x_wconf 62' lang='lat' dir='ltr'>ordinis„</span> <span class='ocrx_word' id='word_1_449' title='bbox 405 3789 466 3851; x_wconf 86' lang='lat' dir='ltr'>Sed</span> <span class='ocrx_word' id='word_1_450' title='bbox 491 3798 523 3851; x_wconf 91' lang='lat' dir='ltr'>et</span> <span class='ocrx_word' id='word_1_451' title='bbox 546 3790 656 3852; x_wconf 91' lang='lat' dir='ltr'>domini</span> <span class='ocrx_word' id='word_1_452' title='bbox 676 3790 901 3871; x_wconf 83' lang='lat' dir='ltr'>triangulorum,</span> <span class='ocrx_word' id='word_1_453' title='bbox 927 3800 961 3853; x_wconf 94' lang='lat' dir='ltr'>ut</span> <span class='ocrx_word' id='word_1_454' title='bbox 976 3791 1065 3865; x_wconf 88' lang='lat' dir='ltr'>nosti,</span> <span class='ocrx_word' id='word_1_455' title='bbox 1091 3790 1222 3851; x_wconf 88' lang='lat' dir='ltr'>indidem</span> <span class='ocrx_word' id='word_1_456' title='bbox 1241 3796 1320 3848; x_wconf 89' lang='lat' dir='ltr'>suut.</span> <span class='ocrx_word' id='word_1_457' title='bbox 1361 3784 1497 3847; x_wconf 85' lang='lat' dir='ltr'>Valeant</span> 
     </span>
     <span class='ocr_line' id='line_1_43' title="bbox 135 3875 1495 3958; baseline -0.002 -17"><span class='ocrx_word' id='word_1_458' title='bbox 135 3881 192 3942; x_wconf 90' lang='lat' dir='ltr'>hee</span> <span class='ocrx_word' id='word_1_459' title='bbox 216 3899 323 3958; x_wconf 84' lang='lat' dir='ltr'>nugae,</span> <span class='ocrx_word' id='word_1_460' title='bbox 349 3878 403 3939; x_wconf 88' lang='lat' dir='ltr'>sed</span> <span class='ocrx_word' id='word_1_461' title='bbox 429 3878 519 3939; x_wconf 90' lang='lat' dir='ltr'>alium</span> <span class='ocrx_word' id='word_1_462' title='bbox 543 3879 571 3940; x_wconf 91' lang='lat' dir='ltr'>in</span> <span class='ocrx_word' id='word_1_463' title='bbox 587 3880 705 3940; x_wconf 91' lang='lat' dir='ltr'>modum</span> <span class='ocrx_word' id='word_1_464' title='bbox 729 3881 853 3941; x_wconf 84' lang='lat' dir='ltr'>valeant</span> <span class='ocrx_word' id='word_1_465' title='bbox 868 3881 972 3954; x_wconf 88' lang='lat' dir='ltr'>realia,</span> <span class='ocrx_word' id='word_1_466' title='bbox 998 3880 1054 3941; x_wconf 90' lang='lat' dir='ltr'>hoc</span> <span class='ocrx_word' id='word_1_467' title='bbox 1070 3887 1126 3952; x_wconf 91' lang='lat' dir='ltr'>est,</span> <span class='ocrx_word' id='word_1_468' title='bbox 1152 3878 1244 3958; x_wconf 90' lang='lat' dir='ltr'>probe</span> <span class='ocrx_word' id='word_1_469' title='bbox 1259 3875 1495 3938; x_wconf 89' lang='lat' dir='ltr'>considerentur.</span> 
     </span>
     <span class='ocr_line' id='line_1_44' title="bbox 137 3965 1496 4044; baseline -0.001 -14"><span class='ocrx_word' id='word_1_470' title='bbox 137 3970 193 4031; x_wconf 91' lang='lat' dir='ltr'>llla</span> <span class='ocrx_word' id='word_1_471' title='bbox 217 3968 295 4029; x_wconf 89' lang='lat' dir='ltr'>enim</span> <span class='ocrx_word' id='word_1_472' title='bbox 317 3975 386 4029; x_wconf 89' lang='lat' dir='ltr'>tota</span> <span class='ocrx_word' id='word_1_473' title='bbox 408 3966 486 4029; x_wconf 89' lang='lat' dir='ltr'>ratio</span> <span class='ocrx_word' id='word_1_474' title='bbox 510 3968 638 4030; x_wconf 84' lang='lat' dir='ltr'>conficta</span> <span class='ocrx_word' id='word_1_475' title='bbox 660 3977 709 4030; x_wconf 91' lang='lat' dir='ltr'>est</span> <span class='ocrx_word' id='word_1_476' title='bbox 741 3969 778 4028; x_wconf 90' lang='lat' dir='ltr'>ad</span> <span class='ocrx_word' id='word_1_477' title='bbox 804 3970 987 4031; x_wconf 87' lang='lat' dir='ltr'>reddendam</span> <span class='ocrx_word' id='word_1_478' title='bbox 1010 3978 1169 4029; x_wconf 84' lang='lat' dir='ltr'>eventuum</span> <span class='ocrx_word' id='word_1_479' title='bbox 1194 3965 1388 4038; x_wconf 85' lang='lat' dir='ltr'>varietatem,</span> <span class='ocrx_word' id='word_1_480' title='bbox 1423 3982 1496 4044; x_wconf 83' lang='lat' dir='ltr'>per·</span> 
     </span>
     <span class='ocr_line' id='line_1_45' title="bbox 136 4056 1498 4136; baseline -0.003 -17"><span class='ocrx_word' id='word_1_481' title='bbox 136 4057 205 4119; x_wconf 90' lang='lat' dir='ltr'>iude</span> <span class='ocrx_word' id='word_1_482' title='bbox 234 4077 270 4118; x_wconf 91' lang='lat' dir='ltr'>ac</span> <span class='ocrx_word' id='word_1_483' title='bbox 304 4057 330 4118; x_wconf 89' lang='lat' dir='ltr'>ei</span> <span class='ocrx_word' id='word_1_484' title='bbox 361 4065 414 4117; x_wconf 84' lang='lat' dir='ltr'>aut</span> <span class='ocrx_word' id='word_1_485' title='bbox 446 4075 502 4117; x_wconf 88' lang='lat' dir='ltr'>nou</span> <span class='ocrx_word' id='word_1_486' title='bbox 534 4065 620 4118; x_wconf 90' lang='lat' dir='ltr'>esset</span> <span class='ocrx_word' id='word_1_487' title='bbox 648 4056 764 4118; x_wconf 88' lang='lat' dir='ltr'>infinita</span> <span class='ocrx_word' id='word_1_488' title='bbox 796 4059 930 4121; x_wconf 89' lang='lat' dir='ltr'>varietas</span> <span class='ocrx_word' id='word_1_489' title='bbox 962 4059 992 4118; x_wconf 93' lang='lat' dir='ltr'>iu</span> <span class='ocrx_word' id='word_1_490' title='bbox 1021 4057 1219 4136; x_wconf 81' lang='lat' dir='ltr'>permixtione</span> <span class='ocrx_word' id='word_1_491' title='bbox 1243 4062 1421 4135; x_wconf 88' lang='lat' dir='ltr'>aspectuum</span> <span class='ocrx_word' id='word_1_492' title='bbox 1444 4060 1498 4116; x_wconf 82' lang='lat' dir='ltr'>aut</span> 
     </span>
     <span class='ocr_line' id='line_1_46' title="bbox 135 4143 1497 4227; baseline -0.003 -20"><span class='ocrx_word' id='word_1_493' title='bbox 135 4147 232 4208; x_wconf 89' lang='lat' dir='ltr'>omnis</span> <span class='ocrx_word' id='word_1_494' title='bbox 256 4153 414 4207; x_wconf 86' lang='lat' dir='ltr'>eventuum</span> <span class='ocrx_word' id='word_1_495' title='bbox 439 4145 652 4226; x_wconf 88' lang='lat' dir='ltr'>qualiscunque</span> <span class='ocrx_word' id='word_1_496' title='bbox 677 4145 810 4207; x_wconf 88' lang='lat' dir='ltr'>varietas</span> <span class='ocrx_word' id='word_1_497' title='bbox 835 4166 872 4208; x_wconf 85' lang='lat' dir='ltr'>ex</span> <span class='ocrx_word' id='word_1_498' title='bbox 896 4148 980 4210; x_wconf 90' lang='lat' dir='ltr'>coelo</span> <span class='ocrx_word' id='word_1_499' title='bbox 1004 4148 1053 4219; x_wconf 93' lang='lat' dir='ltr'>sit,</span> <span class='ocrx_word' id='word_1_500' title='bbox 1080 4147 1110 4209; x_wconf 91' lang='lat' dir='ltr'>id</span> <span class='ocrx_word' id='word_1_501' title='bbox 1125 4146 1204 4227; x_wconf 89' lang='lat' dir='ltr'>quod</span> <span class='ocrx_word' id='word_1_502' title='bbox 1223 4153 1305 4208; x_wconf 88' lang='lat' dir='ltr'>recte</span> <span class='ocrx_word' id='word_1_503' title='bbox 1320 4162 1387 4206; x_wconf 87' lang='lat' dir='ltr'>oum</span> <span class='ocrx_word' id='word_1_504' title='bbox 1406 4143 1497 4207; x_wconf 90' lang='lat' dir='ltr'>theo·</span> 
     </span>
     <span class='ocr_line' id='line_1_47' title="bbox 136 4233 1498 4316; baseline -0.002 -19"><span class='ocrx_word' id='word_1_505' title='bbox 136 4235 213 4316; x_wconf 83' lang='lat' dir='ltr'>logis</span> <span class='ocrx_word' id='word_1_506' title='bbox 236 4236 387 4314; x_wconf 91' lang='lat' dir='ltr'>impugno.</span> <span class='ocrx_word' id='word_1_507' title='bbox 435 4233 557 4314; x_wconf 90' lang='lat' dir='ltr'>Optime</span> <span class='ocrx_word' id='word_1_508' title='bbox 588 4244 781 4314; x_wconf 85' lang='lat' dir='ltr'>praeceptor,</span> <span class='ocrx_word' id='word_1_509' title='bbox 815 4256 852 4297; x_wconf 91' lang='grc' dir='ltr'>ιι</span> <span class='ocrx_word' id='word_1_510' title='bbox 876 4256 935 4298; x_wconf 87' lang='grc' dir='ltr'>ιιι</span> <span class='ocrx_word' id='word_1_511' title='bbox 966 4242 1049 4297; x_wconf 88' lang='lat' dir='ltr'>recte</span> <span class='ocrx_word' id='word_1_512' title='bbox 1073 4254 1147 4314; x_wconf 88' lang='lat' dir='ltr'>ago,</span> <span class='ocrx_word' id='word_1_513' title='bbox 1179 4235 1205 4297; x_wconf 90' lang='lat' dir='ltr'>si</span> <span class='ocrx_word' id='word_1_514' title='bbox 1229 4253 1352 4315; x_wconf 87' lang='lat' dir='ltr'>operam</span> <span class='ocrx_word' id='word_1_515' title='bbox 1376 4233 1429 4308; x_wconf 93' lang='lat' dir='ltr'>do,</span> <span class='ocrx_word' id='word_1_516' title='bbox 1463 4238 1528 4299; x_wconf 73' lang='lat' dir='ltr'>ut..-</span> 
     </span>
     <span class='ocr_line' id='line_1_48' title="bbox 137 4320 1496 4403; baseline -0.001 -19"><span class='ocrx_word' id='word_1_517' title='bbox 137 4325 236 4387; x_wconf 85' lang='lat' dir='ltr'>doctis</span> <span class='ocrx_word' id='word_1_518' title='bbox 260 4333 291 4386; x_wconf 90' lang='lat' dir='ltr'>et</span> <span class='ocrx_word' id='word_1_519' title='bbox 313 4322 501 4403; x_wconf 88' lang='lat' dir='ltr'>pbilosophis</span> <span class='ocrx_word' id='word_1_520' title='bbox 525 4323 617 4384; x_wconf 90' lang='lat' dir='ltr'>etiam</span> <span class='ocrx_word' id='word_1_521' title='bbox 645 4324 850 4403; x_wconf 86' lang='lat' dir='ltr'>operationem</span> <span class='ocrx_word' id='word_1_522' title='bbox 874 4326 950 4387; x_wconf 83' lang='lat' dir='ltr'>coeli</span> <span class='ocrx_word' id='word_1_523' title='bbox 974 4324 1173 4403; x_wconf 86' lang='lat' dir='ltr'>persuadeam</span> <span class='ocrx_word' id='word_1_524' title='bbox 1193 4320 1390 4386; x_wconf 74' lang='lat' dir='ltr'>distinctam?</span> <span class='ocrx_word' id='word_1_525' title='bbox 1426 4323 1496 4402; x_wconf 81' lang='lat' dir='ltr'>Ago</span> 
     </span>
     <span class='ocr_line' id='line_1_49' title="bbox 137 4410 1497 4492; baseline -0.001 -17"><span class='ocrx_word' id='word_1_526' title='bbox 137 4414 239 4492; x_wconf 87' lang='lat' dir='ltr'>itaque</span> <span class='ocrx_word' id='word_1_527' title='bbox 262 4421 297 4475; x_wconf 91' lang='lat' dir='ltr'>ut</span> <span class='ocrx_word' id='word_1_528' title='bbox 310 4412 464 4474; x_wconf 87' lang='lat' dir='ltr'>Jesuitee:</span> <span class='ocrx_word' id='word_1_529' title='bbox 490 4412 658 4492; x_wconf 88' lang='lat' dir='ltr'>qui-multe</span> <span class='ocrx_word' id='word_1_530' title='bbox 673 4414 844 4485; x_wconf 84' lang='lat' dir='ltr'>emendant,</span> <span class='ocrx_word' id='word_1_531' title='bbox 868 4422 901 4476; x_wconf 91' lang='lat' dir='ltr'>ut</span> <span class='ocrx_word' id='word_1_532' title='bbox 919 4414 1053 4475; x_wconf 89' lang='lat' dir='ltr'>homines</span> <span class='ocrx_word' id='word_1_533' title='bbox 1073 4411 1240 4475; x_wconf 86' lang='lat' dir='ltr'>catholicos</span> <span class='ocrx_word' id='word_1_534' title='bbox 1266 4412 1389 4476; x_wconf 76' lang='lat' dir='ltr'>taciani.</span> <span class='ocrx_word' id='word_1_535' title='bbox 1433 4410 1497 4473; x_wconf 93' lang='lat' dir='ltr'>lmo</span> 
     </span>
     <span class='ocr_line' id='line_1_50' title="bbox 137 4499 1497 4582; baseline 0 -19"><span class='ocrx_word' id='word_1_536' title='bbox 137 4522 194 4563; x_wconf 90' lang='lat' dir='ltr'>nou</span> <span class='ocrx_word' id='word_1_537' title='bbox 218 4503 264 4564; x_wconf 91' lang='lat' dir='ltr'>ita</span> <span class='ocrx_word' id='word_1_538' title='bbox 287 4520 358 4582; x_wconf 89' lang='lat' dir='ltr'>ago,</span> <span class='ocrx_word' id='word_1_539' title='bbox 392 4520 460 4562; x_wconf 86' lang='lat' dir='ltr'>nam</span> <span class='ocrx_word' id='word_1_540' title='bbox 485 4500 535 4581; x_wconf 90' lang='lat' dir='ltr'>qui</span> <span class='ocrx_word' id='word_1_541' title='bbox 565 4520 669 4563; x_wconf 90' lang='lat' dir='ltr'>omnes</span> <span class='ocrx_word' id='word_1_542' title='bbox 696 4520 794 4582; x_wconf 86' lang='lat' dir='ltr'>nugas</span> <span class='ocrx_word' id='word_1_543' title='bbox 824 4503 1002 4577; x_wconf 82' lang='lat' dir='ltr'>defendunt,</span> <span class='ocrx_word' id='word_1_544' title='bbox 1036 4511 1105 4563; x_wconf 90' lang='lat' dir='ltr'>sunt</span> <span class='ocrx_word' id='word_1_545' title='bbox 1127 4501 1255 4563; x_wconf 88' lang='lat' dir='ltr'>Jesuitis</span> <span class='ocrx_word' id='word_1_546' title='bbox 1279 4499 1407 4568; x_wconf 89' lang='lat' dir='ltr'>similes,</span> <span class='ocrx_word' id='word_1_547' title='bbox 1440 4516 1497 4579; x_wconf 81' lang='lat' dir='ltr'>ego</span> 
     </span>
     <span class='ocr_line' id='line_1_51' title="bbox 137 4587 1498 4671; baseline -0.001 -20"><span class='ocrx_word' id='word_1_548' title='bbox 137 4610 204 4653; x_wconf 91' lang='lat' dir='ltr'>sum</span> <span class='ocrx_word' id='word_1_549' title='bbox 228 4591 421 4653; x_wconf 87' lang='lat' dir='ltr'>Lutberauus</span> <span class='ocrx_word' id='word_1_550' title='bbox 445 4591 633 4670; x_wconf 86' lang='lat' dir='ltr'>astrologus,</span> <span class='ocrx_word' id='word_1_551' title='bbox 663 4591 712 4670; x_wconf 88' lang='lat' dir='ltr'>qui</span> <span class='ocrx_word' id='word_1_552' title='bbox 741 4590 828 4670; x_wconf 90' lang='lat' dir='ltr'>nugis</span> <span class='ocrx_word' id='word_1_553' title='bbox 853 4591 980 4671; x_wconf 87' lang='lat' dir='ltr'>abjectis</span> <span class='ocrx_word' id='word_1_554' title='bbox 1009 4591 1124 4654; x_wconf 84' lang='lat' dir='ltr'>retineo</span> <span class='ocrx_word' id='word_1_555' title='bbox 1147 4592 1293 4653; x_wconf 87' lang='lat' dir='ltr'>nucleum.</span> <span class='ocrx_word' id='word_1_556' title='bbox 1341 4587 1404 4650; x_wconf 89' lang='lat' dir='ltr'>Sed</span> <span class='ocrx_word' id='word_1_557' title='bbox 1427 4605 1498 4651; x_wconf 87' lang='lat' dir='ltr'>ecoe</span> 
     </span>
     <span class='ocr_line' id='line_1_52' title="bbox 138 4676 1557 4761; baseline -0.001 -20"><span class='ocrx_word' id='word_1_558' title='bbox 138 4700 195 4742; x_wconf 90' lang='lat' dir='ltr'>non</span> <span class='ocrx_word' id='word_1_559' title='bbox 221 4688 338 4742; x_wconf 82' lang='lat' dir='ltr'>tentum</span> <span class='ocrx_word' id='word_1_560' title='bbox 361 4677 500 4741; x_wconf 88' lang='lat' dir='ltr'>volebam</span> <span class='ocrx_word' id='word_1_561' title='bbox 524 4678 635 4741; x_wconf 87' lang='lat' dir='ltr'>dicere.</span> <span class='ocrx_word' id='word_1_562' title='bbox 683 4679 732 4741; x_wconf 85' lang='lat' dir='ltr'>Ad</span> <span class='ocrx_word' id='word_1_563' title='bbox 756 4680 925 4758; x_wconf 80' lang='lat' dir='ltr'>exemplum</span> <span class='ocrx_word' id='word_1_564' title='bbox 949 4679 1051 4761; x_wconf 85' lang='lat' dir='ltr'>itaque</span> <span class='ocrx_word' id='word_1_565' title='bbox 1076 4680 1173 4742; x_wconf 90' lang='lat' dir='ltr'>venio.</span> <span class='ocrx_word' id='word_1_566' title='bbox 1217 4680 1317 4742; x_wconf 87' lang='lat' dir='ltr'>Natus</span> <span class='ocrx_word' id='word_1_567' title='bbox 1341 4676 1396 4738; x_wconf 88' lang='lat' dir='ltr'>tibi</span> <span class='ocrx_word' id='word_1_568' title='bbox 1419 4677 1497 4740; x_wconf 81' lang='lat' dir='ltr'>ilius</span> <span class='ocrx_word' id='word_1_569' title='bbox 1555 4712 1557 4715; x_wconf 33' lang='lat' dir='ltr'>v</span> 
     </span>
     <span class='ocr_line' id='line_1_53' title="bbox 138 4763 1497 4848; baseline -0.003 -18"><span class='ocrx_word' id='word_1_570' title='bbox 138 4777 186 4830; x_wconf 90' lang='grc' dir='ltr'>ιιι</span> <span class='ocrx_word' id='word_1_571' title='bbox 210 4770 368 4848; x_wconf 84' lang='lat' dir='ltr'>Augustus</span> <span class='ocrx_word' id='word_1_572' title='bbox 396 4763 446 4830; x_wconf 81' lang='grc'>13.</span> <span class='ocrx_word' id='word_1_573' title='bbox 460 4767 531 4829; x_wconf 89' lang='lat' dir='ltr'>Jan.</span> <span class='ocrx_word' id='word_1_574' title='bbox 561 4767 609 4830; x_wconf 90' lang='lat' dir='ltr'>St.</span> <span class='ocrx_word' id='word_1_575' title='bbox 634 4768 674 4830; x_wconf 92' lang='lat' dir='ltr'>V.</span> <span class='ocrx_word' id='word_1_576' title='bbox 698 4768 763 4831; x_wconf 91' lang='lat' dir='ltr'>bor.</span> <span class='ocrx_word' id='word_1_577' title='bbox 788 4767 819 4832; x_wconf 78' lang='lat'>5.</span> <span class='ocrx_word' id='word_1_578' title='bbox 844 4765 898 4833; x_wconf 75' lang='lat'>24¹</span> <span class='ocrx_word' id='word_1_579' title='bbox 927 4777 997 4831; x_wconf 83' lang='lat' dir='ltr'>ente</span> <span class='ocrx_word' id='word_1_580' title='bbox 1021 4789 1060 4831; x_wconf 91' lang='lat' dir='ltr'>m.</span> <span class='ocrx_word' id='word_1_581' title='bbox 1115 4769 1215 4832; x_wconf 89' lang='lat' dir='ltr'>Natus</span> <span class='ocrx_word' id='word_1_582' title='bbox 1244 4766 1314 4830; x_wconf 88' lang='lat' dir='ltr'>mihi</span> <span class='ocrx_word' id='word_1_583' title='bbox 1343 4771 1392 4828; x_wconf 92' lang='lat' dir='ltr'>est</span> <span class='ocrx_word' id='word_1_584' title='bbox 1418 4765 1497 4829; x_wconf 88' lang='lat' dir='ltr'>lilius</span> 
     </span>
    </p>
   </div>
   <div class='ocr_carea' id='block_1_7' title="bbox 0 0 1723 5542">
    <p class='ocr_par' dir='ltr' id='par_1_12' title="bbox 0 0 1723 5542">
     <span class='ocr_line' id='line_1_54' title="bbox 0 0 1723 5542; baseline 0 0"><span class='ocrx_word' id='word_1_585' title='bbox 0 0 1723 5542; x_wconf 95' lang='lat' dir='ltr'> </span> 
     </span>
    </p>
   </div>
  </div>
 </body>
</html>
