3428 5542
247 293 314 364 eoo
796 272 918 365 sios·
939 297 1063 361 non

248 459 316 522 lidci
341 467 447 521 auctor
461 466 518 533 est,
540 466 592 521 aut
606 459 798 541 Pythagoras
813 460 850 521 de
875 459 979 522 ordine
1004 460 1201 546 sphaerarum
1226 459 1270 520 ita
1294 457 1420 532 censuit,
1444 467 1479 519 ut
1501 457 1610 520 Ptole·

246 567 359 621 maeus,
384 548 472 628 idque
497 546 563 610 200
586 548 672 610 annis
696 557 766 610 ante
790 549 821 610 id
843 558 972 629 tempus,
998 551 1076 630 qnod
1099 549 1204 611 harum
1222 547 1434 630 hypothesium
1449 547 1529 609 ortui
1553 547 1610 609 de-

246 638 350 717 signat
363 637 472 700 Ursus.
518 637 560 699 Et
584 637 613 698 id
638 644 695 706 est,
721 638 798 718 quod
813 638 894 701 Ptol.
910 639 1032 720 Almag.
1049 639 1100 701 lib.
1117 639 1172 703 lx.
1195 658 1263 718 cap.
1283 638 1312 699 l.
1336 636 1443 711 innuit,
1468 637 1609 711 comsit,

245 726 376 799 orbesQ
400 734 432 787 et
455 729 477 803 p
500 727 542 787 ab
567 726 849 807 antiquioribus
875 727 991 808 quidem
1010 728 1214 810 (Pythagora)
1239 727 1294 789 snb
1310 725 1421 799 Solari,
1447 725 1608 806 aquibus·

246 815 315 878 dam
328 833 400 877 vero
415 815 633 895 posterioribus
649 815 830 891 (Heraclito,
846 816 982 884 Platone.
997 815 1134 891 Eudoxo,
1154 816 1340 888 Aristotele)
1364 834 1457 894 supra
1469 813 1610 877 Soterem

245 904 433 966 collocatos:
466 911 499 965 et
525 905 652 985 denique
679 912 815 966 vetemm
847 906 1030 968 sententiam
1058 914 1092 969 ut
1121 906 1218 985 magis
1246 904 1434 985 probabilem
1462 903 1609 983 sequitur,

246 1012 361 1073 negans
392 993 468 1055 certi
496 993 566 1074 quid
596 1013 633 1055 ex
657 994 845 1056 astronomia
872 994 920 1056 hic
943 994 1048 1057 haberi
1075 1014 1176 1075 posse.
1223 992 1319 1068 Quid,
1355 993 1434 1074 quod
1456 991 1611 1055 Patricius

246 1082 402 1145 Zoroastri
420 1082 543 1155 Persae,
568 1083 617 1162 qui
641 1083 744 1145 multis
768 1083 878 1145 seculis
901 1084 1106 1165 Pythagoram
1129 1084 1305 1156 antecessit,
1329 1083 1456 1145 eandem
1480 1089 1609 1144 senten·

244 1170 319 1234 tiam
352 1171 479 1245 tribuat,
505 1191 543 1232 ex
571 1171 618 1232 his
642 1173 709 1250 ejus
735 1171 850 1233 verbis:
882 1168 914 1245 ἑξ
936 1172 1027 1243 αὐτος
1050 1169 1192 1248 megaera
1214 1172 1320 1244 (aliter
1341 1168 1374 1244 ἑξ
1394 1171 1611 1248 &magam

244 1256 353 1333 ζωτας)
377 1256 505 1337 ι’βῦομω
527 1256 590 1337 dira
613 1262 842 1337 μεσεμβολησας
869 1284 935 1340 πυρ.
984 1260 1018 1323 Si
1042 1261 1095 1324 Sol
1123 1261 1152 1324 in
1177 1261 1275 1323 medio
1299 1260 1489 1340 planetarum
1512 1259 1609 1331 (Tcr-
1641 1289 1648 1305 ·

246 1369 311 1411 ram
334 1368 440 1429 nempe
465 1344 542 1410 id'em
567 1350 730 1412 Zoroaster
753 1350 782 1410 in
807 1370 842 1412 eo
866 1350 979 1424 medio,
1005 1352 1082 1430 quod
1107 1360 1242 1412 centrum
1266 1358 1323 1423 est,
1349 1350 1510 1423 collocat),
1534 1366 1611 1428 ergo

247 1437 325 1511 Qet
349 1442 371 1516 ζξ
393 1438 473 1500 intra
496 1437 599 1500 Solem
624 1447 719 1501 erunt
768 1437 902 1519 Cumque
925 1439 1116 1520 Pythagoras
1140 1461 1159 1499 a
1182 1439 1318 1501 Zabraco
1336 1437 1476 1519 Assyrio,
1501 1436 1610 1516 gentili

245 1527 401 1588 Zoroastri
432 1527 580 1599 (Patricio
602 1529 772 1602 referente,
806 1538 878 1609 puto
908 1549 945 1589 ex
972 1529 1094 1600 Proclo)
1127 1529 1205 1590 hauc
1234 1527 1415 1590 sententiam
1448 1525 1608 1591 hauserit:

244 1615 377 1678 ordinem
406 1616 484 1678 huuc
515 1616 647 1678 indidem
675 1617 813 1678 hausisse
849 1616 1011 1679 verisimile
1048 1625 1104 1678 est
1161 1615 1308 1688 Quamvis
1344 1616 1394 1695 qui
1428 1626 1500 1696 post
1532 1614 1608 1679 dicti

245 1712 315 1768 eunt
338 1704 557 1786 Pythagoraei,
586 1706 663 1768 hunc
688 1707 829 1786 magistri
852 1706 896 1768 sui
921 1705 1053 1768 ordinem
1077 1706 1284 1768 deseruerunt.
1331 1704 1380 1768 Illi
1404 1723 1550 1784 namque,
1574 1712 1610 1767 ut

243 1794 334 1874 paulo
358 1801 430 1872 post
446 1794 636 1880 probabitur,
661 1797 787 1857 eandem
810 1802 971 1858 tenuerunt
994 1795 1031 1857 de
1055 1796 1155 1857 mundi
1181 1797 1276 1857 forma
1299 1793 1485 1873 opinionem,
1517 1793 1609 1873 longe

244 1890 315 1945 aute
338 1883 547 1958 Aristotelem,
573 1903 661 1964 quarn
685 1892 756 1964 post
776 1884 975 1947 Aristotelem
998 1884 1084 1947 aunis
1104 1882 1147 1947 50
1170 1885 1225 1946 sub
1248 1885 1424 1946 Ptolemaeo
1447 1882 1608 1949 Philadel-

243 1969 303 2051 pho
335 1971 533 2033 Aristarchus
562 1972 698 2046 Samius,
734 1982 766 2035 et
798 1984 902 2035 nostra
932 1982 1033 2035 aetate
1059 1973 1256 2053 Copernicus‚
1292 1973 1357 2052 qui,
1392 1981 1423 2035 ut
1459 1971 1537 2033 haec
1568 1991 1608 2033 ex

243 2058 414 2122 Aristotele
438 2070 471 2122 et
493 2062 656 2123 Plutarcho
681 2063 717 2123 de
742 2062 963 2144 Pythagoraeis
986 2071 1017 2123 et
1041 2082 1079 2123 es
1093 2063 1274 2126 Archimede
1299 2063 1336 2122 de
1350 2060 1532 2123 Aristarcho
1557 2060 1608 2122 iu-

243 2148 381 2226 telligere
404 2168 573 2229 possemus,
597 2151 820 2213 inventionibus
843 2151 906 2213 sois
930 2151 1041 2212 effecit.
1088 2149 1155 2222 Quo
1179 2151 1243 2213 loco
1267 2141 1346 2213 alter
1369 2150 1441 2213 Ursi
1465 2168 1549 2212 error
1572 2169 1607 2210 se

242 2238 354 2318 prodit,
380 2239 428 2318 qui
448 2237 722 2318 Copernicanamm
736 2239 946 2322 hypothesium
971 2240 1115 2320 originem
1129 2240 1257 2321 primam
1273 2241 1312 2302 ad
1328 2239 1541 2302 Aristarchum
1554 2257 1607 2300 re-

155 2401 158 2406 ,
243 2327 313 2401 fert,
337 2346 413 2407 qnae
436 2328 530 2389 multo
550 2337 598 2390 est
621 2327 779 2407 antiquior.

330 2415 378 2477 Ac
402 2417 439 2477 de
462 2416 600 2480 Philoleo
625 2417 743 2498 quidem
767 2417 983 2500 Pythagorico,
1009 2417 1058 2496 qui
1082 2416 1196 2477 medina
1221 2415 1277 2477 luit
1300 2415 1605 2480 Aristotelemeiuter

242 2511 275 2567 et
295 2504 502 2585 Pythagoram
534 2507 705 2588 primusque
728 2506 932 2589 Pythagorica
956 2505 1109 2586 vulgavit,
1143 2524 1209 2567 cum
1239 2515 1331 2566 antea
1359 2505 1416 2566 nisi
1440 2526 1459 2565 a
1482 2505 1603 2585 Pytha·

242 2593 353 2675 goricis
375 2593 449 2674 ipsis
469 2596 685 2674 ignorarentur,
710 2597 747 2658 de
772 2616 807 2659 eo
831 2597 922 2674 igitur
945 2615 1004 2657 non
1028 2603 1145 2657 tantum
1169 2595 1294 2657 obscure
1316 2594 1457 2656 Laertius
1481 2594 1605 2667 asserit,

242 2683 376 2746 sensisse
400 2684 524 2746 Terram
543 2687 633 2762 juxta
656 2686 784 2764 primum
809 2686 950 2748 circulum
975 2683 1126 2761 (intellige
1150 2683 1205 2745 snb
1228 2684 1368 2756 zodiaco)
1392 2683 1523 2751 moveri,
1548 2683 1605 2745 sed

241 2771 335 2833 multo
359 2773 525 2836 clarissime
540 2774 730 2850 Plutarchus,
756 2777 841 2855 cujus
864 2773 957 2834 verba
981 2793 1047 2835 cum
1061 2770 1246 2851 Copernicns
1270 2775 1335 2853 ipse
1358 2772 1389 2833 in
1412 2772 1605 2850 praelatione

242 2860 341 2940 operis
366 2861 411 2923 sui
434 2863 578 2941 posuerit.
604 2862 709 2924 mirum
729 2864 888 2926 admodum
914 2871 971 2934 est,
997 2883 1034 2922 ca
1057 2881 1114 2922 non
1132 2861 1241 2939 legisse
1257 2863 1379 2932 Ursum,
1404 2862 1453 2941 qui
1472 2861 1603 2923 lectione

243 2946 401 3028 Copernici
425 2952 516 3013 toties
541 2961 573 3013 et
596 2960 754 3032 tantopere
778 2953 937 3032 gloriatur,
968 2971 1091 3031 eamque
1115 2950 1257 3012 omissam
1281 2951 1349 3011 aliis
1373 2951 1522 3012 immerito
1546 2969 1603 3010 ex·

241 3037 375 3118 probrat
421 3039 545 3102 Terram
570 3041 634 3102 vult
656 3041 811 3104 Philolaus
835 3040 913 3120 apud
939 3040 1131 3102 Plutarchum
1162 3039 1189 3099 in
1215 3040 1356 3101 circulum
1381 3039 1494 3100 moveri
1522 3039 1605 3101 circa

242 3126 342 3205 mmm
357 3127 508 3207 (intellige
522 3127 641 3200 Solem)
665 3130 722 3191 sub
735 3130 858 3191 zodiaco
873 3129 902 3189 in
918 3149 1029 3191 morem
1053 3128 1134 3191 Solis
1149 3139 1180 3189 et
1196 3128 1308 3199 Lunae,
1333 3127 1516 3191 Aristoteles
1531 3146 1604 3188 vero

242 3214 295 3277 lib.
318 3216 359 3277 11.
388 3216 426 3277 de
450 3219 533 3279 coelo
562 3237 628 3298 cap.
657 3214 706 3281 1³.
736 3218 772 3281 de
796 3218 1016 3301 Pythagoraeis
1046 3219 1074 3280 in
1104 3236 1213 3296 genere
1242 3216 1304 3278 sic:
1341 3217 1380 3290 „ii
1405 3217 1455 3296 qui
1481 3216 1602 3278 ltaliam

242 3303 384 3378 incolunt,
410 3305 460 3386 qui
483 3307 573 3368 iidem
594 3307 797 3387 Pythagoraei
822 3316 975 3380 vocantur,
1002 3307 1029 3369 in
1054 3307 1151 3369 medio
1175 3306 1273 3385 ignem
1297 3326 1364 3368 esso
1389 3307 1512 3368 dicunt“
1538 3305 1604 3377 (hic

241 3392 343 3455 Solem
365 3394 511 3475 intellige,
536 3415 605 3457 nam
628 3404 659 3457 et
683 3397 795 3459 Thalos
817 3396 954 3469 Jonicae,
979 3406 1010 3458 et
1024 3396 1215 3477 Pythagoras
1239 3395 1367 3458 Italicae
1392 3393 1603 3474 philosophiae

240 3481 390 3562 principes
419 3485 599 3546 occultanda
627 3487 716 3566 vulgo
750 3506 873 3548 suasere
905 3485 1114 3564 philosophiae
1138 3484 1314 3565 mysteria),
1350 3484 1495 3555 „Terram
1518 3501 1602 3554 vcro,

240 3589 317 3652 quae
340 3572 381 3634 sit
404 3592 493 3634 unum
515 3582 664 3637 astrorum
689 3576 910 3654 (planetarum)
934 3585 1016 3636 motu
1040 3594 1103 3648 suo,
1129 3593 1185 3653 qno
1205 3574 1315 3635 circum
1332 3573 1461 3636 medium
1476 3574 1602 3644 feratur,

240 3671 345 3723 noctes
369 3669 401 3722 et
425 3661 489 3724 dies
514 3664 663 3726 efficere.“
712 3664 768 3726 Hic
792 3664 978 3726 Aristoteles
1007 3683 1063 3724 non
1089 3663 1162 3724 bene
1192 3662 1328 3742 percepit
1350 3681 1451 3724 eorum
1474 3673 1601 3724 senten-

239 3749 328 3823 tiam,
363 3760 416 3812 aut
442 3758 525 3813 certe
555 3753 692 3815 defectus
721 3763 786 3827 est,
816 3772 903 3833 quem
936 3753 980 3813 sic
1008 3752 1152 3814 restituo:
1187 3751 1310 3813 Terram
1334 3761 1416 3812 motu
1440 3771 1508 3827 suo,
1543 3770 1602 3830 quo

241 3837 352 3900 circum
375 3840 505 3902 medium
528 3843 654 3915 feratur,
680 3862 803 3916 annum,
829 3861 886 3921 qno
912 3861 982 3902 vero
1006 3842 1086 3903 circa
1110 3860 1195 3901 snum
1219 3859 1320 3913 arcein,
1352 3850 1457 3902 noctes
1481 3849 1513 3902 et
1535 3839 1602 3901 dies

240 3926 369 3988 efficere.
416 3929 536 4009 Pergit:
574 3940 755 4009 „praeterea
786 3932 877 3993 aliam
905 3931 1027 3991 Terram
1061 3929 1244 3990 contrariam
1274 3929 1474 4003 fabricantur,
1509 3948 1600 4009 quam

238 4012 386 4097 ἀπεχθωι
410 4023 549 4081 vocant.“
597 4020 662 4081 llac
686 4040 760 4081 voce
784 4021 902 4082 Lunam
925 4019 1104 4098 significant,
1128 4027 1290 4098 propterea
1314 4018 1393 4097 quod
1416 4037 1483 4079 curn
1504 4018 1603 4079 Terra

240 4104 346 4166 mem
377 4107 449 4168 orbe
478 4108 719 4172 circumvehatur
755 4121 787 4172 st
818 4117 942 4189 propter
976 4109 1085 4170 multas
1114 4107 1179 4185 ejus
1208 4125 1274 4168 cum
1302 4106 1397 4168 Terra
1427 4125 1601 4169 communes

240 4193 424 4268 affectiones,
450 4196 486 4257 de
511 4199 617 4276 quibus
640 4208 793 4262 testantur
816 4197 918 4279 optici.
965 4198 1149 4259 Aristoteles
1164 4214 1244 4268 vero,
1270 4195 1318 4274 qui
1343 4197 1398 4257 hoc
1419 4215 1475 4257 non
1495 4197 1600 4276 capie-

239 4281 302 4358 bat,
328 4285 546 4347 absurditatem
570 4288 738 4351 sententiae
762 4290 913 4350 ominatos
937 4286 1066 4365 subjicit,
1091 4286 1191 4365 „quod
1217 4302 1274 4345 non
1295 4295 1444 4364 quaerant
1465 4284 1601 4346 rationes

238 4380 271 4434 et
292 4392 416 4447 musas,
450 4375 489 4436 ad
512 4394 648 4456 eaquae
678 4386 825 4457 apparent
852 4374 1006 4438 reddenda
1033 4384 1066 4436 et
1092 4374 1269 4447 efficienda,
1300 4375 1354 4436 sed
1386 4375 1425 4436 ad
1448 4392 1599 4453 praecon-

240 4471 346 4542 ceptae
371 4483 442 4524 suas
467 4465 614 4542 quasdam
638 4466 793 4546 opiniones
818 4475 850 4527 et
872 4463 1118 4528 ratiocinationes
1142 4462 1209 4541 ipsa
1229 4463 1437 4542 phaenomena
1452 4462 1601 4525 violenter

241 4552 466 4614 accommodent
490 4562 522 4615 et
546 4553 705 4617 conciliare
728 4553 907 4617 conentur.“
953 4553 1031 4614 Esse
1047 4562 1145 4615 autem
1161 4551 1258 4631 ignem
1275 4551 1494 4632 pythagoraeis
1510 4550 1600 4625 idem,

241 4640 321 4719 qnod
344 4639 463 4715 Solem,
493 4662 530 4703 es
554 4643 739 4719 argumentis
762 4663 864 4706 eorum
889 4653 1031 4722 apparet,
1064 4661 1139 4722 qnae
1164 4641 1207 4701 sic
1231 4640 1370 4719 proponit
1393 4640 1598 4703 Aristoteles:

241 4727 356 4801 „videri
383 4749 453 4791 vero
477 4732 574 4810 possit
598 4732 699 4793 multis
723 4733 815 4794 etiam
840 4733 923 4803 aliis,
953 4751 1010 4793 non
1042 4731 1171 4794 dandum
1195 4730 1306 4793 Terrae
1337 4731 1434 4792 locum
1457 4729 1600 4805 medium,

241 4815 269 4878 si
291 4818 535 4897 probabilitatem
563 4820 697 4902 aliquam
725 4841 785 4886 nen
807 4841 846 4887 es
868 4821 1101 4903 apparentibus,
1132 4818 1188 4881 sed
1216 4837 1252 4881 ea
1277 4817 1446 4885 rationibus
1472 4826 1599 4901 mpure
