3414 5550
698 311 903 363 suornm
1412 310 1477 376 tob

117 469 180 531 sius
208 468 285 531 ratio
314 478 372 531 est.
415 470 494 531 Nam
521 469 688 532 rationibus
710 470 830 533 Eudoxi
855 477 1088 533 cousentaneum
1112 478 1174 546 est,
1203 478 1237 532 at
1259 470 1307 532 hic
1332 471 1397 550 jam
1418 490 1477 535 aou

115 559 210 620 vehat
231 559 335 633 nodos,
360 558 414 620 sed
437 560 611 621 revolvatur
633 559 662 620 in
687 558 820 623 Saturno
844 559 963 640 quidem
987 559 1074 622 annis
1098 556 1150 634 30,
1175 560 1206 622 iu
1219 557 1297 621 Jove
1320 560 1408 622 aunis
1426 556 1476 635 12,

115 647 144 707 iu
168 647 270 709 Marte
294 647 446 713 mensibus
471 645 523 721 23,
548 647 578 708 iu
603 648 725 709 Venere
749 657 780 710 et
803 649 953 711 Mercurio
976 649 1129 711 mensibus
1157 646 1206 711 12

205 734 254 798 Sit
276 755 393 798 rursum
417 737 480 816 (lig.
506 734 541 809 2)
566 735 650 799 ABG
673 737 772 816 portio
801 738 927 798 fixarum
951 739 1099 818 sphaerae
1123 747 1155 800 et
1184 736 1214 800 in
1237 756 1274 798 ea
1297 736 1390 798 coluri
1403 736 1476 799 ‘sel-

116 824 281 900 stitiomm,
307 824 354 886 cui
377 826 560 904 respoudeat
583 823 672 887 DEG
696 825 809 905 primos
832 825 949 888 Eudoxi
974 826 1070 899 orbis,
1100 845 1187 907 quem
1211 825 1323 887 habent
1346 824 1366 888 5
1389 843 1477 887 erro·

116 932 179 990 nes,
204 914 254 994 qui
277 915 417 976 volvatur
440 933 530 993 super
554 915 611 976 ΒΗ
634 913 712 993 polis
737 924 768 975 et
794 933 860 988 axe,
886 915 934 976 axi
957 915 1044 995 primi
1067 924 1166 978 motus
1190 914 1389 976 coincidente.
1428 913 1478 977 Sit

115 1002 187 1064 ΤΝ
210 1004 360 1065 secundus
383 1002 474 1078 orbis,
499 1003 582 1082 cujas
605 1003 666 1082 poli
690 1003 725 1074 T,
750 1004 780 1063 V
802 1004 981 1082 figanturin
1004 1005 1124 1083 punctis
1147 1006 1182 1078 F,
1208 1002 1238 1066 G
1260 1002 1357 1081 primi,
1380 1011 1413 1064 et
1436 1003 1477 1065 sit

115 1090 170 1152 Dr
193 1091 356 1172 obliquitas
382 1091 551 1176 eclipticae.
599 1091 698 1171 Super
722 1091 759 1153 iis
782 1093 860 1172 polis
888 1094 1014 1172 planeta
1037 1101 1175 1155 moretur
1198 1093 1227 1154 in
1252 1090 1475 1172 consequentia,

114 1199 143 1241 v.
160 1199 187 1241 c.
212 1177 232 1257 b
257 1180 343 1242 anuis
368 1178 411 1243 30
434 1182 472 1242 ad
493 1180 571 1242 idern
594 1181 683 1260 primi
706 1182 755 1243 vel
779 1181 899 1243 zodiaci
909 1192 1052 1261 puuctum
1068 1181 1200 1244 rediens.
1247 1181 1340 1244 KML
1354 1181 1396 1243 sit
1409 1189 1475 1244 ter-

114 1270 174 1330 tius
197 1271 289 1344 orbis,
314 1271 399 1349 eujus
422 1269 484 1350 poli
506 1270 549 1342 K,
573 1271 601 1331 L
624 1278 694 1331 sunt
717 1270 746 1331 in
771 1270 926 1350 superficie
946 1272 1070 1333 secundi
1093 1270 1268 1352 permedia
1290 1269 1378 1350 sigua
1399 1286 1474 1332 euu-

114 1359 156 1418 tis
186 1358 274 1433 r1v3
316 1377 407 1438 super
442 1357 480 1419 iis
513 1367 651 1420 movetur
682 1359 830 1438 superiori
863 1368 950 1438 parte
993 1360 1023 1421 in
1057 1361 1274 1440 consequentia
1312 1360 1476 1422 secuudum

114 1455 246 1510 tractum
275 1446 378 1509 circuli
407 1447 527 1508 maximi
562 1447 653 1521 YIX,
687 1456 719 1509 et
747 1448 790 1509 sic
818 1457 955 1510 movetur
985 1458 1019 1510 ut
1049 1449 1203 1530 reqnimut
1232 1447 1311 1511 nodi.
1359 1445 1476 1518 Quodsi

115 1535 216 1610 YXZ,
255 1555 328 1617 pars
359 1536 456 1597 lineae
485 1536 744 1615 repraesentantis
773 1537 958 1617 eclipticam,
999 1539 1167 1618 explicetur
1197 1547 1232 1601 ut
1258 1539 1313 1599 liat
1335 1537 1473 1612 cuculus,

114 1626 233 1688 colurus
249 1626 320 1688 TIV
344 1627 396 1686 det
419 1626 449 1687 iu
472 1625 591 1704 pictura
614 1625 702 1698 linea,
728 1625 866 1688 similiter
885 1635 916 1686 et
930 1626 1018 1688 KYL
1032 1637 1064 1689 et
1082 1627 1125 1701 K,
1150 1627 1177 1688 L
1199 1627 1262 1706 poli
1285 1645 1351 1688 cum
1369 1635 1475 1689 centro

108 1714 293 1777 coincident.
341 1712 425 1777 PRO
454 1713 496 1774 sit
526 1723 666 1794 quartus,
699 1715 784 1794 cujus
814 1716 875 1795 poli
894 1715 933 1790 P,
959 1713 986 1778 0
1016 1716 1067 1777 fixi
1098 1715 1161 1778 siut
1187 1716 1217 1777 in
1245 1715 1328 1777 tertii
1354 1714 1474 1794 punctis

112 1804 162 1877 M,
188 1803 233 1879 Ν,
259 1823 354 1883 ⁴super
377 1802 483 1883 quibus
507 1811 644 1864 moretur
666 1803 770 1864 itidem
794 1803 823 1865 in
848 1806 1063 1884 consequentia
1093 1805 1257 1867 secundom
1280 1813 1411 1867 tractum
1429 1804 1475 1867 sui

112 1894 216 1955 circuli
244 1893 369 1954 maximi
391 1890 463 1966 RS,
496 1893 660 1954 secundum
684 1912 773 1973 quam
796 1893 876 1954 viam
910 1894 1002 1956 stella
1030 1895 1239 1957 circumfertur
1267 1902 1403 1973 tempore
1427 1911 1473 1967 eo,

115 1983 193 2063 quod
216 1983 353 2062 postulat
375 1982 528 2042 anomalia
550 1981 803 2044 commutationis.
851 1983 936 2044 Haec
948 1982 1066 2044 Eudoxi
1080 1982 1251 2063 philosophi
1265 1981 1475 2062 philosophias

114 2073 214 2154 opinio
239 2073 275 2133 de
300 2067 320 2132 5
345 2071 530 2139 errantibus,
559 2072 608 2149 qui
633 2071 760 2133 alteram
780 2069 1027 2152 inaequalitatem
1050 2072 1218 2152 ignoravit,
1249 2089 1325 2152 quae
1349 2080 1399 2133 est
1421 2089 1472 2134 re-

113 2170 220 2242 spectu
243 2161 324 2222 orbis
348 2159 499 2239 planetae.

205 2250 349 2327 „Tertiae
372 2267 444 2309 vero
468 2247 599 2310 omnium
623 2247 771 2326 sphaerae
795 2249 883 2326 polos
907 2267 974 2311 esse
999 2247 1027 2309 in
1052 2266 1088 2309 eo
1111 2247 1232 2323 circulo,
1258 2249 1307 2328 qui
1330 2266 1385 2329 per
1406 2267 1474 2311 me-

113 2338 199 2401 dium'
228 2339 380 2419 signorum
413 2337 545 2398 transit:
580 2343 614 2397 at
646 2345 771 2416 quartae
800 2338 1025 2399 couversionem
1054 2355 1123 2398 esse
1147 2357 1205 2417 per
1231 2337 1389 2411 circulum,
1423 2337 1474 2417 qui

113 2429 251 2510 obliquus
277 2437 325 2488 est
352 2427 390 2488 ad
414 2426 542 2486 medium
567 2426 709 2487 circulum
732 2425 830 2504 hujus.
876 2424 955 2487 Esse
978 2443 1066 2504 porro
1090 2428 1200 2488 tertiae
1215 2426 1363 2505 sphaerae
1385 2428 1471 2506 polos

112 2519 295 2597 reliquarum
319 2516 437 2596 quidem
459 2514 614 2576 stellamm
638 2514 791 2593 proprios,
820 2514 951 2576 Veneris
974 2522 1076 2576 antem
1100 2523 1132 2576 et
1153 2515 1294 2577 Mercurii
1317 2515 1473 2579 eosdem.“

112 2608 155 2669 Ut
178 2607 349 2668 honovere
374 2602 519 2666 Gordium
544 2603 653 2662 nodum
677 2622 742 2665 oum
766 2603 882 2664 ratione
908 2613 939 2665 et
963 2603 1014 2665 via
1035 2611 1120 2664 certa
1144 2604 1331 2666 adoriamur:
1355 2603 1473 2666 sicaest

112 2696 198 2758 nobis
230 2695 389 2775 agendum.
446 2694 480 2754 lu
504 2693 592 2753 Luna
619 2690 695 2753 vidit
721 2690 865 2753 Eudoxus
894 2689 914 2755 3
944 2700 1058 2754 motus:
1096 2693 1129 2765 l)
1153 2693 1290 2756 dinmum
1326 2690 1363 2764 2)
1384 2711 1471 2756 men-

111 2798 229 2848 stmum
254 2784 284 2846 in
308 2783 479 2863 oppositum
512 2780 609 2861 primo
643 2789 675 2841 et
698 2781 848 2861 obliquum
873 2782 928 2844 snb
952 2782 1077 2844 zodiaco
1111 2778 1148 2855 3)
1172 2781 1221 2861 qui
1252 2782 1470 2862 digressionem

112 2877 180 2955 ejus
204 2875 242 2936 ab
267 2872 411 2952 ecliptica
438 2871 580 2932 variaret.
627 2871 677 2932 Ad
707 2888 859 2931 numerum
889 2871 965 2932 huuc
993 2879 1127 2934 motuum
1151 2871 1279 2933 totidem
1302 2871 1394 2933 etiam
1412 2889 1470 2952 po·

111 2965 207 3026 nebat
229 2962 328 3024 orbes.
377 2962 411 3023 lu
440 2960 572 3039 planetis
596 2958 706 3021 ceteris
730 2956 751 3022 4
775 2959 960 3022 observabat
988 2968 1086 3023 motus
1115 2961 1275 3023 admodum
1298 2961 1470 3024 evidentes:

112 3054 145 3126 1)
170 3053 306 3115 diurnum
335 3050 390 3111 sub
414 3058 579 3130 aequatore
608 3049 637 3109 iu
662 3048 875 3111 antecedentia
910 3047 946 3123 2)
970 3050 1025 3111 sub
1048 3051 1173 3113 zodiaco
1200 3050 1230 3112 iu
1255 3050 1471 3131 consequentia

111 3140 148 3216 3)
173 3139 344 3204 latitudiuis
377 3139 415 3199 ab
440 3138 580 3216 ecliptica
609 3133 647 3210 4)
672 3157 728 3218 quo
755 3138 898 3217 planetae
922 3138 965 3200 illi
983 3157 1057 3218 prae
1079 3139 1274 3202 luminaribus
1298 3140 1354 3201 hoc
1376 3158 1471 3220 pecu-

110 3232 185 3294 liare
214 3230 399 3302 obtinerent,
431 3235 466 3287 ut
492 3228 600 3287 fierent
626 3226 805 3307 retrogradi.
851 3228 899 3289 De
925 3228 1021 3308 primo
1050 3236 1081 3291 et
1108 3230 1240 3293 secundo
1264 3238 1361 3302 motu,
1392 3229 1471 3309 quod

109 3321 130 3382 ii
155 3321 218 3382 siut
241 3318 376 3381 omnibus
401 3335 581 3389 communes,
606 3315 674 3394 ipsa
688 3316 973 3379 verbaAristotelis
988 3317 1065 3379 satis
1086 3326 1248 3382 testantur.
1295 3317 1385 3389 Quod
1398 3336 1471 3381 vero
1580 3343 1585 3352 ·

108 3418 141 3471 et
164 3409 272 3471 tertius
295 3405 464 3469 latitudinis
480 3406 584 3467 Lunae
609 3424 675 3466 cum
699 3405 746 3466 his
769 3402 789 3467 5
814 3406 969 3468 errouibus
992 3408 1157 3470 communis
1181 3408 1231 3483 sit,
1256 3408 1314 3469 etsi
1337 3426 1375 3469 ex
1397 3426 1469 3470 ver-

109 3500 157 3561 bis
180 3497 359 3559 Aristotelis
383 3515 440 3556 uon
465 3494 618 3575 sequitur,
650 3512 708 3555 non
733 3493 858 3556 latuisse
881 3503 983 3557 temen
1004 3495 1163 3558 Eudoxum
1189 3497 1268 3558 ratio
1295 3496 1469 3575 persuadet.

109 3590 189 3651 Nam
208 3588 234 3648 si
258 3606 315 3647 uon
339 3586 407 3665 plus
430 3583 605 3663 diligentiae
629 3583 657 3643 in
682 3584 870 3645 observando
894 3584 1044 3658 adhibuit,
1070 3604 1158 3664 quam
1182 3593 1326 3664 quantum
1350 3586 1388 3646 ad
1412 3586 1469 3647 de·

108 3677 340 3757 prehendendas
364 3672 643 3752 retrogradationes
668 3672 792 3746 sufficit,
822 3691 879 3733 non
903 3673 1002 3751 potuit
1029 3691 1087 3734 non
1111 3673 1231 3752 saepius
1259 3673 1288 3734 in
1313 3692 1391 3734 anno
1415 3693 1467 3736 re-

108 3768 226 3846 spicere
255 3765 294 3825 ad
321 3765 511 3843 planetarum
541 3761 780 3841 conjunctiones,
820 3779 942 3841 quorum
971 3781 1046 3824 unus
1078 3761 1136 3823 alio
1164 3762 1213 3824 vel
1241 3760 1391 3824 borealior
1419 3763 1468 3825 vel

108 3855 285 3928 australior,
320 3862 352 3914 et
374 3852 417 3913 sic
446 3853 584 3912 diversae
613 3851 651 3912 ab
675 3850 771 3912 altero
797 3850 965 3912 latitudiuis
989 3859 1087 3924 esset,
1118 3870 1173 3912 neo
1201 3851 1240 3913 ad
1264 3870 1393 3931 unguem
1415 3870 1470 3932 per

109 3946 239 4006 medium
270 3944 423 4023 signorum
453 3942 590 4002 serretur.
637 3939 679 4001 Et
707 3939 737 4000 in
766 3939 967 4019 descriptione
996 3940 1115 4020 quidem
1139 3940 1239 4021 quarti
1269 3960 1335 4004 cum
1363 3942 1470 4004 eadem
1545 4018 1550 4027 Ι

107 4035 171 4095 siut
193 4033 295 4106 verba,
320 4050 396 4112 quae
421 4050 511 4109 supra
534 4030 563 4090 iu
588 4028 789 4107 descriptione
813 4029 913 4091 tertii:
938 4029 1089 4103 „medium
1108 4030 1250 4093 circulum
1265 4031 1366 4113 quarti
1388 4029 1468 4094 obli·

108 4143 197 4202 quum
225 4141 293 4184 esse
324 4121 362 4182 ad
387 4120 515 4183 medium
540 4117 654 4193 tertii“,
680 4126 766 4179 tanto
790 4119 888 4181 minus
912 4129 960 4181 est
983 4138 1036 4181 cur
1060 4118 1242 4196 dubitemus,
1278 4121 1407 4183 alterum
1431 4139 1469 4182 ex

108 4214 155 4274 his
180 4211 330 4274 latitudini
354 4210 506 4288 planetae,
531 4209 658 4269 alterurn
687 4208 940 4287 retrogradationi
955 4209 1103 4287 deputari.
1149 4209 1256 4291 Itaque
1275 4228 1333 4271 uon
1357 4209 1468 4272 orthio

108 4291 536 4369 audiendus'Fracastoreus,
574 4297 622 4377 qui
651 4296 827 4358 latitudines
861 4298 1051 4376 planetamm
1079 4297 1118 4359 ab
1145 4298 1272 4361 Eudoxo
1300 4299 1466 4379 neglectas,

108 4391 253 4452 ambobus
286 4408 358 4450 vero
391 4388 437 4449 his
461 4385 581 4448 circulis
614 4405 702 4448 unam
732 4386 1023 4465 retrogradatiouem
1051 4394 1313 4467 repraesentatam
1346 4387 1466 4462 asserit

106 4480 265 4541 Eudoxum
290 4478 329 4539 ad
352 4497 407 4538 sua
431 4476 664 4537 Homocentrica
689 4476 786 4557 adque
811 4477 935 4538 sormam
960 4485 1093 4539 motuum
1124 4496 1143 4537 a
1165 4495 1199 4538 se
1223 4496 1297 4538 saue
1320 4495 1467 4558 perquam

106 4570 262 4648 ingeniose
295 4568 448 4629 inventam
477 4565 624 4626 violenter
653 4564 891 4628 accommodans.
947 4565 990 4627 Et
1017 4565 1136 4628 obtinet
1162 4565 1213 4629 ille
1245 4565 1365 4645 quidem
1392 4585 1465 4646 pro-

106 4657 247 4738 positum,
277 4658 311 4719 fit
333 4656 458 4736 planeta
479 4654 673 4734 retrogradus
702 4662 734 4715 et
757 4654 846 4715 velox
868 4663 900 4717 et
923 4655 1134 4729 stationarius,
1164 4654 1314 4735 positione
1342 4655 1466 4718 duomm

106 4749 222 4809 orbium
246 4746 371 4808 Terram
396 4745 424 4806 iu
449 4752 551 4806 centro
575 4744 759 4817 habentium,
794 4763 917 4825 quorum
941 4745 1067 4808 alterius
1090 4743 1152 4824 poli
1175 4745 1204 4805 iu
1229 4744 1370 4825 ecliptica
1393 4744 1466 4815 sint,

105 4846 208 4900 motus
230 4854 336 4899 versus
358 4835 445 4916 polos
469 4825 640 4913 eclipticas,
674 4832 801 4897 alterius
823 4852 896 4898 vero
918 4833 981 4914 poli
1003 4834 1043 4898 ab
1066 4834 1123 4896 hoc
1145 4833 1394 4898 cumnlemntur
1416 4832 1465 4898 di·
