3428 5542
739 292 858 359 espect.
1419 290 1478 359 ttt

122 457 319 520 tardissimum
352 457 521 527 Copernious
544 456 616 511 idem
640 462 771 527 praestat
801 473 852 527 per
875 457 1080 515 aberrationem
1105 454 1289 512 restitutionis
1319 456 1437 529 epicycli
1464 473 1484 513 a

123 537 300 593 restitutione
315 537 490 603 concentrici,
509 554 575 607 cum
593 537 631 591 sit
650 545 769 609 utraque
790 553 885 592 annua
898 539 965 592 tere.
1007 536 1189 592 verisimilius
1208 544 1301 593 autem
1316 545 1368 603 est,
1392 545 1482 593 motus

122 619 185 672 illos
208 620 305 673 tardos
325 636 363 673 ex
386 618 563 673 aberratione
577 634 640 679 esse
663 633 744 688 quam
767 635 803 671 ex
818 625 894 671 motu
914 617 1043 687 positivo.
1085 617 1254 673 Praesertim
1276 636 1337 673 cum
1358 617 1483 689 epinyclc

120 705 210 753 motus
233 713 341 754 annuus
364 704 473 753 tantum
494 703 624 768 respectu
646 697 792 752 ecccntrici
815 697 858 751 sui
881 696 958 762 insit,
983 715 1001 753 a
1022 716 1075 769 quo
1098 697 1262 771 circumactu
1284 698 1427 769 epinyclus
1450 717 1480 753 sa

120 778 226 833 evolvit
237 778 266 833 iu
280 780 397 851 plagam
408 778 585 840 contrariam,
608 784 639 831 at
652 784 782 847 respectu
795 778 913 833 fixarum
928 779 1028 850 quietis
1043 779 1135 848 potius
1150 778 1269 848 speciem
1290 796 1403 849 praese
1418 779 1482 843 fert,

120 859 188 930 quia
209 858 238 912 in
257 859 312 913 hac
326 859 485 913 evolutione
507 860 547 922 tt,
571 864 604 912 ut
616 860 730 911 eaedem
745 858 864 928 epicycli
887 865 982 928 partes
1000 859 1096 913 iisdem
1118 859 1236 913 lixarum
1257 859 1351 930 plagis
1374 850 1484 929 sempir

120 941 316 1003 obvertuntur,
344 938 396 993 uisi
417 939 581 1009 quantulum
603 938 700 992 turbat
723 939 873 992 aberratio.
923 939 986 1010 Ego
1010 957 1076 993 rere
1099 938 1126 993 in
1151 939 1358 995 Commentariis
1383 938 1482 995 Martis

121 1029 151 1073 et
171 1019 199 1073 in
212 1018 291 1088 Epit.
311 1023 390 1074 Astr.
411 1018 483 1073 libro
496 1019 543 1073 IV.
567 1034 679 1072 causam
700 1020 780 1072 trado
803 1018 947 1089 physicam
969 1027 1026 1075 tam
1049 1019 1264 1074 ecccntricitatis
1286 1036 1368 1090 quam
1392 1027 1483 1075 trans·

120 1099 266 1172 positionis
280 1114 479 1171 apogaenmm,
504 1114 576 1170 quae
589 1114 677 1153 causa
699 1099 785 1152 insita
797 1106 842 1154 est
861 1099 889 1153 iu
908 1100 984 1154 tibris
998 1099 1120 1169 corporis
1145 1101 1287 1171 planetae,
1312 1118 1363 1154 nec
1376 1099 1484 1173 indiget

121 1182 167 1234 sel
180 1180 369 1235 deferentibus
383 1179 428 1232 val
443 1178 585 1249 epioyclis.
627 1178 680 1233 Sed
704 1179 756 1232 huo
779 1181 936 1243 membrum,
961 1180 1052 1234 Solem
1076 1179 1164 1250 ipsum
1190 1176 1254 1249 (seu
1268 1176 1392 1247 Terram)
1417 1179 1482 1235 atti·

120 1278 198 1323 nens,
222 1259 353 1331 intellige
374 1259 466 1315 obiter
479 1260 580 1314 saltem
601 1259 783 1322 inculcatum
805 1267 837 1313 ut
851 1277 888 1313 ex
902 1277 935 1313 eo
954 1260 1014 1328 jam
1029 1263 1201 1324 ostendatur,
1226 1261 1289 1330 quid
1308 1279 1344 1315 ex
1361 1259 1484 1333 apogaai

120 1340 194 1395 Solis
214 1339 430 1410 transpositione
448 1341 584 1394 redundet
605 1339 633 1393 in
653 1340 785 1408 planetas
807 1346 923 1393 ceteros.

203 1415 235 1489 n)
256 1421 335 1474 Haec
349 1418 511 1473 dilucidiora
523 1421 592 1474 fiunt
605 1436 656 1489 per
670 1419 797 1473 intuitum
810 1421 859 1491 lig.
875 1419 913 1473 23
927 1428 957 1474 et
972 1421 1018 1475 24.
1060 1421 1113 1475 Est
1134 1420 1240 1490 quidem
1261 1421 1312 1474 boc
1327 1420 1483 1485 vaticinari,

121 1501 213 1555 dicere
228 1500 292 1571 quid
315 1507 380 1571 post
398 1501 487 1553 multa
507 1500 603 1553 secula
620 1499 659 1553 sit
676 1499 812 1562 futurum;
834 1517 894 1553 cum
916 1499 969 1554 iste
986 1501 1132 1570 scrupulus
1151 1502 1185 1553 de
1208 1500 1350 1570 praesenti
1366 1503 1484 1557 nondum

121 1587 226 1653 urgeat
239 1579 434 1636 astronomiam
448 1587 578 1634 veterem.
620 1579 673 1633 Sed
684 1579 723 1633 sic
737 1588 926 1650 comparatum
940 1588 985 1634 est
1003 1597 1062 1635 cum
1084 1581 1299 1635 transsumtioue
1319 1580 1484 1650 placitorum

122 1661 276 1717 Ptolemaei
291 1660 499 1730 particularium
514 1660 541 1714 in
556 1659 724 1730 hypothesin
740 1661 891 1731 Cepernici.
914 1668 1014 1715 utnon
1039 1660 1162 1732 pet-uerit
1181 1677 1255 1715 ame
1270 1661 1359 1715 emitti
1381 1661 1484 1716 mentia

122 1745 186 1797 ista.
228 1743 299 1797 Nam
321 1741 405 1795 etiam
419 1741 587 1810 Copemicus
608 1739 828 1795 ecccntricitates
851 1741 969 1813 quinque
992 1742 1168 1811 planetarum
1186 1741 1358 1812 computavit
1375 1743 1486 1797 reluta

122 1830 218 1878 centro
240 1821 314 1876 orbis
338 1820 445 1894 magni:
477 1820 556 1892 quasi
585 1821 653 1874 illud
678 1819 743 1885 (nen
770 1838 836 1875 vero
860 1821 949 1891 ipsum
972 1822 1043 1877 Solis
1074 1829 1197 1876 centrum
1221 1818 1424 1888 vicinisslmum)
1449 1822 1486 1876 sit

121 1904 246 1975 genuina
259 1902 335 1957 basis
348 1901 510 1973 systematis
531 1901 691 1971 planetarii.
735 1900 789 1955 Per
814 1902 865 1955 bos
879 1919 945 1957 vero
960 1903 998 1957 25
1014 1919 1110 1966 annos,
1135 1920 1240 1973 exque
1264 1903 1389 1957 libellum
1412 1904 1485 1957 hunc

122 1983 203 2048 edidi,
227 1983 267 2037 sic
280 1990 325 2037 est
339 1998 357 2037 a
371 1999 414 2036 ms
436 1982 588 2037 constituta
606 1981 783 2045 astronomia,
808 1989 841 2036 ut
860 1981 1081 2038 ecccntricitates
1097 2000 1189 2038 omnes
1202 1979 1407 2053 (primariorum
1421 1985 1484 2053 pla·

121 2062 263 2130 netarum)
287 2065 323 2117 ad
344 2061 509 2134 ipsissimum
528 2062 600 2117 Solis
624 2069 747 2116 centrum
771 2080 823 2117 ceu
846 2079 938 2118 reram
959 2064 1050 2118 muudi
1073 2063 1154 2118 basin
1177 2064 1343 2118 referantur.
1386 2064 1484 2134 ltaque

122 2162 236 2200 manere
257 2150 374 2214 pessunt
394 2141 616 2197 ecccntricitates
639 2143 816 2212 planetarum
831 2144 957 2208 omnium,
982 2160 1219 2215 quorsumcunque
1239 2161 1269 2197 se
1283 2142 1402 2213 recipiat
1416 2159 1483 2214 apo-

121 2242 225 2298 gaeum
248 2223 329 2279 Solis.
370 2222 440 2276 Vide
464 2222 491 2277 in
514 2222 690 2277 Martialibus
705 2222 913 2278 Commentariis
938 2231 1046 2294 partem
1070 2225 1185 2295 primam
1209 2226 1241 2277 de
1266 2222 1485 2294 aequipollentia

123 2304 330 2376 hypothesium,
354 2303 516 2373 praesertim
539 2303 633 2373 Caput
655 2303 702 2356 v1.

203 2382 232 2449 o)
253 2385 332 2438 Haec
356 2401 393 2437 ex
414 2382 598 2437 admonitione
621 2383 707 2453 ipsius
722 2384 864 2453 Copernici
888 2384 1059 2454 transcripta
1079 2391 1151 2437 sunt
1194 2384 1233 2437 Et
1253 2401 1348 2438 rerum
1365 2391 1417 2448 est,
1439 2384 1485 2455 qui

122 2472 247 2520 centrum
271 2462 344 2518 orbis
359 2463 431 2518 Solis
455 2463 598 2518 aTellure
614 2462 672 2529 (vel
684 2463 804 2517 Telluris
828 2458 938 2531 aSole)
962 2463 1072 2518 nimium
1097 2464 1224 2526 dimovet,
1248 2471 1280 2517 ut
1304 2463 1402 2518 iecisse
1422 2482 1485 2519 ccn·

123 2548 207 2600 tendo
220 2545 412 2599 Ptolemaeum
436 2551 466 2598 et
480 2544 678 2613 Hipparchum,
703 2544 726 2596 is
751 2543 772 2596 si
797 2545 972 2614 planetarum
987 2544 1208 2597 ecccntricitates
1227 2546 1262 2597 ed
1284 2545 1337 2597 hoc
1356 2550 1485 2614 punctum

122 2627 217 2689 refert,
242 2618 315 2679 alias'
338 2624 372 2677 iis
386 2625 562 2694 quantitates
585 2623 725 2696 largiatur
747 2642 860 2677 necesse
884 2631 937 2686 est,
962 2640 1043 2695 quam
1068 2624 1114 2694 qui
1135 2623 1216 2678 hodie
1236 2623 1308 2678 Solis
1327 2624 1485 2678 ecccntrici-

123 2714 213 2761 tatem
226 2706 400 2759 emendatam
414 2706 513 2759 habet.
556 2708 596 2758 Δι
609 2705 632 2758 sl
657 2704 878 2758 eccentricitates
899 2711 1092 2774 computentur
1110 2705 1147 2757 ab
1166 2704 1225 2774 ipso
1240 2711 1335 2758 centro
1348 2704 1430 2768 Solis,
1452 2698 1487 2758 ut

123 2804 177 2858 ego
192 2785 273 2849 facio,
298 2784 446 2839 tuncnihil
470 2784 535 2839 illas
560 2784 663 2839 attinet
686 2786 756 2838 haec
780 2784 896 2838 mutatio
917 2784 1131 2838 ecccntricitatis
1146 2784 1217 2839 Solis
1238 2802 1286 2837 scu
1302 2785 1413 2848 Terrae,
1437 2800 1485 2838 seu

122 2883 191 2921 vera
213 2864 324 2928 illusit,
347 2871 380 2919 ut
402 2864 517 2919 credidit
532 2864 706 2934 Cepernicus,
731 2881 788 2925 scu,
813 2872 845 2918 ut
867 2882 930 2936 ego,
956 2866 1030 2919 falsa
1052 2872 1081 2917 et
1104 2864 1284 2933 persuasione
1313 2865 1387 2919 nuda
1410 2864 1485 2919 nixa.

124 2946 231 3017 inspice
255 2945 407 3015 superbae
420 2962 450 2999 re
470 2946 517 3017 hg.
534 2944 572 2999 23
594 2953 623 2997 et
637 2944 684 2999 24.
700 2951 730 2998 et
744 2945 929 3001 narrationem
944 2945 1062 3007 Rhetici,
1087 2951 1117 2998 ut
1139 2954 1168 2999 et
1182 2944 1352 2999 Martialium
1366 2962 1487 3001 meorum

124 3033 212 3097 caput
230 3025 366 3079 ultimum.

202 3102 236 3176 p)
260 3104 455 3178 imaginationi
470 3104 533 3158 huic
557 3120 655 3159 ansam
679 3104 810 3173 praebuit
823 3106 1006 3175 Cupernicus:
1036 3123 1085 3158 seu
1113 3104 1217 3158 servire
1245 3104 1366 3159 voluerit
1380 3104 1482 3176 captui,

124 3188 182 3241 sive
205 3202 307 3241 revera
329 3193 359 3239 et
379 3185 439 3255 ipse
463 3184 588 3239 haeserit
610 3184 638 3239 in
657 3185 845 3254 perplexitate
867 3186 915 3249 rei,
941 3201 1012 3258 quae
1028 3186 1214 3240 schematibus
1238 3185 1331 3256 planis
1346 3185 1486 3241 sublevari

124 3266 229 3339 nequit,
252 3266 346 3320 solidis
369 3272 466 3335 posset
489 3265 604 3336 quidem,
629 3266 676 3318 sed
702 3265 753 3318 illa
776 3264 933 3319 difficillime
949 3272 1130 3336 apparantur.
1173 3266 1243 3319 Utut
1265 3284 1295 3320 ee
1310 3283 1354 3319 res
1373 3267 1486 3330 habeat,

124 3356 215 3402 motus
238 3346 292 3401 iste
312 3362 412 3400 revera
434 3352 524 3399 motus
548 3363 601 3400 non
625 3353 676 3408 est,
702 3346 778 3415 quies
803 3346 895 3415 potius
910 3347 1038 3399 dicenda:
1063 3364 1114 3400 nec
1136 3346 1234 3400 melius
1259 3347 1318 3400 ulla
1340 3364 1370 3400 re
1394 3354 1488 3417 potest

125 3426 334 3498 repraesentari
357 3442 441 3497 quarn
464 3424 603 3495 ipsissima
625 3441 677 3479 sua
699 3441 786 3479 causa
807 3426 939 3495 physica,
964 3442 1035 3497 quae
1051 3445 1088 3481 cx
1102 3426 1280 3480 Martialibus
1302 3433 1330 3480 et
1344 3426 1487 3497 Epitomes

124 3514 201 3562 Astr.
224 3508 273 3561 lib.
300 3508 322 3561 1.
343 3508 378 3562 11.
400 3507 448 3561 111.
470 3513 500 3559 et
514 3507 560 3560 Vl.
576 3512 620 3559 est
638 3505 703 3560 ista.
745 3507 848 3560 Terrae
872 3507 973 3577 globus
997 3509 1058 3560 dum
1083 3524 1174 3561 annuo
1198 3513 1273 3561 motu
1298 3506 1488 3561 circumfertur

124 3590 200 3643 circa
212 3587 313 3651 Solem,
340 3593 420 3642 tenet
442 3586 551 3640 interim
574 3603 657 3641 axem
680 3586 880 3640 convoluticnis
903 3603 972 3641 suae
993 3586 1045 3640 sibi
1070 3586 1123 3656 ipsi
1142 3603 1250 3656 semper
1273 3587 1437 3654 paralellum
1460 3586 1487 3639 in

125 3668 241 3724 diversis
256 3668 364 3730 sitibus,
386 3673 502 3739 propter
515 3667 645 3721 fibrarum
660 3667 817 3720 naturalem
831 3674 860 3720 et
874 3666 1061 3738 magneticam
1075 3665 1280 3720 inclinationem
1295 3668 1329 3718 ad
1344 3666 1486 3736 quiescam

125 3753 200 3806 dum:
226 3749 272 3803 rel
292 3747 377 3803 etiam
401 3753 517 3817 propter
540 3746 750 3801 continuitatem
764 3747 877 3801 diurnae
892 3746 1093 3801 consolationis
1113 3745 1186 3799 circa
1209 3746 1281 3798 hune
1301 3762 1391 3809 exem,
1417 3762 1487 3816 quac

111 3830 203 3884 lillum
226 3835 306 3883 tenet
328 3834 458 3892 erectum,
482 3833 514 3881 ut
537 3828 569 3881 bt
592 3827 619 3881 in
643 3826 752 3885 turbine
776 3827 890 3882 incitato
905 3835 935 3881 et
948 3826 1151 3889 discursitantes,
1195 3826 1287 3887 Quare
1311 3826 1384 3881 sicut
1397 3833 1487 3881 mutus

126 3911 179 3964 iste
193 3925 294 3963 revera
316 3926 370 3962 non
385 3914 437 3969 est,
462 3908 509 3960 sed
524 3907 601 3978 quies
624 3907 727 3978 potius,
751 3908 789 3961 sic
810 3908 892 3962 etiam
914 3907 1036 3962 orbiculo
1056 3905 1240 3960 commentitio
1264 3906 1332 3961 nihil
1346 3915 1391 3961 est
1404 3924 1487 3979 opus:

125 3996 155 4043 et
172 3989 239 4059 jure
263 3988 308 4043 hic
330 4006 373 4043 me
397 3988 528 4058 antiquae
551 3994 581 4041 et
603 4002 736 4041 erroneae
759 3988 945 4058 persuasionis
969 3990 1002 4041 de
1026 3987 1168 4041 soliditate
1196 3986 1301 4040 orbium
1324 4004 1400 4043 reum
1428 3986 1490 4060 egit

126 4071 223 4142 Tycha
237 4069 373 4133 Brabeus,
398 4068 444 4139 qui
468 4068 541 4121 lecto
564 4068 660 4122 libello
682 4067 779 4122 literas
802 4070 855 4123 hac
876 4071 910 4122 de
933 4084 1019 4122 causa
1043 4071 1077 4123 ad
1096 4084 1139 4122 me
1161 4066 1244 4121 dedit.
1289 4069 1439 4140 (Tychonis
1453 4071 1487 4124 de

125 4151 178 4204 hac
198 4167 229 4205 re
250 4150 350 4204 literae
370 4149 504 4221 legrmtur
528 4149 555 4203 in
578 4148 717 4218 prooemio
741 4166 808 4220 pag.
831 4146 892 4213 44.)

207 4225 239 4301 q)
262 4229 355 4284 Omnis
383 4229 510 4283 doctrina
527 4227 728 4298 praecessionis
752 4229 986 4300 aequinoctiorum
1009 4228 1243 4298 contemplatione
1271 4226 1334 4282 axis
1357 4230 1387 4277 et
1409 4224 1486 4293 polo·

127 4328 185 4365 rum
200 4310 321 4365 Telluris
345 4309 514 4372 absolvitur3
546 4318 578 4363 ut
600 4327 651 4363 nec
673 4326 747 4363 nona
770 4309 899 4378 sphaera,
928 4328 979 4363 uec
1003 4309 1126 4363 orbiculo
1147 4308 1196 4363 illo
1219 4308 1292 4362 circa
1315 4307 1427 4359 Terram
1450 4303 1486 4356 sit

126 4408 205 4462 opus.
248 4390 319 4445 Vide
342 4391 492 4445 Comment.
516 4390 614 4444 Martis
638 4396 746 4459 partem
768 4391 801 4443 V.
824 4397 854 4445 et
874 4390 949 4459 Epit.
974 4395 1051 4445 Astr.
1075 4390 1123 4444 lib.
1148 4390 1182 4445 II.
1207 4390 1255 4443 111.
1281 4395 1311 4441 et
1332 4382 1391 4437 Vll.

205 4467 234 4542 r)
255 4471 411 4525 Secundum
430 4477 532 4525 motum
557 4470 585 4525 in
608 4487 711 4525 ureraru
725 4472 788 4524 axis
803 4471 922 4540 quietem
946 4471 1110 4542 redegimus,
1136 4468 1235 4524 tertius
1257 4468 1315 4540 jam
1338 4466 1372 4518 ad
1390 4480 1485 4519 secuu-

125 4555 189 4607 dum
211 4558 257 4606 est
269 4552 441 4605 reducendus
464 4558 494 4605 et
517 4568 577 4605 cum
599 4569 631 4604 co
647 4550 673 4604 in
688 4567 771 4605 unum
786 4553 952 4605 conflandos.
994 4551 1023 4605 Si
1047 4550 1117 4605 enim
1140 4565 1285 4604 causarum
1309 4546 1485 4616 physicarum

126 4631 284 4688 obviatione
308 4631 370 4686 axis
385 4631 504 4686 Telluris
528 4639 593 4701 post
613 4647 695 4685 unam
710 4631 908 4686 revolutionem
933 4647 1052 4685 arrnuam
1073 4630 1211 4686 invenitur
1224 4624 1377 4683 insensibili
1392 4624 1486 4695 aliquo

127 4718 278 4769 retrorsum
300 4711 448 4767 inclinatus
473 4728 491 4765 a
505 4711 560 4765 situ
581 4711 706 4781 pristino,
732 4717 761 4763 et
783 4710 806 4763 si
822 4717 916 4766 tuctur
940 4711 1113 4765 nihilominus
1134 4715 1307 4765 constantem
1332 4704 1485 4760 inclinatio-

127 4810 188 4848 nem
203 4795 237 4848 ad
252 4792 347 4847 latera
359 4792 460 4855 mundi,
480 4784 628 4862 'sempclos
643 4791 704 4845 riae
720 4790 825 4861 regiae,
852 4791 874 4845 si
898 4791 981 4845 tertio
1005 4792 1089 4846 ctiam
1108 4790 1247 4861 ecliptica,
1270 4787 1372 4859 quippe
1393 4785 1485 4839 orbita

126 4872 260 4938 Telluris,
291 4880 324 4928 ut
345 4871 512 4947 reliquorum
536 4872 712 4945 planetarum
736 4871 860 4936 orbitae,
893 4871 1054 4927 latitudines
1083 4888 1149 4927 suas
1172 4870 1262 4926 habet
1285 4885 1303 4923 a
1325 4866 1373 4921 via
1394 4863 1484 4939 regia,
