3428 5542
692 306 775 372 cepa
791 307 861 359 m
1397 309 1457 378 161

99 490 153 543 quo
174 475 355 525 conservatur
379 466 486 538 species
515 465 589 520 lloris
619 470 649 520 ct
668 483 797 521 numerus
828 467 962 524 loliorum.
1004 469 1048 524 De
1069 471 1121 525 boo
1143 471 1203 526 ride
1229 473 1355 544 epilogos
1375 474 1458 528 libro·

14 594 33 621 ,
97 569 157 606 mm
176 551 224 605 IV.
245 557 276 604 et
295 550 328 603 V.
351 545 530 602 Harmonices
551 551 672 600 nostrae.

180 625 209 699 i)
230 631 275 684 Ita
295 632 458 696 conceptum
478 631 523 679 est
542 624 595 679 hoo
616 631 821 698 argumentum,
841 634 875 681 ut
895 627 989 682 audire
1011 628 1093 683 eelim
1113 629 1256 701 physicos,
1278 629 1342 700 quid
1363 637 1461 686 contra

98 712 190 765 dicere
210 708 330 780 possint.
372 705 444 759 Nam
465 705 502 759 ab
528 704 571 758 hir
597 704 634 759 25
656 705 736 759 annis
767 723 845 760 nemo
873 709 943 778 qnod
968 708 1052 763 sciam
1079 708 1187 774 extitit,
1219 708 1265 780 qui
1288 709 1356 764 illud
1377 728 1461 767 excu-

98 795 182 846 teret.
224 792 263 841 Aa
281 801 325 840 me
355 785 458 839 candor
481 784 557 838 solus
579 789 685 848 moret,
716 790 748 839 ut
777 785 837 856 ipse
858 787 1006 842 excutiam.
1048 787 1132 843 Vides
1154 788 1241 861 igitur
1263 788 1366 854 leotor,
1397 791 1462 861 quid

98 868 246 924 voluerim:
277 870 401 919 centrum
422 863 511 918 solum
531 881 594 917 esse
616 866 686 935 quod
706 864 794 935 primo
815 864 888 920 cirea
908 865 1000 921 Solem
1021 873 1126 938 agatur
1155 868 1316 940 ingyrum:
1347 869 1373 922 id
1395 887 1461 924 rero

98 951 143 1003 rel
163 947 224 1001 solo
244 950 313 1001 nutu
333 944 393 999 deri
412 960 504 1014 posse,
527 960 587 998 cum
608 960 696 1016 grave
718 961 772 998 non
793 944 845 1007 sit,
866 951 899 999 ut
919 945 998 1015 cujus
1020 963 1085 1017 pars
1106 948 1202 1002 nnlla'
1235 948 1316 1002 Hanc
1337 949 1461 1020 proposi·

97 1029 201 1082 tionem
221 1042 275 1080 non
296 1030 391 1096 potest
410 1022 477 1079 milri
498 1023 605 1092 eripere
627 1023 779 1094 physicae,
802 1024 847 1094 qni
869 1025 1024 1090 contendit,
1047 1029 1118 1097 qnod
1139 1027 1184 1081 hic
1204 1028 1341 1098 sequitur.
1371 1030 1463 1083 omnia

98 1114 222 1162 centrum
236 1103 322 1176 sequi
362 1104 401 1158 Et
423 1102 622 1174 quiarulgata
635 1103 760 1158 doctrina
789 1104 908 1174 physica
930 1112 1009 1160 tenet
1031 1107 1083 1160 boo
1103 1109 1137 1161 de
1157 1113 1252 1161 centro
1265 1107 1366 1171 mundi.
1391 1109 1463 1179 quod

98 1187 192 1243 omnia
213 1184 315 1257 gravia
337 1183 365 1238 id
388 1191 512 1237 centrum
532 1189 680 1253 quaerant,
705 1182 766 1236 ideo
787 1184 943 1239 existimari
964 1202 1019 1256 ego
1042 1202 1124 1256 posse
1142 1186 1244 1258 gravia
1263 1189 1359 1242 eadem
1376 1202 1465 1258 opera

97 1274 222 1322 centrum
232 1264 278 1319 sui
292 1262 414 1334 corporis
437 1278 580 1333 quaerere.
621 1263 723 1317 Verum
746 1262 775 1316 in
788 1263 931 1332 Epitomes
944 1265 1138 1320 Astronomiae
1152 1266 1201 1321 lib.
1221 1268 1246 1320 l.
1268 1267 1462 1332 demonstravi,

97 1348 200 1402 falsum
222 1361 284 1399 esse
307 1343 360 1397 hoc
381 1342 559 1413 physicorum
573 1341 698 1405 axioma,
724 1345 795 1412 quod
817 1343 918 1415 gravia
938 1351 1076 1414 quaerant
1100 1347 1187 1400 ullum
1202 1353 1324 1401 centrum
1347 1354 1381 1401 ut
1394 1346 1462 1411 tale,
1518 1394 1522 1402 ,
1601 1328 1607 1335 ¹

98 1424 275 1482 falsissimum
289 1424 360 1494 quod
374 1428 497 1476 centrum
512 1421 599 1476 totius
613 1421 718 1494 mundi3
733 1439 836 1485 rerum,
858 1425 906 1476 sed
920 1440 972 1493 per
986 1425 1120 1489 accidens,
1140 1427 1211 1495 qnod
1231 1432 1355 1480 centrum
1369 1426 1462 1481 ‘lellu-

99 1507 137 1563 rir
151 1508 297 1575 appetant,
321 1518 471 1573 nonquam
487 1501 513 1554 id
528 1507 658 1571 punctum
673 1507 725 1563 est,
750 1504 798 1555 sed
813 1502 878 1572 quia
892 1520 990 1574 eorpus
1006 1505 1125 1558 Telluris
1139 1511 1289 1575 appetunt;
1316 1507 1461 1576 quodcum

99 1586 138 1641 sit
150 1585 304 1646 rotundum,
329 1599 365 1636 ex
380 1599 413 1635 eo
428 1580 495 1644 lieri,
519 1588 553 1635 ut
566 1580 733 1651 appetentia
747 1581 802 1637 ista
816 1582 924 1636 seratur
937 1599 1033 1637 rersns
1048 1585 1172 1648 medium.
1194 1592 1224 1638 et
1237 1584 1276 1638 sio
1289 1601 1386 1639 versus
1401 1602 1463 1640 cen·

98 1673 185 1727 trnm;
208 1664 278 1717 adeo
302 1661 417 1731 quidem,
441 1666 473 1715 ut
496 1660 519 1713 si
533 1660 621 1714 'l'erra
644 1662 763 1732 liguram
788 1662 907 1716 baberet
927 1662 1069 1718 distortam
1093 1663 1271 1726 sensibiliter,
1295 1664 1396 1736 gravia
1409 1682 1465 1719 non

97 1759 195 1798 versus
217 1756 300 1796 unum
323 1741 442 1811 undique
464 1746 596 1809 punctum
619 1747 733 1796 terrama
756 1741 867 1796 luerint.
918 1742 979 1796 Hoc
1005 1741 1093 1813 igitur
1115 1744 1291 1798 fundamento
1318 1751 1464 1798 corruente

99 1829 241 1878 stmctura
254 1820 339 1875 etiam
354 1820 490 1874 evertitur
502 1819 566 1873 huic
580 1820 674 1874 nimia.
717 1820 830 1876 Scilicet
843 1838 959 1891 corpora
982 1823 1158 1891 planetarum
1172 1824 1199 1877 in
1213 1829 1288 1878 motu
1309 1839 1359 1877 eeu
1373 1831 1464 1878 trans·

99 1904 205 1959 latione
228 1901 271 1955 sui
291 1899 366 1954 oirca
378 1899 470 1954 Solem
491 1916 546 1953 non
567 1907 632 1954 sunt
655 1900 855 1954 consideranda
878 1909 910 1955 nt
923 1909 1029 1971 puncta
1041 1903 1246 1965 mathematica,
1269 1905 1316 1957 sed
1335 1903 1419 1973 plane
1433 1909 1467 1957 ut

100 1998 219 2053 corpora
236 1980 395 2042 materiata,
420 1986 523 2033 etcum
538 1981 655 2050 quodam
669 1981 749 2051 qnasi
769 1983 890 2051 pondere
905 1977 952 2050 (ut
973 1981 1002 2035 in
1023 1982 1095 2036 libro
1114 1985 1147 2036 de
1162 1983 1247 2037 stella
1260 2000 1334 2036 nora
1356 1978 1464 2052 scripsi)

98 2065 152 2118 hoc
173 2067 224 2124 est,
248 2060 430 2130 inquantum
450 2066 516 2112 sunt
536 2059 669 2128 praedita
691 2060 827 2116 facultate
850 2061 986 2116 renitendi
1009 2063 1094 2116 motui
1114 2063 1287 2118 extrinsecus
1310 2062 1390 2116 illato
1414 2078 1465 2132 pro

98 2143 170 2200 mole
193 2139 314 2210 corporis
337 2146 368 2194 et
390 2138 529 2193 densitate
554 2139 697 2194 materiae.
739 2141 810 2195 Nam
826 2140 891 2211 quia
914 2142 999 2196 omnis
1014 2143 1134 2198 materia
1158 2145 1192 2197 ad
1215 2142 1335 2212 quietem
1348 2141 1466 2196 inclinat

98 2223 128 2276 in
141 2222 202 2276 loco
216 2219 265 2274 illo
280 2219 307 2273 in
323 2236 376 2289 quo
391 2225 436 2272 est
449 2217 514 2284 (nisi
529 2236 628 2289 corpus
642 2219 759 2274 ricinum
774 2220 802 2273 ri
815 2220 976 2292 magnetica
989 2221 1067 2276 illam
1082 2224 1117 2276 ad
1132 2240 1161 2276 ee
1172 2218 1301 2286 alliciat),
1317 2222 1380 2276 hino
1395 2223 1464 2275 adeo

99 2302 139 2366 dt,
154 2307 186 2354 ut
200 2299 288 2354 virtus
303 2299 375 2354 Solis
388 2297 507 2377 motoria
527 2304 637 2370 pugnet
651 2315 711 2353 oum
733 2301 787 2354 hac
801 2299 902 2355 inertia
921 2300 1065 2365 materiae,
1090 2301 1161 2355 sicut
1182 2302 1210 2356 in
1232 2301 1313 2355 lance
1336 2298 1466 2373 pugnant

100 2384 153 2435 duo
175 2381 308 2450 pondera,
329 2395 421 2450 exque
445 2384 625 2449 utrarumque
639 2378 737 2434 ririnm
760 2378 938 2450 proportione
962 2381 1073 2434 tandem
1095 2387 1243 2435 enascatur
1266 2381 1395 2435 celeritas
1419 2379 1465 2434 rel

100 2460 220 2516 tarditas
244 2459 386 2529 planetae.
427 2457 498 2512 Vide
521 2456 748 2513 introductionem
771 2459 799 2513 in
823 2459 972 2513 Commeat.
998 2460 1106 2525 Martis,
1128 2467 1158 2514 et
1181 2461 1243 2530 ipsa
1264 2459 1466 2514 Commentario
1543 2494 1545 2498 ι

100 2541 219 2612 passim;
243 2538 392 2609 praecipue
412 2555 478 2592 rero
501 2537 601 2593 librum
624 2539 835 2609 1v.apisomes
859 2539 1061 2595 astronomiae.

181 2619 278 2689 Neque
301 2624 393 2673 tamen
417 2635 455 2672 ex
478 2634 511 2672 eo
534 2617 673 2689 sequitur,
702 2621 773 2689 quod
797 2618 841 2672 hio
865 2636 917 2689 per
940 2619 1040 2673 falsam
1063 2618 1301 2673 ratiocinationem
1324 2617 1466 2672 amolitum

101 2701 185 2764 ibam,
207 2697 304 2753 dubios
329 2706 359 2752 et
381 2697 536 2752 titubantes
560 2697 672 2752 motoris
686 2715 800 2770 gressus
815 2699 895 2762 effici,
917 2699 940 2752 si
955 2700 1068 2753 laborat
1087 2700 1115 2754 in
1134 2701 1264 2770 pondere,
1285 2698 1423 2768 vincitque
1438 2697 1466 2752 in

102 2784 225 2851 pogna.'
249 2778 320 2833 Nam
335 2784 415 2832 certa
429 2785 460 2832 et
473 2783 604 2832 constans
619 2785 664 2831 est
685 2778 827 2849 proportio
840 2778 938 2833 virium
961 2779 1033 2833 inter
1047 2797 1077 2833 se
1097 2788 1283 2848 utrarumque,
1307 2785 1338 2831 et
1350 2777 1467 2831 victoria
1544 2792 1548 2801 ·

103 2858 252 2930 partibilis,
273 2875 324 2929 pro
338 2857 435 2913 virium
451 2858 575 2919 modulo;
598 2865 732 2928 utreque
747 2858 863 2928 planeta
876 2860 904 2912 in
919 2860 1013 2912 eodem
1027 2859 1146 2914 haereat
1159 2859 1228 2922 looo,
1243 2875 1332 2928 neque
1349 2856 1465 2911 rotatio·

102 2940 144 2993 nis
159 2938 265 2994 Solaris
279 2938 450 2992 celeritatem
465 2943 642 3008 assequatur.
675 2942 813 3009 (compara
831 2960 887 2996 cnm
905 2944 943 2996 his
962 2959 1026 3010 quae
1046 2945 1195 3011 Copornions
1215 2945 1246 2995 de
1264 2946 1388 3011 gravitate
1406 2943 1467 2994 dixit

102 3019 127 3067 in
148 3016 251 3076 „Berol
271 3015 431 3072 coeloru'nm“
450 3015 494 3066 llb.
513 3014 540 3072 1,
559 3029 615 3078 cap.
636 3012 675 3075 a.)

181 3086 217 3162 g)
239 3087 395 3143 Manifestis
410 3088 608 3158 experimentis
626 3088 680 3140 hoc
698 3088 799 3142 salsum
813 3090 1034 3158 deprehenditur.
1076 3089 1202 3143 Pondere
1220 3088 1333 3144 seorsim
1353 3087 1464 3152 ferrum,

104 3170 217 3225 seorsim
232 3175 262 3222 et
275 3175 445 3240 magnetem
467 3168 569 3239 collige
583 3170 708 3237 pondera
722 3168 749 3222 in
762 3184 845 3222 unam
860 3185 999 3225 summam.
1042 3169 1232 3239 Suspendatur
1251 3169 1347 3223 deinde
1363 3167 1464 3222 ferrum

104 3254 269 3321 amagnete
282 3248 317 3301 ri·
333 3247 384 3301 illa
407 3247 552 3310 invisibilir
575 3263 691 3319 magnes
714 3264 779 3301 vero
803 3254 931 3303 nectatur
954 3250 1074 3304 alance
1097 3255 1148 3302 aut
1165 3248 1312 3318 injiciatur,
1337 3248 1402 3318 quia
1423 3247 1465 3301 ris

104 3336 232 3400 permeat
245 3328 360 3392 lanoe'm,
386 3327 410 3381 si
424 3344 478 3381 non
492 3329 531 3382 sit
544 3327 649 3382 ferrea:
672 3327 786 3389 ridebis,
807 3337 974 3398 magnetem,
998 3332 1061 3383 dum
1075 3335 1140 3383 actu
1153 3336 1232 3383 tenet
1245 3334 1396 3384 attractum
1411 3327 1466 3382 ier·
1558 3376 1560 3380 .

104 3427 173 3474 rum,
198 3424 287 3479 aeque
309 3410 526 3478 ponderatorum
551 3408 684 3478 utrisque,
706 3407 783 3477 prius
807 3408 843 3460 ab
867 3407 980 3462 invicem
1005 3409 1153 3479 separatis.

185 3487 217 3557 b)
254 3489 316 3543 Non
346 3487 489 3559 equidem,
524 3490 595 3558 quod
628 3487 746 3541 influxus
776 3486 910 3542 coelestes
942 3488 1087 3560 indigeant
1119 3488 1214 3558 aliqua
1244 3487 1379 3550 materia,
1413 3502 1468 3556 qua

106 3572 141 3624 ad
163 3585 214 3623 nos
239 3569 429 3631 devehantur;
453 3568 554 3622 falsum
582 3567 652 3620 enim
676 3573 721 3620 est
743 3566 813 3621 illud
835 3567 1012 3631 Aristotelis,
1037 3573 1103 3623 aere
1127 3584 1195 3637 opus
1218 3583 1280 3620 esee
1303 3568 1338 3620 ad
1363 3566 1468 3619 sensio·

105 3666 167 3704 nem
191 3648 313 3719 corporis
333 3647 439 3703 Solaria
462 3647 704 3717 transportandam
728 3663 815 3716 usque
839 3649 873 3706 ad
898 3648 1015 3711 oculum,
1039 3655 1072 3702 ut
1094 3648 1122 3701 in
1138 3647 1243 3716 Opticis
1266 3645 1467 3699 demonstrari:

107 3729 172 3799 quin
192 3728 299 3799 potius,
330 3744 383 3799 quo
412 3726 501 3782 minus
523 3726 641 3796 occurrit
670 3725 804 3780 materiae
832 3725 860 3779 in
881 3727 979 3781 itinere
1000 3728 1102 3790 medio,
1132 3727 1185 3780 hoo
1215 3725 1301 3781 minus
1322 3724 1469 3793 impeditur

106 3810 157 3864 lux
177 3809 206 3863 in
226 3807 392 3878 trajectione
412 3823 473 3861 sua.
514 3807 575 3861 Hoc
595 3805 683 3877 igitur
708 3805 761 3860 sibi
781 3807 879 3860 volunt
903 3806 958 3860 ista
983 3808 1085 3862 rerba:
1117 3805 1188 3859 sicut
1208 3820 1324 3874 corpora
1344 3821 1399 3857 non
1420 3803 1468 3857 im·

106 3887 230 3960 pediant,
252 3905 305 3959 quo
326 3887 414 3941 minue
435 3887 555 3941 influxus
577 3886 713 3940 coelestes
735 3885 762 3939 in
784 3886 881 3941 intima
900 3894 1056 3956 penetrent,
1079 3887 1118 3940 sio
1132 3884 1216 3939 etiam
1235 3883 1365 3938 motorias
1380 3882 1468 3938 iacul-

108 3975 184 4024 tates
205 3985 260 4022 non
280 3966 405 4039 indigere
427 3966 587 4037 corporibus
609 3966 747 4037 aliquibus
768 3966 943 4031 intermediis,
967 3967 1064 4038 quibus
1085 3965 1172 4019 veluti
1194 3964 1299 4019 catenis
1321 3971 1371 4017 aut
1384 3963 1469 4017 recti-

109 4050 161 4104 bus
182 4048 318 4102 movenda
336 4046 514 4118 planetarum
536 4061 653 4115 corpora
672 4047 855 4116 prehendant.
895 4047 1004 4101 Ludere
1025 4046 1133 4116 placuit
1153 4045 1180 4099 in
1203 4062 1270 4098 voce
1292 4044 1365 4098 aeris
1385 4043 1470 4114 paulo

109 4128 251 4184 audacius.
295 4126 365 4189 Quid
387 4126 460 4180 orbis
482 4127 527 4180 rel
550 4125 677 4179 coelum?
718 4126 788 4189 Quid
809 4125 861 4180 nisi
884 4131 952 4181 aer?
993 4128 1031 4180 Et
1053 4127 1116 4197 quid
1139 4130 1206 4179 adr?
1242 4124 1311 4187 Quid
1333 4123 1386 4178 nisi
1407 4140 1469 4194 spe·
1546 4141 1550 4145 ’

109 4208 164 4262 cies
194 4207 382 4263 immateriata
408 4205 546 4276 corporis,
579 4207 649 4276 quod
675 4213 779 4259 motum
809 4206 931 4276 planetis
953 4207 1052 4271 insert,
1083 4206 1111 4259 in
1137 4200 1287 4276 gyratione
1312 4203 1470 4258 versantis?
1583 4234 1585 4239 s

55 4342 59 4347 .
109 4288 195 4360 Atqui
215 4287 339 4359 seposito
363 4286 427 4340 lusu
451 4287 632 4340 concedamus
660 4291 752 4340 aerem
777 4292 900 4340 nostrum
921 4303 983 4340 esse
1004 4303 1103 4356 eorpus
1124 4284 1313 4348 materiatum,
1344 4297 1469 4352 permea·
1551 4341 1561 4360 .

110 4369 167 4423 bile
188 4384 207 4423 a
225 4366 410 4423 facultatibus
431 4365 609 4437 magnetiois,
640 4364 775 4428 notoriis,
807 4367 1007 4430 calefactoria,
1039 4365 1242 4419 illuminatoriis
1271 4371 1301 4416 et
1321 4362 1470 4416 similibus:

109 4457 142 4503 ut
161 4448 200 4503 sit
218 4463 309 4519 rapor
338 4463 394 4501 non
423 4451 484 4501 toto
512 4462 618 4518 genere
638 4446 775 4500 diversum
805 4447 841 4499 ab
863 4452 955 4510 abre,⁴
974 4449 1021 4501 sed
1043 4447 1144 4500 saltem
1173 4445 1315 4516 gradubus
1337 4440 1472 4496 crassitiei

111 4527 254 4583 distinctus
276 4543 295 4583 a
315 4526 484 4583 enormioris
507 4526 580 4581 odric
602 4526 715 4596 campis.
