3428 5542
693 337 850 406 naas..
868 338 1020 392 aem...
1173 356 1177 365 ¹
1466 316 1532 409 rav

176 495 241 558 sint
274 512 312 557 an
346 493 484 560 humiles.
534 494 603 560 Alti
635 497 756 578 placent
788 497 965 579 astrologis,
1003 499 1131 562 humiles
1162 499 1307 584 physicis.
1354 499 1533 566 Statuamus

175 584 456 666 compensationem
479 584 528 647 hic
552 604 630 655 esse,
655 592 689 648 ut
712 604 770 666 quo
794 586 908 666 majore
932 597 1092 650 cernantur
1115 589 1224 669 angulo
1249 589 1390 665 (humiles
1411 596 1533 672 nempe)

176 673 234 736 hoc
257 673 327 752 plus
349 673 523 750 calfaciunt,
546 681 670 754 propter
687 674 765 737 hauc
789 676 909 757 quidem
932 675 1088 739 visionem.
1136 678 1244 740 Virtus
1268 697 1340 742 vero
1363 697 1402 742 ex
1424 681 1532 744 altitu-

177 761 248 824 dine
273 771 364 825 aucta
387 781 509 824 causam
532 763 625 825 habet
648 763 749 824 aliam.

702 852 835 915 Thasie
858 852 1010 916 XXXIII.

267 937 400 1000 Ratione
431 939 584 1021 utriusque
612 939 732 1003 virtutis
763 942 952 1005 calfacientia
982 949 1014 1004 et
1040 941 1242 1004 humectantis
1275 938 1534 1013 considerandum,

178 1036 245 1109 qno'
262 1027 292 1089 in
315 1026 403 1107 signo
428 1035 588 1091 versentur
611 1031 764 1109 planetae.
809 1030 889 1093 Nam
912 1039 945 1093 et
966 1031 1107 1111 planetae
1131 1037 1163 1091 et
1176 1032 1263 1093 Luna
1286 1032 1315 1093 in
1339 1045 1446 1090 cancro
1465 1027 1535 1108 plu-

179 1115 287 1179 rimam
311 1124 484 1195 operantur,
509 1118 579 1198 quia
603 1119 771 1180 diutissime
794 1129 866 1180 sunt
888 1138 979 1200 supra
1002 1120 1135 1192 Terram,
1161 1127 1194 1180 et
1215 1128 1338 1200 propter
1362 1116 1439 1177 alias
1462 1134 1536 1178 oau-

181 1225 235 1269 saa
257 1204 345 1267 initio
369 1213 631 1281 commemoratas,
655 1225 723 1269 cum
747 1207 783 1269 de
807 1206 879 1269 Sole
903 1226 1071 1289 ageremus.
1117 1209 1165 1269 lta
1188 1209 1294 1280 etiam,
1318 1226 1384 1270 cum
1408 1225 1427 1265 a
1449 1210 1537 1285 parte

179 1302 253 1358 suut
280 1292 511 1374 septentrionis,
546 1295 612 1374 plus
640 1295 753 1357 liabent
782 1296 915 1358 virtutis.
962 1297 1040 1358 Hinc
1067 1296 1233 1375 plenilunia
1260 1295 1409 1359 brumalia
1437 1292 1535 1355 humi-

179 1382 267 1446 diora
289 1390 361 1444 sunt
384 1383 519 1448 aestivis.
567 1385 600 1445 ln
625 1385 709 1446 zonis
732 1386 835 1466 itaque
854 1385 1142 1465 septentrionalibus
1166 1387 1247 1447 circa
1260 1386 1338 1448 hunc
1358 1390 1390 1447 et
1404 1401 1535 1464 sequen-

178 1480 228 1535 tes
257 1471 383 1551 aliqaot,
403 1490 498 1534 annos
522 1471 647 1534 Saturni
675 1481 708 1535 et
729 1472 830 1549 Jovis,
856 1475 925 1553 quin
955 1481 987 1535 et
1009 1474 1120 1535 Martis
1149 1473 1178 1535 in
1208 1475 1264 1535 fine
1288 1474 1376 1544 anni,
1405 1471 1535 1533 virtutes

175 1559 243 1640 jam
265 1560 437 1640 explicatae
459 1561 626 1624 imbecilles
651 1569 751 1624 erunt:
781 1563 851 1642 quia
874 1563 1074 1625 versabuntur
1101 1562 1131 1623 in
1156 1563 1251 1642 signis
1275 1561 1446 1626 humilibus.
1492 1559 1537 1621 At

180 1647 211 1710 iu
234 1648 317 1710 zonis
341 1648 524 1711 australibus
543 1657 628 1726 tanto
653 1659 740 1715 erunt
764 1652 913 1713 fortiores.

704 1740 836 1802 Thesis
859 1738 1009 1802 XXXIV.
1517 1788 1522 1795 .

270 1826 304 1888 In
328 1832 412 1888 motu
440 1842 506 1887 cum
535 1826 691 1890 videamus
723 1829 929 1891 tardissimum
954 1846 1102 1910 quemque
1132 1823 1292 1908 plurimum
1326 1843 1435 1906 posse:
1469 1824 1537 1885 hinc

179 1933 290 1978 causas
314 1912 505 1988 deducemus,
530 1934 582 1977 cur
604 1917 776 1979 stationarii
794 1925 857 1980 tam
881 1919 944 1980 sint
957 1919 1077 1996 operosi
1100 1922 1132 1978 et
1154 1917 1184 1979 in
1205 1915 1350 1996 apogaeie
1365 1921 1535 1976 versantes.

179 2003 242 2068 Ubi
265 2003 409 2065 Mercurii
441 2002 534 2065 statio
563 2004 692 2066 omnium
715 2008 845 2069 maxime
870 2015 918 2068 est
941 2007 1064 2069 efficax:
1098 2006 1125 2067 is
1149 2004 1242 2080 enim,
1274 2012 1307 2066 ut
1323 2001 1537 2079 ,velocissimus

179 2092 270 2167 aliae,
294 2092 454 2171 plurimum
476 2092 514 2154 de
536 2101 619 2155 motu
643 2095 766 2156 amittit.
814 2093 938 2158 Saturni
961 2114 1033 2157 vero
1058 2096 1150 2156 statio
1175 2093 1326 2154 minimum
1341 2091 1443 2165 efficit,
1469 2090 1539 2171 quia

178 2200 288 2263 pamm
310 2180 412 2256 habet,
436 2182 515 2262 quod
535 2182 569 2243 in
593 2183 725 2244 statione
748 2185 865 2263 perdat.
912 2183 1054 2246 Mercurii
1070 2184 1187 2265 quidem
1212 2182 1305 2244 statio
1331 2179 1544 2259 utplurimum.

181 2278 301 2344 ventos,
326 2277 376 2331 est
397 2269 448 2331 ubi
471 2278 503 2331 et
525 2271 610 2333 nives
633 2271 683 2332 vel
706 2272 834 2351 pluvias,
858 2273 887 2334 in
912 2292 1020 2352 genere
1044 2273 1184 2353 copiosos
1206 2288 1335 2349 vapores
1359 2269 1429 2330 ciet.
1472 2268 1538 2330 Hos
1573 2267 1576 2296 '

180 2358 276 2438 igitur
297 2358 539 2437 exspectabimus
566 2361 647 2422 circa
673 2358 722 2422 17.
747 2362 837 2423 Janu.
863 2359 915 2424 20.
940 2361 1015 2442 Apr.
1044 2359 1094 2424 12.
1118 2361 1204 2436 Maii,
1233 2357 1283 2422 15.
1299 2360 1380 2439 Aug.
1406 2352 1435 2419 6.
1456 2355 1538 2435 Sep-

181 2455 255 2510 tem.
280 2443 310 2510 9.
337 2455 369 2509 et
390 2443 443 2510 31.
463 2446 587 2511 Decem.
634 2448 696 2511 Sed
719 2449 852 2513 incertus
875 2449 1038 2512 etiamnum
1054 2449 1194 2513 Mercurii
1217 2456 1318 2510 motus
1341 2465 1399 2508 non
1422 2445 1538 2525 patitur

182 2534 387 2599 certissimum
409 2537 489 2598 diem
511 2538 679 2616 praefinire.

716 2627 846 2689 Thesis
869 2625 1005 2689 XXXV.
1102 2621 1111 2633 ”

274 2710 375 2783 Quae
404 2713 583 2776 hactenus
616 2715 783 2795 explicui
815 2734 947 2777 causas
981 2715 1189 2777 futurorum
1222 2719 1429 2784 eventuum,
1467 2710 1539 2773 illae

152 2800 244 2864 'etsi
266 2800 392 2863 multum
415 2801 533 2881 quidem
557 2801 725 2865 divinitatis
748 2805 871 2878 habent,
896 2822 999 2865 omnes
1022 2812 1124 2865 tamen
1147 2803 1293 2864 materiae
1308 2808 1446 2862 naturam
1466 2818 1538 2880 pro-

182 2891 253 2971 pius
283 2889 456 2965 imitantur,
488 2909 577 2970 quam
608 2911 683 2973 quae
713 2893 776 2973 jam
808 2900 981 2973 sequentur.
1028 2893 1108 2955 Nam
1142 2892 1273 2971 ipsarum
1303 2889 1412 2969 agendi
1435 2889 1540 2950 modus

186 2979 218 3042 in
242 2979 355 3040 effluxu
386 2980 514 3058 quodam
544 2979 618 3042 lueis
649 2982 791 3043 consistit
813 2998 906 3061 usque
930 2983 968 3043 ad
992 2982 1066 3043 haec
1091 2980 1265 3043 sublunaria
1289 2996 1415 3058 corpora
1438 2977 1538 3039 eonti-

185 3075 314 3131 nuatae:
340 3067 389 3148 qui
413 3067 551 3143 effluxae,
576 3069 713 3150 quamvis
736 3071 801 3133 sine
825 3071 953 3133 materia
980 3078 1012 3132 et
1035 3080 1169 3150 tempore
1193 3077 1249 3144 est,
1283 3087 1343 3130 non
1366 3074 1467 3128 tamen
1491 3073 1541 3127 est
1583 3077 1595 3091 ”

183 3156 253 3219 sine
280 3156 483 3236 quantitatum
506 3157 749 3221 dimensionibus.
795 3160 847 3223 Fit
877 3161 955 3221 enim
979 3177 1033 3239 per
1060 3159 1170 3221 lineam
1198 3165 1330 3230 rectam,
1365 3159 1541 3218 attenuatur

183 3264 255 3308 cum
283 3244 431 3307 distantia
459 3247 613 3322 asidera,
649 3248 760 3310 crescit
793 3250 842 3311 vel
872 3248 1020 3310 decrescit
1052 3266 1119 3309 cnm
1148 3247 1215 3326 ipsa
1245 3245 1372 3307 lucentis
1400 3244 1541 3323 planetae

183 3333 279 3407 facie,
303 3334 464 3413 impeditur
486 3334 606 3414 obiectu
630 3338 764 3416 corporis
788 3339 887 3418 opaci,
914 3345 945 3398 et
967 3336 1114 3409 vicissim,
1140 3336 1242 3415 posita
1265 3333 1373 3395 sideris
1397 3339 1540 3412 aspecta·

183 3422 239 3485 bili
262 3424 462 3503 praestantia,
487 3424 625 3487 continue
647 3426 779 3504 ponitur.
826 3429 890 3489 Nec
913 3427 945 3487 id
968 3432 1086 3487 tantum
1110 3424 1140 3485 in
1164 3442 1222 3485 nno
1247 3432 1279 3484 et
1301 3421 1405 3481 eodem
1429 3419 1539 3494 sidere,

183 3511 241 3573 sed
265 3512 358 3574 etiam
386 3513 416 3574 in
439 3514 674 3595 comparatione,
692 3515 877 3578 diversorum
900 3515 993 3576 habet
1017 3514 1131 3575 locum:
1161 3519 1196 3573 ut
1226 3511 1297 3591 quia
1320 3507 1374 3570 Sol
1399 3516 1431 3569 et
1453 3508 1541 3570 Luna
1570 3513 1573 3518 '

183 3609 257 3665 sunt
280 3609 406 3682 aspectu
429 3601 566 3676 maximi,
599 3603 630 3663 in
654 3603 714 3665 illie
738 3623 853 3684 quoque
883 3602 1127 3666 evidentissimae
1151 3608 1222 3662 sunt
1249 3601 1306 3662 hae
1331 3597 1476 3659 virtutes:
1509 3597 1538 3667 in

183 3691 307 3764 esteris,
333 3709 456 3770 quarum
481 3691 629 3752 diameter
651 3710 718 3753 cum
743 3693 823 3754 Solis
847 3701 878 3755 et
902 3693 1006 3753 Lunae
1028 3691 1182 3752 diametris
1207 3689 1237 3750 in
1259 3706 1356 3768 parva
1380 3704 1539 3765 compara-

183 3777 267 3841 tione
292 3785 349 3854 est,
373 3778 533 3841 admodum
552 3780 663 3855 exiles,
689 3782 822 3861 adeoque
846 3782 896 3842 vix
920 3800 955 3842 ac
980 3798 1016 3840 ne
1039 3780 1090 3839 vir
1114 3777 1234 3859 quidem
1257 3775 1428 3838 sensibiles.
1472 3774 1538 3836 Ita-

185 3885 243 3948 que
268 3867 359 3929 etiam
383 3867 421 3929 ab
446 3869 665 3947 astrologorum
695 3871 783 3931 turba
805 3863 997 3952 {variationes
1035 3869 1140 3930 harum
1165 3866 1356 3930 affectionum
1380 3864 1542 3926 secundum

182 3955 284 4019 dictos
306 3956 412 4019 modos
437 3957 498 4019 iere
523 3959 723 4038 negliguntur.

710 4044 843 4108 Thesis
866 4043 1016 4107 XXXVI.

275 4130 418 4211 Sequitur
432 4152 503 4213 ergo
526 4133 588 4195 alia
611 4153 712 4210 causa,
739 4153 814 4216 qnae
838 4151 940 4194 omnes
954 4133 1095 4212 planetas
1115 4131 1284 4213 aequaliter
1302 4131 1429 4205 attinet;
1454 4131 1543 4211 longe

183 4239 275 4305 quam
298 4221 382 4302 prior
404 4222 459 4284 illa
481 4223 618 4292 nobilior,
644 4242 779 4303 quaeque
793 4217 887 4284 multo
902 4223 971 4302 plus
986 4220 1193 4283 admirationis
1218 4220 1322 4282 habet.
1370 4222 1449 4282 Nam
1468 4221 1543 4281 lraec

182 4309 259 4374 nihil
282 4303 476 4373 materiatum
498 4311 595 4391 sapit,
627 4314 681 4373 sed
710 4313 823 4375 formae
851 4311 1000 4374 rationem
1023 4308 1130 4384 habet,
1160 4329 1216 4371 neo
1246 4311 1360 4372 formae
1383 4309 1541 4388 simplicis,

182 4399 242 4462 sed
265 4399 404 4463 animalis
428 4400 594 4476 facultatis,
620 4402 674 4463 sed
698 4401 924 4473 intellectionis,
948 4400 1002 4462 sed
1027 4400 1212 4480 geometriae
1237 4398 1430 4478 cognitionis.
1473 4397 1541 4459 Non

183 4488 266 4550 enim
288 4488 377 4550 lineis
402 4489 494 4550 rectis
518 4508 556 4550 ex
579 4489 728 4553 sideribus
752 4490 878 4570 singulis
902 4490 1046 4552 virtutem
1069 4488 1160 4558 elicit,
1186 4489 1239 4549 sed
1255 4488 1391 4550 binorum
1410 4486 1542 4549 siderum

182 4583 332 4639 ooduntes
356 4577 386 4638 in
411 4578 505 4640 Terra
528 4579 630 4641 radios
656 4579 808 4650 aestimat,
833 4579 1014 4658 geometrice
1030 4577 1165 4652 coierint,
1191 4597 1228 4638 an
1250 4575 1380 4655 aiteram
1405 4594 1459 4636 nec
1474 4591 1542 4634 cum

181 4665 253 4745 ipsa
275 4665 394 4728 silentis
418 4666 523 4728 Lunae
548 4667 633 4742 facie,
658 4670 777 4749 quando
802 4668 873 4729 nulli
899 4669 937 4729 ad
957 4667 1082 4728 Terram
1106 4665 1292 4727 descendunt
1308 4665 1396 4738 radii,
1422 4661 1540 4725 exstin-

182 4754 297 4834 guitur,
323 4753 378 4815 sed
401 4753 516 4816 radium
532 4763 603 4817 tunc
623 4758 854 4820 descendentem
870 4755 1068 4836 imaginatum
1092 4774 1150 4816 non
1167 4755 1338 4834 impeditur,
1364 4772 1429 4814 cum
1444 4751 1540 4811 Terra

180 4858 240 4906 nos
262 4841 343 4906 iuter
371 4848 404 4905 at
426 4843 534 4907 stellas
557 4844 773 4929 interponitur,
802 4845 857 4910 sed
888 4845 967 4910 iufra
995 4844 1127 4908 latentes
1155 4862 1250 4927 supra
1276 4842 1369 4907 etiam
1392 4856 1536 4922 operosae
