3428 5542
991 149 1001 178 l

272 302 334 367 178
782 301 894 368 Mysterll
915 301 1114 366 cosmographicl

350 463 396 527 „si
418 479 512 516 verum
533 463 833 516 diuitPtolemaeus
857 463 890 515 de
914 469 989 515 motu
1012 478 1156 530 corporum
1169 463 1369 516 mundanorum
1395 470 1428 516 et
1448 463 1633 533 dispositione

270 545 401 609 ,orbium
426 550 491 597 tnnc
513 543 593 596 nulla
605 549 649 595 est
663 549 792 595 constans
816 549 846 594 et
861 542 984 596 identica
1007 558 1058 612 per
1073 557 1166 595 omnes
1188 542 1319 613 planetas
1341 543 1485 613 proportio
1508 551 1632 598 motuum

270 642 337 689 „seu
352 623 549 694 periodicorum
563 630 717 691 temporum
731 624 765 675 ad
780 623 870 675 orbes.

351 704 396 765 ,si
421 720 516 756 rerum
539 704 605 756 dicit
628 703 748 771 Tycho
770 702 948 762 Braheus,
977 701 1067 754 Solem
1092 701 1198 770 quidem
1223 717 1284 754 esse
1308 710 1431 765 centrum
1455 703 1633 771 planetarum

256 786 415 857 '„quiuqne,
439 781 525 835 veluti
540 784 658 853 quinque
673 782 866 850 epicyclorum,
883 782 995 833 Terram
1010 797 1076 832 vero
1091 798 1151 831 esse
1168 787 1290 834 centrum
1305 781 1379 834 orbis
1394 782 1474 845 Solis,
1499 790 1532 837 ut
1545 784 1633 838 Terra

270 866 446 937 ,quiescente
460 863 508 916 Sol
533 863 680 915 circumeat
704 869 818 929 portans
843 868 871 913 et
896 861 997 913 luxans
1020 869 1144 930 systema
1162 868 1250 913 totum
1273 861 1474 930 planetarium:
1498 868 1565 917 tunc
1589 873 1634 917 est

271 945 394 1015 ,quidem
410 945 506 996 eadem
530 941 672 1012 proportio
687 941 884 1010 periodicornm
899 948 1051 1008 temporum
1072 942 1106 992 ad
1129 943 1209 994 orbes
1231 957 1281 1009 per
1295 956 1388 994 omnes
1407 942 1556 1012 planetam
1580 945 1632 998 sci·

185 1024 187 1029 ’
271 1025 353 1085 ,licet
367 1022 510 1093 proportio
524 1023 697 1091 periodorum
713 1021 804 1088 (verbi
828 1037 921 1082 causa,
938 1019 1009 1073 Solis
1031 1026 1061 1072 et
1075 1016 1189 1087 Martis)
1203 1029 1248 1074 est
1272 1021 1457 1092 sesquialtera
1476 1025 1632 1094 proportio·

270 1104 330 1167 „nis
346 1103 450 1157 orbium
466 1118 583 1163 suornm,
608 1104 655 1154 sed
670 1109 759 1154 motus
773 1118 827 1155 non
843 1102 879 1154 ab
894 1101 988 1154 eodem
1003 1107 1098 1153 centro
1113 1100 1299 1169 dispensatur,
1321 1108 1410 1155 motus
1425 1104 1497 1157 enirn
1511 1104 1633 1174 quinque

271 1185 465 1253 ,planetarum
479 1183 552 1236 circa
567 1183 657 1235 Solem
671 1182 849 1250 dispensatur
865 1196 883 1234 a
896 1180 970 1244 Sole,
995 1187 1084 1234 motus
1100 1197 1165 1233 vero
1179 1181 1251 1234 Solis
1271 1181 1345 1234 circa
1358 1183 1473 1237 Terram
1486 1184 1631 1253 dispensa·

270 1272 334 1328 „tur
348 1280 367 1316 a
380 1264 482 1323 Terram
505 1261 589 1316 at-sic
603 1262 650 1315 Sol
666 1263 851 1329 planetarum,
876 1261 963 1313 Terra
975 1277 1041 1314 vero
1056 1260 1128 1314 Solis
1143 1268 1231 1314 motor
1246 1260 1432 1316 constituitur.

351 1343 396 1404 ,si
417 1342 533 1412 denique
547 1341 722 1395 serum'dicit
735 1341 987 1403 Aristarchus,
1012 1341 1103 1394 Solem
1125 1358 1187 1393 esse
1202 1350 1325 1394 centrum
1349 1349 1378 1394 et
1392 1342 1511 1413 quinque
1533 1343 1631 1412 plane·

269 1424 420 1489 „turiurum
442 1423 547 1475 orbium
571 1429 600 1474 et
619 1421 693 1474 sexti
707 1422 799 1482 etiem,
825 1420 869 1489 qui
885 1421 1022 1473 Tellurem
1041 1420 1126 1482 vehit,
1152 1429 1183 1473 ut
1197 1421 1260 1475 Sole
1275 1421 1433 1489 quiescente
1448 1422 1544 1476 Tellus
1559 1423 1633 1476 inter

269 1504 418 1574 ,planetas
433 1510 540 1554 ceteros
556 1502 629 1554 circa
644 1500 736 1554 Solem
750 1501 882 1554 vehatur:
904 1507 969 1554 tunc
984 1501 1108 1554 binorum
1122 1516 1343 1570 quorumcunque
1358 1501 1534 1569 planetarum
1549 1503 1631 1556 orbes

269 1584 359 1647 ,inter
372 1600 403 1636 se
417 1582 623 1651 proportionem
634 1582 718 1634 talem
728 1581 842 1642 habent,
857 1597 928 1649 quae
939 1583 1007 1634 duas
1019 1580 1116 1633 tertias
1127 1581 1328 1649 complectatur
1338 1581 1525 1649 proportionis
1540 1582 1630 1652 perio·

268 1665 388 1728 ,dorum
404 1663 449 1715 vel
470 1662 612 1731 proportio
627 1661 805 1744 periodorum
817 1667 873 1713 esc
888 1661 1086 1729 perfectissime
1107 1661 1292 1729 sesquialtera
1309 1661 1495 1729 proportionis
1510 1662 1630 1720 orbium:

268 1751 317 1808 „et
329 1753 418 1797 motus
434 1750 491 1795 tam
506 1741 624 1795 Telluris
644 1757 723 1809 quam
745 1747 897 1794 ceterorum
919 1741 1037 1810 quinque
1056 1757 1093 1793 ex
1113 1741 1192 1793 unico
1214 1740 1289 1793 fonte
1305 1741 1409 1794 Solaria
1430 1742 1553 1812 corporis
1575 1742 1629 1795 dis-

270 1864 284 1888 „
325 1831 430 1877 nsatur.

287 1842 323 1895 pe
348 1904 417 1967 ,Hic
426 1902 505 1956 nulla
516 1901 598 1970 plane
607 1908 651 1954 est
660 1900 798 1968 exceptio,
809 1899 950 1969 proportio
959 1907 1005 1952 vest
1016 1899 1198 1953 munitissima
1207 1917 1246 1955 ex
1254 1907 1371 1969 utroque
1381 1901 1485 1964 lutere;
1496 1919 1534 1956 ex
1548 1915 1631 1972 parte

267 1985 393 2055 ,quidem
415 2000 511 2036 sensus
534 1988 707 2035 attestantur
728 1987 944 2034 astronomorum
960 1976 1168 2033 observationes
1194 1979 1371 2049 quotidianae
1395 1998 1456 2035 cum
1479 1984 1552 2036 onrni
1566 1983 1630 2036 sub·

268 2065 390 2129 ,tilitate
405 2079 471 2116 sua:
496 2080 533 2115 ex
548 2068 629 2129 parte
644 2078 709 2114 vero
724 2060 839 2114 rationis
865 2061 1035 2129 astipulatur
1050 2060 1128 2111 nobis
1143 2060 1321 2113 Aristarchus
1346 2059 1372 2112 iu
1387 2063 1578 2129 generalibus,
1604 2062 1631 2115 in

267 2144 377 2213 „specie
399 2160 464 2196 vero
486 2157 589 2195 causae
613 2149 766 2210 suppetunt
788 2140 1025 2201 evidentissimae,
1057 2139 1150 2208 posita
1172 2141 1264 2208 specie
1294 2140 1481 2196 immateriata
1506 2143 1630 2212 corporis

268 2224 398 2289 ,Solaria
423 2239 471 2276 cur
494 2222 636 2291 proportio
660 2223 762 2274 debeat
776 2237 837 2273 esse
862 2238 911 2272 nec
933 2220 1040 2288 simpla,
1067 2237 1116 2272 nec
1131 2220 1225 2288 dupla,
1249 2221 1296 2272 sed
1318 2221 1402 2288 plane
1426 2222 1629 2293 sesquialtera:

268 2320 387 2369 ,causae
406 2303 492 2357 etiam
515 2307 680 2369 suppetunt,
710 2317 758 2353 cur
779 2301 826 2354 Sol
851 2300 943 2368 potius
965 2301 1068 2352 Terrae
1096 2308 1128 2352 ut
1151 2299 1326 2368 planetarum
1353 2309 1521 2366 ceterorum,
1546 2319 1630 2372 quam

267 2385 373 2447 „Terra
385 2382 457 2437 Solis
473 2389 560 2436 motor
575 2398 635 2433 esse
651 2381 750 2450 possim
776 2379 893 2448 deniqne
913 2381 1042 2434 naturale
1056 2379 1173 2433 rationis
1198 2381 1288 2433 lumen
1309 2380 1406 2443 dictat,
1430 2383 1585 2453 digniorem
1600 2392 1631 2435 et

267 2463 374 2534 ,magis
389 2462 598 2532 archetypicam
621 2478 683 2513 esse
705 2461 825 2530 speciem
847 2477 960 2529 operum
975 2460 1037 2521 Dei,
1061 2459 1082 2511 si
1098 2468 1187 2513 motus
1202 2477 1294 2514 omnes
1317 2461 1354 2513 ab
1371 2478 1425 2514 nno
1440 2462 1517 2516 l'oute
1532 2464 1629 2524 tusus,

267 2559 366 2614 ,quam
381 2543 403 2596 si
417 2543 544 2612 plerique
558 2541 665 2611 quidem
680 2544 717 2594 ab
731 2559 785 2594 uno
801 2541 849 2593 illo
864 2541 950 2601 fonte,
967 2540 1050 2593 fontis
1062 2556 1127 2593 veru
1142 2540 1228 2608 ipsius
1244 2541 1279 2593 ab
1290 2541 1346 2594 alio
1361 2541 1527 2610 ignobiliora
1542 2543 1629 2596 fonte.

347 2625 487 2685 ,Accedat
509 2639 574 2675 vero
591 2622 717 2675 formatio
741 2622 803 2690 ipsa
817 2621 1004 2689 proportionis
1027 2620 1132 2672 orbium
1147 2620 1259 2673 seorsim
1275 2630 1340 2674 aute
1354 2629 1444 2675 motus
1468 2622 1555 2685 lacta,
1580 2639 1631 2691 per

267 2703 404 2774 ,quinque
427 2704 533 2772 figuras
557 2711 586 2754 et
610 2718 660 2770 per
674 2702 841 2755 harmonias.
884 2701 955 2754 Nam
978 2701 1000 2752 si
1016 2700 1141 2753 Braheus
1161 2717 1255 2753 rerum
1277 2701 1358 2764 dicit,
1383 2702 1472 2756 locum
1495 2702 1553 2756 ista
1575 2719 1630 2756 nou

267 2784 398 2848 „habent
415 2783 467 2836 nisi
481 2783 586 2835 adscito
601 2782 702 2835 circulo
717 2783 810 2851 aliquo
825 2780 943 2833 Telluris
959 2781 1031 2833 inter
1045 2782 1125 2832 orbes
1140 2781 1239 2833 Martis
1254 2789 1283 2834 ct
1298 2782 1413 2834 Veneris
1428 2799 1478 2852 per
1492 2782 1629 2854 imagina-

266 2864 385 2927 ,tiouem
402 2863 599 2916 circumducto:
624 2869 653 2913 et
667 2862 744 2914 Deus
768 2878 822 2914 nou
835 2862 875 2912 rei
892 2861 985 2929 ipsius.
1011 2861 1058 2912 sed
1074 2860 1279 2930 imaginationis
1302 2862 1395 2929 potius
1411 2879 1504 2916 curum
1518 2862 1627 2923 habuit,

267 2944 456 3013 „distorquens
481 2960 549 3012 opus
574 2941 662 3010 ipsum
683 2943 855 3002 mundanum,
880 2950 912 2993 ut
927 2941 1018 3010 operis
1034 2940 1198 3010 imaginatio
1222 2941 1340 3008 pulchra
1357 2959 1419 2995 esse
1432 2951 1545 3012 posset:
1568 2959 1628 2997 cum

267 3031 378 3085 ,tumen
394 3022 517 3075 infinitae
533 3021 605 3074 aliae
621 3021 722 3075 similes
739 3021 920 3090 imaginariae
935 3021 1041 3089 species
1058 3020 1101 3085 (nt
1116 3021 1265 3075 stationum
1290 3030 1319 3075 et
1341 3018 1629 3094 retrogradationuur)

252 3110 400 3174 ,careant
414 3102 465 3154 tali
481 3110 597 3155 ornatu:
622 3102 690 3155 atsi
706 3118 799 3154 verum
814 3101 881 3154 dicit
894 3102 1080 3163 Aristarchus,
1107 3110 1171 3154 tunc
1186 3108 1301 3154 ornatus
1316 3101 1368 3154 iste
1394 3103 1532 3157 invenitur
1547 3104 1574 3156 iu
1588 3120 1628 3164 re,

266 3182 389 3253 ,species
405 3198 469 3235 vero
493 3181 674 3253 imaginariae
699 3198 800 3244 omncs,
827 3181 905 3234 nulla
926 3189 1055 3250 excepta,
1080 3182 1278 3250 permittuntur
1296 3183 1509 3237 necessitatibus
1533 3184 1628 3254 legum

266 3262 447 3332 ,opticarum

346 3343 446 3404 „Hisce
471 3341 613 3410 perpensis
638 3359 719 3410 spero
743 3358 791 3394 vos
816 3357 920 3411 aequos
943 3344 1103 3411 dogmatum
1127 3358 1255 3394 censores
1279 3341 1351 3403 t'ore,
1385 3359 1435 3395 nec
1458 3343 1555 3396 hostes
1578 3359 1628 3395 sos

265 3431 411 3493 ,gesturos
433 3429 548 3475 ornatus
569 3438 682 3490 operum
703 3421 854 3474 divinorum
876 3422 1094 3491 exquisitissimi.
1137 3422 1266 3475 Valete.“

816 3789 935 3889 Caput
963 3789 1071 3863 XXI.

652 3949 740 4025 Quid
763 3969 802 4010 cm
825 3949 948 4029 defectu
972 3947 1190 4030 colligendum.
1206 3954 1233 4022 ⁸)

353 4084 404 4146 Sic
428 4087 519 4167 igitur
543 4090 598 4151 hoc
623 4091 750 4151 alterum
775 4099 982 4170 argumentum
1004 4090 1104 4164 habet,
1130 4110 1188 4171 quo
1206 4093 1365 4174 probatum
1385 4105 1433 4155 est
1448 4094 1628 4157 Aristotelis

263 4176 461 4249 auctoritate,
491 4178 624 4256 potiores
649 4199 716 4240 esse
741 4199 834 4240 novas
860 4179 1056 4260 hypotheses
1085 4189 1246 4260 propterea
1270 4184 1347 4261 quod
1373 4202 1426 4262 per
1449 4202 1503 4246 eas
1527 4195 1628 4246 motus

263 4263 373 4344 duplici
398 4265 531 4340 nomine,
561 4279 593 4328 et
616 4266 737 4328 virtutis
761 4269 927 4329 intentione
953 4276 983 4329 ct
1007 4268 1164 4330 celeritate
1188 4269 1317 4344 reditus,
1350 4273 1424 4334 liant
1451 4273 1626 4353 proportio-

262 4355 348 4415 nales
379 4353 549 4431 ἀποςημασι
578 4354 810 4436 Copernicanis,
845 4358 923 4437 quod
957 4357 984 4418 in
1013 4367 1149 4421 veterum
1177 4359 1213 4420 de
1244 4361 1352 4422 mundo
1377 4361 1540 4424 traditione
1564 4362 1627 4425 heri

264 4443 342 4504 nullo
367 4454 457 4523 pacto
481 4446 590 4524 potuit.
639 4448 740 4526 Atque
769 4447 844 4508 haec
878 4445 995 4526 quidem
1028 4444 1115 4526 hujus
1146 4447 1183 4509 de
1212 4459 1293 4510 motu
1325 4456 1475 4513 tractatus
1500 4451 1627 4513 intentio

264 4533 330 4594 sola
353 4534 485 4596 debebat
508 4555 586 4596 csse.
636 4535 749 4597 Verum
773 4555 832 4597 non
857 4536 978 4597 difficile
1003 4534 1072 4597 mihi
1098 4547 1146 4599 est
1175 4539 1338 4617 conjicere,
1367 4540 1547 4612 exstituros,
1578 4541 1627 4620 qui

264 4624 453 4701 optaverint,
489 4633 522 4686 ut
549 4624 626 4686 hanc
656 4624 791 4687 ultimam
820 4623 954 4704 opusculi
983 4634 1100 4704 partem
1124 4626 1302 4688 omisissem.
1350 4626 1471 4691 Etenim
1495 4630 1628 4702 (dicent)

264 4710 289 4771 si
319 4730 420 4774 rerum
447 4733 501 4793 per
530 4733 657 4793 corpora
684 4715 908 4794 proportionem
942 4714 1091 4775 coelorum
1124 4716 1357 4779 constituisses:
1390 4718 1493 4798 utique
1526 4728 1628 4781 motus

264 4798 347 4861 illam
362 4803 583 4866 confirmarent.
623 4804 750 4867 Veritas
769 4804 848 4867 enim
871 4824 893 4864 a
913 4823 947 4866 sc
971 4803 1039 4884 ipsa
1062 4822 1120 4867 non
1144 4805 1284 4868 dissidet.
1320 4807 1417 4888 Atqui
1441 4807 1527 4871 vides
1549 4807 1627 4889 ipat,
