3428 5542
153 299 219 367 366
576 305 1090 372 hictum-inhumatus

152 480 263 524 secans
286 462 474 523 horizontem
497 461 527 523 iu
552 459 598 536 G,
621 462 779 525 zodiacum
801 464 832 524 iu
854 465 898 526 Μ.
944 464 1004 526 Est
1026 465 1119 543 igitur
1141 463 1237 543 ipsius
1259 463 1375 526 stellae
1398 462 1428 525 1,
1450 479 1527 524 nex·

151 551 218 612 tilis
241 561 307 613 tam
329 551 361 612 iu
384 548 415 611 G
439 569 528 630 qnam
550 551 580 612 in
604 551 652 625 Μ,
685 553 756 631 quia
778 553 887 615 stellae
910 554 1032 615 radiant
1060 554 1090 615 in
1115 555 1219 615 urbem
1242 552 1463 620 circumcirca,
1493 560 1527 612 ot

100 654 109 663 ·
154 640 184 702 G
216 641 335 721 quidem
362 640 429 719 jam
462 641 562 717 tangit
594 639 796 713 horizontem,
829 643 864 703 Μ
896 662 966 704 reru
1001 651 1050 704 est
1076 642 1167 704 infra.
1213 640 1400 712 aneritur,
1434 639 1526 718 quale

153 740 297 812 puuctum
321 729 360 788 de
382 729 494 790 circuio
507 726 571 789 ΜΕ
596 729 757 790 tenendum
782 732 824 791 sit
845 748 900 809 pro
924 731 1087 792 directione
1111 730 1200 809 hujus
1222 731 1346 792 sextilis
1369 729 1412 790 ad
1430 729 1526 791 horo-

154 817 300 897 scopum?
335 818 416 879 Nam
439 818 466 877 si
491 815 520 876 G
545 828 633 877 extra
645 818 812 894 zodiacum,
837 820 961 881 directio
976 821 1099 880 durabit
1113 820 1300 881 diutissime:
1324 818 1527 879 omnium

152 919 268 988 puncta
289 906 392 966 circuli
416 905 503 985 parti
530 925 567 965 ex
592 906 618 965 L
646 908 790 987 descripti
822 910 993 969 successive
1025 916 1156 987 tangunt
1191 909 1414 986 horoscopum
1452 924 1526 984 ergo

153 999 252 1057 solnm
275 995 466 1073 punctumhl
486 994 610 1054 calebit.
657 993 821 1064 Quaeritur
845 996 936 1075 igitur
960 996 1115 1076 longitudo
1138 997 1212 1058 ΜΗ.
1260 997 1432 1057 hlethodus
1456 1013 1527 1054 cur-

49 1142 56 1153 ,
153 1085 326 1148 rectissima
347 1083 403 1143 hoc
428 1083 493 1144 loco
517 1090 575 1156 est,
600 1092 633 1142 nt
647 1096 801 1156 secantem
815 1086 873 1145 th
899 1080 959 1147 60⁰
981 1084 1099 1146 dividas
1122 1103 1177 1164 per
1198 1095 1359 1146 secantem
1375 1084 1437 1144 [Η
1452 1083 1526 1145 lati·

155 1175 283 1242 tudinis‚
314 1182 346 1231 ut
369 1172 498 1251 prodeat
520 1175 629 1232 secans
653 1172 725 1233 ΜΗ.
770 1173 841 1233 Jam
864 1174 1035 1252 blaginus
1068 1178 1109 1243 (iu
1128 1181 1308 1246 Supplenm
1327 1180 1527 1245 Ephe-enh

153 1289 178 1336 μ
202 1267 251 1320 158
269 1269 296 1318 ff.
326 1269 443 1318 hakul.
465 1263 549 1331 ¹608)
572 1262 687 1322 mavult
711 1272 853 1338 puuctum
875 1263 909 1322 Μ
932 1263 962 1322 iu
986 1274 1150 1340 aequature
1173 1275 1323 1335 staurere,
1349 1272 1386 1322 nt
1408 1261 1455 1322 sit
1469 1259 1526 1322 LH

155 1349 327 1423 declinatio,
352 1350 443 1410 thF
462 1360 624 1427 aequatum
649 1349 707 1410 erit
730 1349 821 1428 igitur
844 1370 1003 1430 processus
1027 1351 1117 1425 idem,
1140 1361 1173 1413 et
1187 1353 1279 1425 scias,
1304 1350 1364 1412 huc
1379 1367 1526 1429 processu

153 1440 289 1501 tabulam
317 1456 386 1497 esse
415 1440 541 1508 iactam,
579 1457 617 1496 ex
646 1457 704 1515 qua
731 1438 873 1516 Maginns
898 1440 988 1517 jubet
1020 1458 1194 1517 excerpere.
1248 1439 1301 1500 Sic
1330 1437 1527 1517 Origanns

154 1526 341 1592 (Ephemerides
359 1525 596 1588 Brendenhurgicae
615 1526 647 1573 ah
659 1539 681 1573 a
699 1524 881 1575 taes-1655.
902 1528 1017 1576 inuios.
1032 1527 1065 1575 ad
1077 1526 1126 1576 Od
1142 1525 1220 1576 lbos.
1239 1527 1298 1576 vot
1310 1527 1331 1576 l.
1352 1543 1379 1590 p.
1394 1522 1451 1575 388
1462 1521 1527 1590 η)

153 1621 221 1662 cum
245 1618 299 1659 sno
322 1599 411 1658 modo
434 1608 465 1656 et
489 1597 594 1656 tabula
622 1599 710 1675 plane
739 1598 793 1658 hoc
823 1612 976 1677 praestat,
1011 1599 1089 1678 quod
1113 1618 1171 1677 ego
1194 1618 1287 1679 supra
1311 1599 1404 1659 docui
1428 1599 1526 1679 primu

155 1688 309 1749 schemate
341 1704 395 1765 per
426 1696 568 1744 secantes
606 1688 756 1754 (vicinius
784 1696 882 1744 ambit:
913 1697 1012 1745 modum
1036 1704 1107 1744 tuum
1132 1695 1304 1744 continendi
1330 1695 1372 1744 vel
1400 1693 1529 1759 aquarn

154 1785 284 1840 upectns.
309 1773 439 1824 dividendo
457 1784 587 1822 secantem
606 1773 645 1822 rel
663 1773 827 1823 differentiam
846 1775 984 1824 ladtndinis
1003 1775 1049 1825 rte.
1069 1792 1116 1825 nec
1134 1791 1182 1840 ego
1209 1791 1257 1826 nec
1278 1775 1409 1840 ongum
1429 1774 1528 1839 nep*

154 1853 311 1922 possumus).
356 1845 478 1907 Invenit
500 1844 592 1913 enim,
628 1855 770 1922 quantum
794 1847 935 1924 planctae
960 1848 1092 1908 debeant
1114 1849 1230 1908 distare
1259 1848 1290 1908 in
1314 1847 1464 1921 zodiaco,
1498 1856 1529 1905 ut

155 1939 197 1998 sit
227 1937 306 1996 iuter
333 1935 465 2013 ipsorum
493 1951 620 2011 corpora
646 1933 798 2010 perfectus
823 1949 975 2013 aspectus.
1021 1936 1217 2004 Nesciebam,
1252 1935 1377 1997 tabulas
1410 1935 1472 1996 has
1500 1933 1528 1997 'm

153 2025 280 2104 Magiuo
303 2023 352 2083 tel
376 2019 511 2100 Origuuo
536 2021 671 2081 inveniri.
718 2022 833 2101 Magiui
857 2035 956 2084 tamen
981 2027 1163 2086 sententiam
1193 2026 1230 2085 de
1260 2033 1434 2104 aequatore
1470 2040 1527 2083 non

154 2126 229 2196 puto
252 2124 379 2173 naturae
403 2121 646 2170 consentaneam.
692 2109 887 2172 Plauetarum
910 2124 942 2172 et
964 2111 1047 2174 Solis
1071 2115 1129 2173 iter
1152 2128 1201 2173 est
1225 2114 1254 2173 iu
1279 2113 1427 2173 zodiaco:
1459 2110 1528 2172 iude

154 2214 204 2264 est
228 2203 274 2263 ris
296 2200 436 2279 portibus
459 2197 575 2258 zodiaci
599 2197 684 2258 radio
707 2200 816 2259 stellae
831 2200 922 2260 tactis
938 2203 1077 2262 morendi
1100 2215 1253 2275 naturam,
1276 2221 1346 2262 cum
1372 2220 1430 2262 eae
1454 2218 1527 2280 par·

155 2302 204 2353 tes
227 2291 267 2351 ad
290 2289 487 2367 horoscopum
511 2286 643 2347 veniunt.
690 2284 807 2348 Sufficit
830 2290 936 2367 igitur,
961 2302 995 2349 ut
1017 2303 1166 2371 aequatur
1187 2302 1328 2368 praestet
1352 2307 1527 2351 mensuram

156 2379 302 2459 temporis
325 2376 513 2438 directionis.

243 2492 281 2566 4)
308 2491 503 2553 Ptolemaeus
531 2490 608 2550 sorte
633 2484 804 2570 ὁλοσχερυς
831 2499 863 2551 et
892 2492 1038 2570 pinguiori
1063 2494 1202 2554 Minerva
1224 2492 1364 2565 dixerat,
1400 2491 1528 2571 grad·

153 2583 330 2664 aequaturis
353 2581 383 2641 in
407 2579 572 2640 directione
600 2578 770 2655 significare
795 2599 905 2640 anunm
941 2588 1108 2650 (vickemuoz
1128 2591 1247 2655 mm
1264 2591 1404 2656 gloriatur.
1433 2589 1529 2640 Natho·

153 2673 214 2722 «hm
231 2693 266 2704 -·
284 2673 311 2719 in
330 2669 468 2718 Comment
488 2667 521 2716 ad
534 2666 704 2714 Ptolemaeum
725 2694 756 2702 —
775 2670 857 2716 terius
875 2682 950 2731 qnam
968 2680 1066 2718 ceteros
1084 2680 1228 2719 mecum·
1247 2671 1326 2719 luisse
1339 2669 1527 2720 mental’te

152 2744 246 2793 lenaei
264 2744 290 2790 in
308 2740 500 2796 diffitionibus,
525 2746 551 2786 et
569 2737 668 2784 modum
687 2739 764 2799 ipsius
783 2742 913 2786 convenire
938 2755 994 2787 cum
1012 2741 1085 2788 modo
1104 2756 1148 2789 sun
1167 2741 1213 2790 &a
1251 2741 1321 2791 lium
1340 2742 1385 2792 hie
1404 2756 1481 2791 vem
1498 2743 1530 2790 εἰ

153 2825 242 2872 medus
260 2821 435 2874 Ptolomeicus,
455 2828 481 2866 et
498 2817 571 2881 quale
589 2826 659 2867 tunm
677 2821 709 2865 sit
719 2818 847 2878 judicium.
866 2820 963 2881 postulo
976 2832 1002 2868 et
1015 2816 1143 2884 expecto).
1181 2814 1273 2885 Sane,
1300 2814 1375 2893 quia
1399 2821 1529 2875 eltutus

154 2905 353 2967 directionum
378 2919 436 2960 uon
460 2900 499 2958 ad
523 2898 738 2959 subtilissimas
763 2899 903 2959 minutias
927 2901 1121 2977 respondent,
1143 2903 1264 2981 putarit
1282 2903 1457 2963 mittendas
1473 2900 1529 2962 mi·

155 2994 272 3063 nutias,
304 3002 337 3050 et
360 3001 441 3050 recte
466 2987 596 3066 quidem.
641 2986 856 3060 Recentiorcs,
881 2984 1054 3062 Cardauns,
1079 2991 1235 3069 hlagiuus,
1260 2991 1425 3063 Xaibodz,
1449 2990 1529 3051 Bra-

156 3084 249 3153 heus,
286 3077 424 3139 minutim
454 3077 554 3135 omnia
587 3088 818 3146 consectantes,
856 3077 968 3136 rectius
997 3079 1201 3152 contendunt,
1240 3071 1332 3142 360⁹
1353 3078 1530 3159 significare

156 3166 264 3247 ahili,
292 3185 396 3226 anuos.
443 3163 531 3223 hleus
564 3165 669 3224 modus
699 3165 849 3225 consentit
879 3166 1006 3225 manime
1031 3185 1097 3226 cnm
1121 3167 1262 3241 Braheo,
1297 3169 1370 3247 qui,
1407 3180 1444 3230 ut
1475 3184 1531 3247 ege

154 3278 210 3341 per
236 3255 352 3317 zodiaci
381 3272 469 3314 arcus
493 3253 590 3331 dirigo
613 3251 730 3325 Solem,
755 3253 801 3312 ita
823 3253 888 3330 ipse
913 3272 966 3332 per
990 3256 1162 3334 aequaturis
1185 3277 1274 3318 arcus
1298 3256 1530 3318 coorientesin

157 3358 243 3411 recta
266 3344 406 3423 sphaera.

245 3451 282 3526 5)
314 3447 403 3519 Quod
431 3447 621 3507 Peucerus
645 3448 686 3515 (in
698 3455 758 3503 libro
777 3455 808 3503 de
822 3455 1008 3506 Divinanouum
1020 3460 1153 3522 generibus
1165 3454 1324 3523 praecipuis)
1348 3462 1444 3532 putat
1468 3468 1533 3513 wll

155 3543 304 3614 Herlicio,
328 3558 383 3599 eas
406 3536 575 3598 censendas
600 3554 668 3595 esse
692 3536 881 3614 planetarum
905 3538 1027 3611 domus,
1057 3557 1133 3618 quae
1158 3541 1452 3602 constellationibus
1476 3538 1532 3600 de-

155 3632 343 3699 scribuntur,
376 3645 431 3686 uec
460 3624 645 3702 incipiendas
674 3624 712 3683 ab
743 3625 947 3702 aequinoctio,
981 3625 1036 3686 sed
1065 3649 1084 3686 a
1111 3629 1211 3705 prima
1233 3630 1359 3691 arietis:
1396 3631 1532 3709 speciem

155 3721 247 3782 habet
271 3717 345 3788 reri,
370 3717 413 3775 sic
437 3716 515 3774 enim
540 3728 661 3772 etcum
685 3713 788 3772 Lunae
812 3715 1017 3774 mansionibus
1041 3716 1084 3775 tit.
1130 3719 1175 3776 At
1200 3718 1269 3777 ride
1294 3718 1375 3780 libro
1400 3738 1471 3779 meo
1494 3717 1532 3779 de

155 3808 279 3883 „Stella
301 3804 512 3884 Ser-peutarii“
543 3802 726 3861 seutentiam
750 3821 861 3874 meam,
894 3803 986 3862 etiam
1014 3823 1051 3863 ex
1075 3819 1176 3863 urente
1204 3805 1436 3885 astrologorum
1466 3807 1531 3867 fur·

155 3910 279 3969 matam,
302 3894 437 3954 Peucero
461 3890 661 3951 contrariam:
690 3889 749 3949 etsi
774 3901 887 3949 totum
910 3892 1078 3951 domuum
1101 3895 1293 3971 negotium
1317 3907 1530 3958 contemno·

245 4010 331 4070 Haec
354 4009 392 4067 ad
419 4009 523 4068 literas
546 4004 576 4064 d.
601 4005 630 4063 d.
656 4003 709 4065 25.
735 4005 850 4064 hlartii.
896 4005 982 4065 Nunc
1007 4007 1045 4066 ad
1069 4022 1233 4086 sequentes
1262 4006 1313 4070 18.
1338 4009 1438 4089 hiaji:

249 4099 280 4169 l)
314 4097 412 4168 Petis,
443 4107 475 4156 ut
500 4094 583 4154 brevi
606 4106 770 4171 praecepto
794 4103 825 4150 te
844 4093 957 4168 jurem,
981 4108 1014 4153 ut
1039 4096 1134 4169 scias,
1166 4109 1313 4175 quantum
1343 4097 1529 4178 Cuperui·

154 4189 262 4252 cauis
286 4185 450 4246 motibus
474 4185 712 4261 planetarum
735 4181 776 4240 sit
791 4181 970 4253 addendum,
995 4197 1138 4262 quantum
1152 4185 1412 4249 subtrahendum.
1456 4188 1530 4253 Dixi

150 4280 215 4359 jam
248 4293 340 4354 saepe
374 4284 405 4333 et
438 4272 565 4349 scripsi,
598 4288 661 4330 rem
689 4279 851 4347 praecepto
874 4272 1087 4348 comprehendi
1115 4291 1174 4332 nou
1198 4293 1303 4353 posse.
1351 4275 1529 4339 Braheun

153 4370 220 4446 ipse
244 4365 288 4425 sic
312 4364 391 4440 egit:
424 4358 578 4429 ostendit,
612 4369 756 4436 quantum
780 4357 809 4416 in
833 4360 1062 4419 excentricitate
1087 4363 1284 4436 mutandum,
1319 4374 1476 4442 quantum
1499 4366 1529 4427 'm

154 4472 313 4534 apogaeu,
347 4460 491 4528 quantum
524 4448 554 4506 iu
588 4445 779 4524 proportione
813 4445 948 4517 orbium,
981 4448 1009 4506 iu
1040 4462 1123 4509 motu
1147 4451 1265 4523 medio,
1300 4452 1333 4513 iu
1358 4452 1527 4516 lacit-dhe

154 4545 297 4603 mima
345 4536 463 4605 Quibus
494 4535 669 4593 constitutis
697 4535 791 4610 jussit
822 4546 930 4610 postea
962 4537 1112 4598 calculare
1151 4554 1251 4598 motus
1281 4540 1375 4601 modo
1406 4544 1527 4604 usitato

153 4632 186 4692 in
208 4624 379 4691 Pruteuicis
402 4635 434 4684 et
456 4621 665 4701 Alphousinis,
690 4630 807 4680 tautum
830 4623 974 4682 correctis
998 4625 1162 4704 principiis.
1209 4626 1365 4706 Exemplo
1386 4630 1526 4710 ingentis

151 4717 326 4785 varietatis,
349 4731 426 4791 quae
450 4712 498 4770 his
520 4728 560 4768 ex
582 4709 736 4788 principiis
760 4709 870 4782 oritur,
899 4710 940 4771 sit
964 4711 1017 4771 tibi
1041 4713 1154 4774 biars.
1203 4716 1294 4774 Auno
1310 4713 1412 4781 1606.
1436 4720 1526 4799 prin-

152 4797 700 4886 e'qioauuistumcipetddere
727 4798 793 4876 ejn
824 4797 1111 4870 inclementes,
1144 4800 1316 4867 mehr.
1345 4806 1528 4889 nddeplu-
