3428 5542
695 296 778 362 capot
795 297 885 349 xxm.
1410 293 1472 360 187

113 457 209 520 stasin,
232 457 253 509 si
274 456 438 522 ineffabiles,
461 476 516 512 non
530 459 598 514 dari.
626 460 688 513 Jam
704 458 829 512 effabiles
845 462 946 513 dentur
960 477 996 512 an
1015 457 1178 520 ineffabiles,
1201 457 1240 511 sic
1260 456 1474 525 dijudicandum:

113 554 204 590 omnes
219 538 341 592 motuum
355 555 545 609 apogaeorum
559 546 588 593 et
602 540 797 610 perigaeorum
814 541 1014 609 proportiones,
1040 547 1098 592 tam
1123 537 1255 600 binorum,
1280 553 1362 607 quam
1381 537 1477 606 ,singn-

114 618 207 679 lorum,
223 624 288 672 sunt
301 619 436 681 effabiles,
459 628 525 673 sunt
538 619 608 673 enim
637 622 779 672 desumtae
795 638 831 672 ex
846 620 1009 683 harmoniis,
1032 627 1062 670 et
1076 617 1142 670 illae
1158 626 1222 671 sunt
1237 634 1328 670 ornnes
1343 616 1477 679 effabiles,

113 704 144 749 nt
158 704 187 750 et
200 698 333 751 concinna
348 708 378 753 et
391 698 529 752 concinnis
545 699 723 752 inservientia
737 700 888 752 intervalla
903 700 1001 753 omnia.
1023 700 1120 767 Itaque
1139 698 1185 750 lib.
1202 699 1236 751 V.
1254 697 1478 750 Harmonioorum

113 793 172 845 cap.
190 777 217 831 9.
233 793 312 847 prop.
327 779 375 833 48.
393 797 485 833 omnes
501 779 528 831 hi
544 787 632 834 motus
648 779 704 832 suis
719 780 837 833 numeris
853 779 977 847 expressi
994 785 1023 831 et
1038 777 1114 831 effati
1130 783 1202 831 sunt.
1223 777 1335 830 Numeri
1351 778 1422 830 enim
1436 776 1477 829 illi

114 856 230 925 praecisi
252 864 317 911 sunt
337 858 520 927 intelligendi.
548 860 610 913 Jam
632 877 697 913 vero
719 859 917 928 periodicorum
941 865 1093 928 temporum
1118 857 1191 911 inter
1214 874 1244 909 se
1268 856 1410 925 proportio
1434 863 1479 910 est

112 938 207 989 eadem
232 938 402 1006 quantitate,
428 956 499 1008 quae
523 945 567 994 est
588 946 617 992 et
640 946 760 993 motuum
783 939 939 994 mediorum.
969 940 1061 993 Motus
1078 954 1142 989 vero
1165 937 1243 990 medii
1258 935 1477 1005 participantde

112 1016 200 1069 medio
215 1018 388 1072 arithmetico
403 1018 475 1072 inter
489 1026 638 1081 extremas,
655 1019 794 1088 aphelium
810 1027 839 1073 et
852 1019 1032 1088 perihelium;
1049 1019 1118 1087 quod
1134 1017 1251 1070 medium
1267 1023 1310 1067 est
1325 1015 1397 1068 inter
1411 1018 1476 1069 elia·

113 1097 182 1149 biles
198 1096 248 1150 hos
263 1098 401 1161 terminos,
417 1099 544 1153 effabile:
560 1099 729 1168 participant
743 1106 773 1152 et·
787 1101 820 1152 de
835 1099 922 1153 medio
937 1100 1009 1152 inter
1023 1100 1132 1150 eosdem
1147 1096 1325 1167 geometrico.
1352 1099 1391 1149 At
1406 1096 1477 1149 inter

112 1177 238 1230 effabiles
257 1179 388 1232 terminos
409 1196 463 1232 non
485 1188 528 1232 est
546 1197 654 1249 semper
675 1179 786 1232 eilabile
811 1181 926 1233 modium
947 1179 1153 1249 geometricum.
1184 1178 1255 1229 Sunt
1279 1174 1364 1244 igitur
1386 1184 1476 1228 mot-us

113 1257 289 1326 planetarum
303 1257 383 1311 medii
397 1257 550 1313 ineffabiles
572 1266 601 1313 et
631 1258 918 1313 incommensurabiles
940 1259 1058 1312 motibus
1078 1258 1209 1310 extremis
1225 1257 1400 1325 planetarum
1421 1272 1476 1308 om·

113 1336 194 1389 nium.
215 1337 285 1391 Vide
299 1339 429 1391 Hermon.
445 1339 493 1391 lib¹
510 1341 544 1391 V.
560 1357 622 1408 cap.
640 1341 666 1392 tl.
684 1356 760 1407 prop.
777 1340 823 1392 48.
844 1341 910 1393 Cum
926 1345 1018 1392 autem
1033 1355 1051 1390 a
1065 1336 1148 1406 priori
1165 1338 1242 1390 nulla
1256 1336 1293 1388 sit
1308 1337 1388 1397 ratio,
1405 1351 1475 1405 quae

113 1416 211 1469 formet
224 1424 313 1471 motus
329 1418 439 1481 medios,
463 1420 511 1472 sed
533 1437 592 1473 cum
610 1419 739 1472 resiliant
759 1419 862 1489 singuli
884 1438 919 1473 ex
940 1419 996 1472 suis
1017 1418 1135 1471 motibus
1155 1414 1295 1476 extremis,
1323 1421 1477 1468 nonerunt

112 1496 192 1549 medii
205 1505 296 1551 motus
311 1516 345 1551 ne
360 1499 433 1551 inter
447 1515 476 1551 se
491 1497 599 1568 quidem
612 1499 887 1559 commensurabiles;
912 1499 1017 1551 nullum
1031 1497 1102 1551 enim
1117 1497 1286 1556 ordinatum,
1310 1501 1342 1548 ut
1356 1494 1474 1548 effabili·

112 1584 166 1638 tas,
191 1593 257 1630 casu
281 1578 402 1631 existere
426 1579 505 1630 solet.
544 1579 636 1641 Quare
661 1595 748 1647 neque
774 1579 880 1647 periodi
903 1586 1055 1648 temporum
1076 1577 1195 1629 intereo
1215 1575 1474 1627 commensurabiles

112 1662 202 1710 erunt.
232 1657 318 1711 Nulla
333 1656 419 1728 igitur
433 1659 501 1711 data
517 1657 644 1727 perfecta
661 1667 782 1712 motuum
805 1659 1018 1729 apocatastasis‚
1045 1673 1114 1726 quae
1139 1674 1189 1726 pro
1207 1656 1260 1708 fine
1280 1661 1400 1708 motuum
1420 1654 1474 1707 ior·

113 1735 178 1788 mali
194 1753 244 1789 seu
258 1736 388 1791 rationali
401 1737 500 1792 haberi
515 1737 613 1808 possit.

192 1817 288 1869 Habes
302 1817 397 1890 igitur,
421 1818 517 1881 lector,
542 1834 660 1872 examen
680 1817 767 1872 libelli
789 1819 850 1881 mei.
875 1818 918 1872 cui
940 1817 1036 1871 titulus
1052 1832 1069 1869 a
1084 1814 1216 1885 Mysterio
1232 1811 1473 1884 cosmographico,

113 1894 274 1964 promissum
288 1904 354 1951 ante
369 1913 455 1952 annos
473 1900 509 1952 10
522 1899 551 1952 in
566 1900 666 1953 Comm.
682 1898 779 1952 Martis
794 1907 867 1969 part.
885 1900 933 1963 ΙΙΙ,
949 1916 1042 1952 verum
1057 1904 1122 1949 ante
1137 1895 1363 1949 Harmonioorum
1377 1891 1474 1946 editio·

113 1991 175 2028 nem
190 1976 265 2029 locus
279 1976 344 2031 bulo
357 1977 477 2032 examini
494 1996 548 2032 non
561 1978 624 2032 unt.
653 1979 745 2041 Quare
760 1979 813 2033 fine
834 1977 1054 2035 commentationi
1076 1975 1202 2045 imposito
1223 1983 1416 2028 convertamur
1439 1973 1474 2025 ad

113 2055 256 2125 hymnum,
278 2057 323 2127 qui
345 2056 444 2112 librum
465 2057 577 2113 claudit.
