3414 5550
663 314 746 368 uoco
764 317 881 368 aarum.
970 331 980 339 ·
1388 317 1453 386 203

89 492 144 529 non
164 476 311 545 respicitur
330 493 438 532 summa
456 477 602 547 planorum
622 480 787 550 angulorum
808 481 836 534 in
856 480 952 534 solido.
995 480 1133 535 Fortassis
1162 481 1210 535 illc
1239 483 1346 536 colorat
1366 488 1454 537 totam

90 557 262 611 harmoniam
282 573 301 610 a
321 557 419 627 quinta
439 558 467 611 in
488 565 624 628 quartam,
647 567 691 613 est
711 562 784 615 enim
805 568 835 613 et
855 567 944 614 motus
966 561 1027 628 ejus
1041 561 1143 626 varius,
1166 569 1195 615 et
1209 564 1359 616 octaedron
1374 562 1454 616 mira·

91 636 159 696 bile,
179 646 212 691 nt
232 644 277 690 est
297 653 359 706 cap.
386 639 431 691 l'l.
455 638 507 692 mei
529 638 625 692 libelli.
668 639 796 694 sednon
819 657 928 710 possum
950 641 1103 705 affirmare,
1133 642 1198 712 quia
1223 643 1341 697 nondum
1362 640 1455 696 audiri

89 717 162 769 hanc
181 717 242 787 eJue
264 718 476 782 celerationem,
499 736 550 772 nec
570 719 710 773 reviviscit
723 721 912 793 Pythagoras,
934 721 980 792 qui
994 722 1046 775 hoc
1061 722 1126 775 mihi
1140 722 1253 785 reserat,
1276 722 1327 775 nisi
1349 722 1372 776 ei
1393 721 1473 789 ejus

90 796 184 851 anima
203 799 230 852 in
251 815 295 852 me
315 797 458 868 migravit.
501 799 596 852 Habes
617 816 748 854 summam
769 801 852 869 hujus
873 800 1081 870 disputationis,
1109 818 1164 872 qus
1185 802 1212 873 in
1233 803 1320 855 lucem
1343 802 1454 865 emissa,

90 878 181 930 nescio
203 896 239 933 an
260 877 398 947 Tychonis
420 878 601 932 domunculae
623 880 788 935 chartaceus
810 882 846 935 ab
872 882 926 934 hac
951 881 1058 935 immani
1086 889 1265 936 concentuum
1293 883 1456 936 coelestium

76 957 265 1014 -vehementia
285 958 421 1028 impulsae
443 959 613 1014 corruiturae
635 961 698 1024 sint,
722 964 792 1031 quod
812 969 904 1015 tamen
920 978 973 1014 non
989 963 1015 1014 in
1038 960 1165 1016 invidiam
1179 961 1261 1016 tanti
1282 962 1332 1015 viri
1353 964 1455 1016 dictum
1521 993 1522 998 κ

89 1038 162 1093 volo.
204 1041 267 1094 Jam
288 1047 320 1092 tu
340 1039 418 1092 modo
440 1037 516 1102 vide,
544 1055 580 1093 an
608 1040 659 1093 ills
683 1042 825 1095 diminutio
854 1058 1027 1096 numerorum
1052 1043 1080 1096 in
1100 1051 1122 1111 lp
1143 1041 1209 1103 eti)
1235 1043 1349 1096 tolerari
1376 1043 1457 1097 salva

89 1121 260 1175 muonomia
278 1121 378 1191 possit.

161 1267 257 1317 Similia
275 1270 328 1334 egit
345 1268 468 1333 Keplerus
486 1268 580 1331 aliquot
599 1271 671 1318 annis
695 1277 752 1333 post
775 1285 831 1320 cum
856 1274 999 1336 Angusto
1024 1270 1170 1333 Principe
1194 1270 1384 1326 Anhaltino,
1412 1271 1454 1333 qui

90 1354 155 1388 anno
176 1336 243 1388 1607
261 1340 325 1389 haec
343 1340 452 1404 chlero
470 1339 580 1401 scripsit:
611 1375 641 1398 „.
658 1377 662 1387 .
678 1377 705 1388 ..
725 1348 794 1390 sonat
811 1344 884 1391 weiss
902 1343 942 1391 ich
960 1342 1029 1392 nicht
1048 1342 1078 1390 cb
1097 1342 1141 1391 der
1157 1341 1223 1390 Hert
1247 1347 1320 1407 muge
1343 1340 1454 1407 geschen

89 1410 158 1459 habu
176 1410 222 1460 das
240 1411 340 1461 bilchlin
365 1426 413 1460 ron
439 1411 495 1460 dom
515 1408 686 1474 Corporalisch
705 1411 886 1463 octocedronte
912 1413 971 1463 oder
996 1413 1035 1462 dic
1060 1411 1137 1461 kunst
1156 1412 1288 1476 Corporum
1306 1412 1456 1478 regularium

90 1481 203 1546 gensndt
221 1498 252 1532 ex
270 1481 518 1542 numonstormslib.
539 1482 639 1531 erstlieh
658 1483 791 1540 eriunden,
815 1486 841 1533 in
859 1484 965 1535 welches
987 1483 1088 1533 bhchlin
1111 1484 1212 1534 rotrude
1241 1484 1285 1533 der
1303 1483 1455 1533 Astronoml·

91 1552 168 1602 schen
186 1556 283 1603 musica
307 1554 355 1604 rial
379 1552 488 1618 gedacht
510 1552 585 1609 vird,
610 1554 666 1604 weil
691 1554 752 1604 alles
776 1555 832 1604 auli
853 1556 897 1605 des
915 1556 1071 1620 Pythagoras
1090 1555 1186 1605 Zahlen
1207 1553 1230 1603 l.
1251 1552 1275 1603 2.
1297 1551 1321 1603 6.
1340 1552 1365 1602 4.
1384 1554 1409 1602 b.
1429 1551 1454 1603 6.

90 1624 178 1674 stehen
198 1625 259 1682 soll,
278 1626 325 1675 vie
343 1626 369 1675 in
388 1625 488 1674 Musica
505 1637 550 1673 aus
567 1630 604 1682 ut,
623 1640 658 1682 re,
677 1627 720 1679 mi.
740 1626 774 1687 ia,
794 1627 839 1681 sel,
858 1626 891 1683 la,
911 1629 957 1676 mit
973 1627 1039 1676 ihrer
1057 1626 1192 1690 periecticn
1210 1626 1260 1676 rnd
1277 1625 1455 1689 imperfectior,

90 1696 130 1746 die
150 1696 214 1746 Zabl
232 1697 276 1746 der
293 1703 370 1746 uoten
390 1696 555 1753 entstanden,
574 1697 630 1745 weil
648 1697 764 1761 diapason
783 1699 823 1748 ein
842 1699 1003 1748 rolhomliohe
1022 1704 1113 1747 octava
1129 1700 1155 1747 in
1173 1697 1283 1756 Musica,
1303 1698 1350 1747 liin
1369 1699 1457 1762 quinta

89 1769 114 1817 iu
135 1769 287 1818 astronomia
307 1765 439 1829 (Maelinae
452 1781 491 1831 cp.
508 1764 563 1827 69).
589 1764 702 1831 Septima
719 1769 934 1833 imperfectissima
951 1772 976 1819 in
995 1768 1094 1819 Musica
1111 1770 1157 1820 hat
1174 1784 1220 1836 gar
1238 1769 1296 1818 lein
1315 1781 1454 1819 consonan-

89 1841 167 1896 tiam,
185 1840 262 1889 istiu
281 1840 440 1889 Astronomia
459 1839 597 1902 oppositum
614 1839 796 1903 planissimum,
821 1841 873 1890 slso
892 1856 960 1892 nona
977 1841 1071 1906 figura,
1098 1842 1130 1889 ist
1148 1839 1212 1891 auch
1231 1841 1378 1903 imperfecta
1395 1854 1456 1890 con-

88 1911 217 1968 sonantia,
244 1911 298 1960 weil
324 1912 360 1960 sie
382 1912 421 1959 uit
438 1911 553 1959 stimmen
576 1910 629 1966 vil,
654 1926 735 1975 neque
760 1927 816 1962 cum
839 1915 956 1970 unisono,
983 1911 1048 1962 noch
1065 1914 1111 1962 mit
1129 1913 1177 1962 der
1190 1917 1245 1962 sert
1263 1912 1328 1961 uech
1346 1912 1393 1961 mit
1411 1911 1455 1961 dar

89 1989 188 2032 octava.
225 1980 268 2032 Da
285 1982 367 2032 deses
385 1982 442 2031 sehr
461 1980 559 2031 ehulich
580 1996 662 2031 rnsrm
681 1983 775 2033 discurs
793 1999 821 2032 so
839 1986 883 2033 vir
900 1984 926 2033 in
947 1984 1039 2034 Gdrlits
1057 1985 1103 2032 mit
1122 1983 1242 2034 einander
1267 1982 1375 2047 gchabt,
1401 1983 1456 2032 sein

89 2053 224 2103 resolution
242 2053 287 2102 soll
305 2054 352 2102 mir
369 2067 416 2118 gar
434 2052 482 2102 lieb
501 2051 570 2102 sein“
591 2052 637 2102 dc.
1405 2059 1408 2066 '

162 2177 202 2226 Ad
219 2177 282 2228 haec
301 2176 425 2241 Keplerus
443 2173 479 2237 (d.
500 2173 543 2225 29.
561 2176 612 2226 Jul.
635 2173 732 2238 idon:

168 2278 227 2330 Das
242 2276 359 2331 Bilchlin
379 2293 440 2331 vom
462 2277 693 2346 Corporalischen
718 2279 917 2331 Octocedroute
940 2277 997 2330 hab
1019 2277 1063 2331 ich
1085 2276 1126 2330 nit
1146 2275 1286 2346 geschen‚
1309 2276 1365 2329 hab
1387 2276 1456 2329 aber

88 2359 182 2411 selber
202 2374 254 2409 vor
275 2357 338 2411 sila
353 2357 460 2411 Jahren
487 2357 665 2428 dergleichen
691 2365 793 2411 etwass
825 2359 984 2428 aussgehen
1014 2357 1125 2418 lassen,
1157 2357 1229 2410 vnnd
1260 2373 1289 2408 so
1314 2356 1363 2426 ich
1384 2355 1453 2409 mich

88 2437 168 2492 recht
188 2437 311 2501 besinne,
333 2438 366 2491 E.
388 2438 418 2492 F.
441 2438 557 2491 Gnaden
579 2456 613 2491 zu
634 2438 741 2491 Ghrlitz
762 2437 886 2509 gezeigt,
908 2439 1035 2508 genandt
1054 2435 1217 2507 Mysterium
1239 2434 1455 2505 Cosinogrephi·

88 2535 158 2580 curn,
181 2520 279 2571 deesen
300 2517 493 2571 vnnterscheid
514 2534 568 2571 ron
589 2519 649 2571 dem
670 2519 765 2571 lutent
785 2518 857 2571 disee
873 2517 1074 2571 octocedrontis
1096 2516 1169 2569 diser
1190 2515 1234 2576 ist,
1258 2516 1321 2568 dass
1344 2532 1375 2567 er
1396 2514 1454 2568 sich

88 2599 274 2661 rerwundert,
296 2597 349 2650 wie
371 2615 401 2651 es
422 2599 541 2668 zugehe,
564 2600 628 2651 dass
649 2599 705 2651 alle
725 2598 848 2667 Corpora
868 2597 1011 2668 regularia
1032 2613 1097 2650 ause
1118 2595 1194 2649 dicen
1214 2593 1455 2667 Pythagorischen

87 2679 198 2733 Zshlen
222 2679 245 2731 l.
269 2677 295 2730 2.
318 2676 345 2730 3.
369 2679 396 2732 4.
420 2678 446 2731 5.
470 2679 496 2731 6.
519 2677 703 2741 herlshomen‚
726 2678 819 2749 gleich
840 2678 897 2731 alss
919 2679 1031 2731 wiirden
1057 2678 1100 2730 die
1121 2676 1245 2745 Corpora
1270 2693 1307 2728 ex
1336 2675 1455 2728 numeris

88 2758 187 2819 creirt‚
210 2758 257 2811 lch
280 2759 349 2811 aber
370 2757 500 2830 arrmige,
523 2759 647 2827 Corpora
667 2775 728 2811 esse
750 2765 851 2812 natura
871 2758 965 2827 priora
985 2774 1044 2811 cum
1066 2774 1160 2810 eorum
1180 2754 1396 2823 compositione,
1423 2760 1457 2807 ut

87 2847 118 2892 et
140 2838 259 2892 musicas
281 2839 488 2907 proportiones:
511 2856 547 2892 ex
574 2837 606 2892 iis
627 2845 728 2908 postea
748 2838 888 2892 conciliari
915 2837 1080 2909 dignitatem
1106 2836 1224 2891 numeris
1245 2834 1452 2906 Pythagoricis.

88 2920 126 2972 Ut
147 2935 201 2971 non
222 2918 284 2971 ideo
306 2919 391 2971 cubus
413 2925 509 2972 nactus
530 2924 575 2972 est
595 2936 647 2972 sex
666 2919 761 2988 plana,
784 2918 849 2989 quia
869 2918 993 2972 senarius
1014 2925 1058 2972 εει
1079 2917 1218 2987 perfectus
1241 2931 1383 2978 numerus,
1407 2915 1455 2968 sed

89 3005 190 3054 contra
210 2998 271 3052 ideo
286 2998 412 3052 senarius
426 3005 471 3052 εει
485 2999 609 3067 pulcher,
632 3000 698 3070 quia
712 3001 806 3061 cubus,
828 2999 944 3067 primum
958 3014 1065 3068 corpus,
1087 2998 1175 3051 habet
1195 3004 1239 3049 tot
1259 2998 1358 3065 plana;
1380 2995 1456 3065 prius

90 3079 162 3132 enim
184 3085 231 3132 est
250 3095 296 3131 res
318 3079 393 3149 ipsa,
422 3085 523 3149 postea
547 3078 586 3132 rei
609 3079 684 3133 notio
705 3079 803 3133 existit
823 3079 850 3133 iu
876 3086 980 3142 mente,
1010 3095 1138 3133 numerus
1162 3093 1228 3129 vcro
1256 3083 1301 3129 est
1321 3077 1456 3145 quaedam

87 3176 179 3212 rerum
200 3158 293 3220 notio,
316 3159 415 3213 mentis
437 3176 515 3230 opus.
557 3159 603 3213 Sic
623 3159 761 3214 ternarius
783 3176 862 3214 sacer
882 3166 927 3213 est
948 3178 1001 3214 nou
1023 3158 1197 3230 originaliter
1218 3165 1249 3210 et
1269 3155 1382 3226 propris
1403 3155 1456 3209 vir-

87 3247 162 3302 tute,
194 3241 240 3292 sed
268 3239 333 3309 quis
359 3238 493 3293 trinitatis
521 3255 657 3308 personae
687 3240 864 3310 explicantur
885 3240 937 3294 hoc
958 3239 1089 3293 ternario.
1132 3239 1206 3292 Dase
1228 3243 1323 3299 erut,
1345 3253 1388 3298 re,
1411 3234 1454 3297 mi,

91 3321 135 3382 ia,
160 3321 215 3382 sol,
237 3320 267 3373 la
291 3320 369 3374 zehlt
389 3319 438 3372 mit
462 3321 486 3373 l.
509 3319 534 3373 2.
559 3320 585 3373 3.
609 3321 635 3373 4.
659 3320 684 3374 5.
708 3322 734 3374 6.
756 3320 903 3391 geschicht
929 3319 1056 3391 populari
1083 3318 1204 3381 ratione,
1232 3319 1304 3370 vund
1326 3317 1405 3369 hette
1426 3332 1456 3368 er

88 3401 162 3452 eben
184 3417 215 3453 εο
237 3400 361 3471 fneglich
382 3399 483 3453 zehlen
503 3399 651 3454 lrhenden:
673 3401 709 3464 la,
732 3402 783 3464 sol,
806 3401 843 3463 ia,
866 3399 910 3463 mi,
933 3417 971 3463 re,
993 3407 1033 3454 ut.
1064 3399 1125 3453 Illic
1146 3403 1323 3466 comparatur
1343 3412 1455 3449 acumen

89 3558 270 3623 multitudini,
290 3558 336 3613 hic
356 3558 493 3630 gravitas,
516 3568 546 3613 et
566 3559 671 3612 meliori
688 3560 763 3629 jure.
804 3559 887 3613 Acuti
908 3560 979 3614 enim
1001 3576 1088 3614 causa
1106 3557 1278 3629 geometrica
1299 3562 1343 3609 eet
1364 3554 1456 3624 parvi·

90 3651 152 3703 tas,
181 3639 278 3711 gravis
299 3655 386 3693 causa
405 3646 450 3693 cst
470 3638 649 3710 magnitudo;
677 3639 840 3711 magnitudo
866 3657 931 3694 vero
956 3647 987 3693 et
1006 3639 1151 3694 multitudo
1173 3636 1370 3708 quodammodo
1391 3651 1455 3687 con-

89 3720 214 3774 veniunt.
519 3766 521 3768 .

170 3802 247 3854 Aber
267 3815 350 3853 vanu
372 3814 455 3853 mann
478 3798 537 3852 will
558 3799 697 3869 exquisite
718 3799 856 3863 handeln,
885 3808 950 3854 tunc
975 3817 1028 3853 non
1051 3804 1131 3852 tanto
1152 3803 1197 3850 est
1217 3794 1330 3868 gravior
1350 3811 1405 3848 vox
1426 3799 1457 3846 ut

87 3898 155 3933 voce
177 3882 220 3944 la,
250 3885 354 3951 quanto
380 3879 470 3950 maior
491 3881 508 3933 6
530 3895 612 3949 quam
637 3882 661 3933 1.
703 3880 826 3934 Sondern
849 3881 919 3934 allso
940 3881 1025 3935 findet
1046 3897 1076 3933 εε
1098 3877 1155 3931 sich
1177 3877 1204 3930 in
1225 3873 1397 3948 geometrica
1416 3872 1456 3927 di·

86 3960 228 4016 mensicne
249 3960 417 4031 quantitatis
439 3975 510 4031 quae
532 3976 627 4013 vocem
647 3961 721 4015 edit:

318 4047 350 4094 ut
389 4038 439 4095 re'
509 4056 540 4093 re
582 4039 617 4093 mi
707 4041 744 4096 mi
784 4040 815 4093 fa
905 4041 935 4094 fa
976 4041 1017 4093 eol
1107 4039 1149 4092 sol
1191 4037 1220 4090 la

329 4118 1215 4176 98109·161598109

87 4202 181 4255 Wann
202 4217 281 4255 mans
302 4217 336 4255 au
358 4200 411 4256 eim
431 4199 647 4255 Denominatore
668 4201 805 4265 reducirt‚
826 4202 913 4255 findet
933 4218 963 4254 es
984 4200 1043 4254 sich
1065 4200 1144 4254 also:

466 4287 499 4333 ut
579 4297 609 4334 re
690 4282 726 4336 mi
807 4281 837 4334 fa
918 4281 960 4334 sol
1041 4281 1071 4334 la

455 4360 510 4415 180
569 4362 624 4414 160
682 4363 739 4416 144
792 4361 846 4415 135
910 4362 966 4415 120
1034 4359 1089 4416 108

84 4441 122 4495 So
144 4438 182 4493 ist
203 4457 233 4494 es
256 4439 443 4503 arbitrarium,
466 4442 530 4493 dass
552 4457 614 4494 man
637 4459 688 4496 nur
709 4443 788 4495 sechs
810 4456 909 4495 namen
931 4444 979 4495 der
1000 4442 1126 4495 stimmen
1147 4440 1211 4501 hat,
1233 4438 1304 4489 vnnd
1326 4451 1454 4516 gezogen

83 4540 121 4575 ex
145 4521 249 4589 hymno
268 4520 384 4575 Joannie
403 4521 560 4590 Baptistae,
581 4534 609 4576 nt
627 4535 721 4593 queant
738 4528 801 4577 laxis
827 4523 832 4589 Ι
855 4543 971 4579 resonare
990 4529 1056 4578 fibris
1080 4521 1085 4590 Ι
1110 4529 1172 4576 mira
1190 4532 1315 4590 gestorum
1341 4515 1346 4584 Ι
1369 4520 1455 4570 famuli

43 4597 48 4603 ⁶
84 4617 184 4658 tuorum
206 4601 213 4674 Ι
237 4608 304 4659 solve
321 4609 407 4674 polluti
432 4604 437 4669 Ι
461 4608 520 4658 labii
539 4613 645 4665 reatum,
664 4615 752 4659 sancte
764 4609 889 4659 loannes!
926 4603 977 4657 Hic
999 4608 1064 4655 sunt
1084 4603 1102 4655 6
1124 4600 1271 4671 pericopae
1293 4595 1455 4663 incipientes

84 4699 143 4736 una
164 4682 258 4737 altera
278 4682 363 4737 altius
384 4698 439 4736 uno
460 4683 550 4755 gradu
573 4682 656 4744 vocis,
679 4699 738 4736 cum
760 4699 830 4753 ergo
850 4682 930 4736 initis
951 4683 1047 4736 harum
1069 4687 1180 4735 essent:
1203 4686 1235 4731 ut
1254 4693 1284 4729 re
1305 4676 1340 4730 ini
1362 4674 1392 4728 fa
1412 4675 1455 4728 sol

83 4763 129 4827 la,
160 4762 265 4816 mansit
290 4780 387 4818 nomen
408 4762 461 4817 hoc
487 4762 528 4817 illi
554 4762 652 4836 gradui
680 4763 772 4826 vocis,
803 4779 883 4842 quem
913 4762 1034 4817 obtinuit
1058 4762 1172 4836 syllaba
1197 4760 1268 4815 haec
1288 4756 1316 4810 in
1337 4754 1456 4812 melodia

82 4843 170 4918 uque
191 4841 294 4921 nyma
