3428 5542
786 288 948 347 mum-
1201 297 1541 381 aso

190 451 341 503 Messalinus
359 453 477 509 voluistis,
494 452 604 517 petenda
621 453 683 509 erits
703 454 761 517 quio
779 460 806 502 et
821 454 862 503 hic
880 453 1022 504 difficillime
1040 456 1195 506 invenienda.
1234 456 1314 518 Quam
1332 472 1433 521 operam
1450 462 1471 509 si
1488 462 1542 526 qula

190 524 398 587 superaddiderit,
416 525 484 573 illum
503 526 629 588 antiquum
646 523 829 589 Pythagoreos,
848 527 888 590 qui
906 523 1060 577 harmoniam
1078 529 1225 578 concinnam
1243 527 1402 585 coelestibus.
1429 531 1478 580 imo
1496 534 1542 589 toti

188 593 283 644 mundo
300 597 383 645 inesse
401 596 593 659 praesentiebat,
612 608 728 658 superare
747 594 857 645 dixerim.
885 596 919 645 Et
936 596 995 646 licet
1013 598 1144 649 circulares
1162 600 1187 648 in
1201 599 1269 649 coelo
1288 600 1410 649 motiones
1427 614 1540 652 nonnun-

189 679 265 731 quam
284 665 416 731 angulsres
435 666 554 730 quasdam
573 672 599 715 et
623 667 705 714 rarias
731 666 823 730 dgurss
848 673 923 732 atque
945 669 1101 732 utplurimum
1123 671 1242 735 oblongas
1260 671 1393 734 composito
1412 685 1456 721 suo
1473 680 1542 724 motu

189 736 289 786 allicere
307 739 402 786 cunose
420 736 518 801 singula
535 738 666 786 trutinasti
684 737 761 786 sideri
778 740 886 801 possint:
906 738 935 788 iit
951 745 1036 790 tamen
1055 741 1080 790 id
1097 755 1142 804 per
1160 740 1276 791 accidens
1298 747 1324 790 ιι
1345 740 1460 792 abhorret
1477 747 1541 794 ratio

189 809 222 858 ab
239 807 289 857 hac
307 810 480 871 suppositione.
519 807 622 872 Oportet
640 809 706 857 enim
724 811 821 858 omnino
840 824 870 859 ex
888 811 1044 860 circularibus
1063 814 1174 876 componi
1191 820 1310 862 ιιιιοιιιιιι
1329 813 1459 868 cucullus,
1479 815 1541 865 alias

188 888 307 943 perpetuo
326 880 478 929 uniformiter
496 886 522 929 ct
540 880 702 944 aequabiliter
720 882 744 929 in
763 895 790 929 se
808 895 857 930 non
875 888 1027 931 revertentur
1045 890 1071 932 et
1087 884 1269 947 perennitatem
1281 883 1440 934 frustrabant.
1464 883 1540 935 Prae·

188 957 303 1015 tauquam
314 951 380 1015 quod
391 953 471 1000 minus
489 952 612 1015 simplices
629 953 757 1017 magisque
776 951 906 1001 anomalae
924 960 1004 1010 erant,
1023 968 1069 1002 nec
1087 954 1163 1003 etiam
1181 954 1308 1005 doctrinae
1327 963 1354 1005 ιι
1370 957 1425 1006 usui
1443 971 1540 1007 accom-

188 1023 286 1072 modae.
324 1022 364 1073 De
383 1019 403 1081 ζ)
421 1038 471 1071 non
490 1031 528 1072 est
546 1036 590 1071 our
608 1023 692 1072 doleas
717 1026 769 1085 eius
787 1023 884 1072 stellam
903 1036 920 1072 s
936 1038 976 1074 mc
994 1040 1043 1073 uon
1062 1040 1116 1075 esse
1134 1026 1304 1084 observatam,
1331 1034 1375 1076 aut
1393 1029 1457 1092 quod
1476 1029 1540 1078 idem

189 1108 245 1143 cum
258 1094 393 1157 copemico
411 1095 436 1142 in
456 1095 509 1155 clus
526 1093 704 1158 phaenomenls
723 1094 880 1144 ostendendis
895 1096 1058 1158 praetendere
1069 1097 1150 1147 rellm.
1179 1097 1253 1147 Licet
1271 1099 1334 1148 enlm
1354 1097 1446 1148 aSolls
1464 1099 1540 1148 radiis

187 1167 312 1215 nrissime
330 1165 491 1228 digrediatur,
511 1173 536 1215 et
553 1165 694 1215 inclinatior
712 1165 777 1229 apud
790 1180 835 1215 nos
848 1167 873 1215 in
886 1165 971 1216 Dania
983 1168 1016 1216 sit
1027 1167 1142 1230 sphaera,
1161 1182 1235 1233 quam
1249 1169 1382 1233 Frneburgl
1393 1170 1418 1218 in
1431 1169 1539 1227 Prussla,

187 1236 230 1286 ubi
242 1238 302 1285 risit
314 1235 471 1301 (lopernicus.
491 1236 620 1300 pluresque
632 1251 700 1286 mare
713 1239 781 1286 circa
792 1237 898 1286 insulam
909 1237 1070 1287 habitationis
1088 1245 1188 1288 nostrae
1208 1240 1318 1289 emiserit
1334 1253 1447 1303 vapores,
1466 1254 1540 1306 qnam

188 1306 302 1355 Vistula:
321 1306 430 1370 plurimis
447 1314 533 1357 tamen
550 1308 651 1365 vicibus,
670 1309 718 1356 imo
736 1322 800 1372 peue
818 1308 919 1373 singulis
938 1309 1017 1365 suuis,
1038 1308 1095 1358 dum
1113 1310 1139 1358 in
1152 1308 1306 1375 Uraniburgo
1319 1316 1402 1359 uostro
1420 1311 1539 1362 nidoribus

187 1377 349 1443 invigilarem.
368 1383 421 1427 tam
440 1393 499 1428 eous
517 1392 591 1443 quam
610 1380 761 1441 vespertinus
780 1386 896 1428 accurate
915 1391 932 1427 a
949 1379 1018 1428 uobis
1037 1380 1140 1429 coelitus
1159 1380 1304 1430 denotatus:
1322 1387 1352 1430 nt
1369 1396 1449 1445 neque
1465 1382 1538 1446 hujus

187 1451 258 1505 astri,
276 1455 333 1498 utut
350 1451 473 1500 rarissirm
492 1457 587 1513 pateat,
607 1456 633 1498 et
650 1450 732 1498 multis
751 1450 902 1499 aufractibus
921 1451 954 1498 sit
971 1450 1109 1509 obnoxium,
1128 1465 1173 1501 nos
1189 1453 1275 1515 fugere
1292 1453 1369 1515 possit
1387 1455 1477 1503 semita
1493 1468 1537 1504 nc·

185 1535 312 1586 qusquam
330 1521 362 1569 ab
380 1521 483 1570 aliorum
501 1520 579 1569 dubiis
599 1521 857 1578 animadversionibus.
875 1523 912 1570 uti
930 1527 1032 1571 coactus
1050 1529 1089 1572 est
1102 1522 1258 1587 (lopemicus,
1276 1522 1420 1573 mutuanda.
1451 1524 1492 1575 De
1510 1516 1536 1590 Ω

186 1599 307 1657 quantam
324 1591 445 1641 hactenus
462 1593 628 1656 pervestigare
646 1591 728 1648 licuit,
747 1601 840 1641 certum
858 1599 910 1647 est.
930 1595 983 1654 elus
1002 1607 1141 1660 apogaeum
1158 1608 1207 1642 non
1225 1593 1328 1643 multum
1347 1608 1364 1644 a
1381 1594 1461 1645 Solsrl
1480 1603 1534 1645 aut·

185 1677 280 1713 rorsum
296 1665 424 1718 removeri.
444 1663 515 1712 aliter
533 1676 607 1726 qnam
624 1664 702 1711 sensu
720 1661 880 1727 (lopernicus,
898 1677 945 1712 nec
964 1664 1043 1715 eidem
1062 1672 1145 1714 tamen
1163 1664 1237 1727 plane
1255 1666 1331 1722 uniri,
1349 1672 1378 1714 ut
1395 1666 1536 1732 Albategnii

184 1736 325 1783 imitatione
343 1734 428 1783 rolant
445 1732 623 1797 Alpbonsinae.
659 1732 687 1782 ln
707 1735 890 1783 ecceutricitate
908 1741 994 1784 ιιιιιιιι
1013 1739 1065 1798 ejus
1089 1749 1139 1784 nou
1163 1741 1202 1785 est
1225 1750 1270 1800 par
1293 1737 1370 1795 ratio,
1396 1750 1454 1789 uam
1480 1751 1537 1787 eam

184 1805 263 1855 multo
281 1807 400 1854 minorem
419 1803 498 1855 Solari
517 1803 674 1868 deprehendi.
703 1807 743 1854 An
760 1805 884 1855 mutabilis
902 1807 943 1863 sit,
962 1807 1070 1856 nondum
1088 1805 1197 1864 dixerim.
1216 1807 1260 1857 ssd
1278 1822 1328 1857 uon
1344 1822 1493 1874 magnopere
1510 1808 1535 1859 id

186 1878 301 1941 probabit
318 1876 357 1925 rel
375 1876 521 1939 improbabit
538 1884 584 1925 tua
601 1890 644 1938 per
662 1890 688 1925 se
707 1877 836 1941 ingeniosa
853 1877 992 1927 ratiocinia.

257 1948 278 1998 E
296 1948 370 1997 stella
386 1948 464 2010 polari
483 1948 521 1997 rel
539 1949 624 2011 quavis
643 1947 693 1996 elia
710 1947 831 1997 subtiliter
849 1962 943 2005 cruere.
963 1963 995 1999 an
1014 1949 1077 1998 orbis
1096 1962 1193 1998 annuus
1205 1948 1297 1999 Terrae
1315 1947 1474 2013 sGopsruico
1493 1965 1534 2000 er·

186 2021 324 2085 cogitatus,
350 2020 371 2066 si
388 2019 408 2067 is
428 2028 508 2075 esset,
534 2026 637 2068 octavae
661 2017 780 2080 sphaerae
798 2019 875 2068 stellis
894 2020 1072 2085 aliquantulam
1094 2021 1201 2069 insinuet
1223 2020 1374 2082 parallaxin.
1397 2024 1450 2083 jam
1475 2031 1534 2074 aute

187 2091 286 2154 saepius
304 2095 330 2139 et
347 2090 478 2154 diligenter
496 2091 598 2153 experiri
616 2091 723 2150 tentari,
746 2104 828 2139 rerum
847 2091 906 2139 nibil
926 2091 1073 2154 ejuscemodi
1096 2090 1208 2155 diligenti
1231 2092 1301 2141 iacta
1324 2093 1534 2145 animadversione

187 2162 308 2211 hactenns
327 2163 441 2225 comperi.
478 2161 544 2210 Nam
568 2161 667 2210 stellam
688 2162 810 2224 polarem.
834 2176 979 2227 quocunque
1003 2163 1062 2211 anni
1084 2169 1192 2224 tempore
1216 2175 1290 2226 supra
1311 2163 1349 2213 vel
1371 2164 1436 2213 inira
1453 2165 1535 2227 polum

184 2234 298 2297 praecise
314 2232 479 2287 observatam.
499 2232 611 2281 adhibita
628 2233 737 2294 eiusdem
755 2232 787 2281 ab
804 2232 846 2281 illo
864 2235 999 2282 remotione
1016 2246 1076 2282 rera
1094 2230 1169 2297 (quae
1187 2232 1233 2283 hoc
1252 2246 1318 2283 anno
1332 2240 1371 2284 ιιι
1388 2231 1471 2283 2⁰51⁴
1482 2234 1534 2285 loc

184 2312 211 2353 st
230 2318 287 2353 cum
304 2299 449 2352 6⁰13‘²6¹‘
469 2302 494 2362 Υ
514 2310 540 2352 ιι
559 2304 605 2356 τ-ὶι
625 2303 785 2352 meridianum
808 2318 882 2367 supra
907 2310 933 2354 et
957 2304 1021 2353 intra
1041 2303 1124 2367 polum
1142 2300 1243 2365 transit)
1270 2305 1375 2355 eandam
1392 2306 1417 2355 iu
1435 2306 1534 2358 dimidio

182 2374 306 2438 scrupulo,
325 2375 374 2423 imo
393 2376 457 2424 intra
476 2381 589 2438 quartam
606 2375 645 2423 vel
663 2381 758 2424 sextam
772 2377 825 2436 ejus
836 2382 932 2438 partam
952 2372 1091 2436 (subtiliora
1106 2376 1171 2424 riom
1183 2390 1232 2424 non
1245 2372 1374 2436 discernit)
1391 2378 1534 2441 praebuisse

182 2445 232 2510 puli
250 2445 429 2495 sublimitatem
446 2446 617 2501 animadverti,
636 2445 701 2509 quod
719 2452 746 2494 ιι
763 2445 819 2495 Chr.
832 2445 999 2503 Rothmanno.
1018 2447 1059 2509 qui
1072 2445 1255 2509 Copernioaese
1273 2447 1434 2511 speculationi
1452 2450 1532 2499 indul·

183 2532 245 2582 gens
264 2517 358 2581 aliquid
377 2517 521 2566 discriminis
540 2517 579 2565 hic
598 2518 698 2565 subesse
717 2519 830 2578 opinatus
850 2525 895 2573 est,
910 2517 1056 2579 jamdudum
1073 2518 1188 2571 indicari,
1206 2517 1302 2568 uthiuo
1315 2518 1374 2567 nibil
1385 2533 1429 2583 pro
1441 2518 1531 2584 Copor-

184 2591 239 2640 uico
257 2596 302 2638 tuo
321 2586 404 2650 (cujus
423 2591 569 2638 concinnam
588 2595 613 2637 et
631 2589 786 2653 ingeniosam
803 2588 995 2651 speculationem
1015 2587 1078 2637 alias
1097 2587 1211 2637 admirari
1225 2596 1251 2636 ιι
1263 2588 1436 2652 depraedicare
1454 2588 1532 2653 soleo)
1614 2635 1617 2641 .

186 2661 274 2711 tuendo
292 2660 417 2709 residuum
434 2662 466 2708 sit
484 2660 572 2708 solatii.
609 2658 685 2708 Petas
704 2659 812 2716 aliunde,
831 2659 968 2708 sidabitur.
1000 2657 1049 2707 Sed
1067 2658 1098 2708 de
1116 2659 1154 2708 bis
1173 2667 1247 2723 atque
1266 2659 1320 2708 aliis
1338 2659 1432 2723 plenius
1450 2668 1532 2711 tecum

182 2733 291 2796 jucunde
311 2737 337 2780 et
349 2731 504 2794 perlubenter
516 2745 598 2795 agam,
617 2730 735 2795 pluraque
755 2745 785 2779 er
801 2731 863 2779 meis
881 2730 1074 2790 communicabo,
1094 2731 1114 2779 si
1132 2746 1180 2787 me,
1199 2731 1236 2779 uti
1254 2730 1382 2793 polliceris,
1402 2731 1533 2796 aliquando

183 2804 303 2856 inviseris,
322 2802 386 2866 quod
405 2802 449 2851 tibi
465 2803 517 2863 jam
534 2804 615 2851 minus
633 2802 764 2852 molestum
781 2803 827 2851 erit
845 2815 919 2866 quam
937 2807 1024 2860 antea,
1045 2814 1100 2850 cum
1118 2803 1144 2850 in
1161 2800 1283 2850 Bobemia
1299 2816 1348 2851 nou
1368 2803 1498 2853 admodum
1517 2817 1534 2853 a

182 2875 249 2924 robis
267 2882 364 2923 remota
381 2888 446 2923 nunc
464 2873 535 2922 sedes
554 2872 662 2922 Uraniae
681 2886 757 2922 noras
775 2873 876 2929 fixerism
896 2879 970 2935 atque
988 2874 1012 2922 iu
1032 2886 1089 2921 arce
1108 2874 1254 2922 caesariana
1271 2872 1408 2930 Benacbla,
1426 2875 1532 2940 quiaque

181 2946 328 2996 milliaribus
345 2945 429 3009 Praga
446 2951 548 2999 remota,
567 2945 684 2994 habitem.
711 2944 777 2993 Nam
795 2959 835 2993 me
852 2958 869 2992 a
886 2956 1005 2993 caesarea
1022 2946 1154 3005 majestate
1172 2943 1221 2993 buc
1239 2958 1253 2993 e
1272 2944 1406 2994 Germania
1423 2945 1531 2996 clemen·

181 3019 277 3068 tissime
296 3024 410 3065 vocatum
426 3024 451 3066 et
464 3017 636 3081 benignissime
650 3030 680 3065 sc
692 3015 825 3065 liberaliter
835 3021 962 3079 receptum
973 3029 1036 3074 esse.
1056 3021 1082 3064 tc
1100 3014 1132 3064 ab
1151 3014 1206 3064 aliis
1221 3017 1274 3077 jam
1293 3021 1370 3065 autea
1387 3019 1530 3082 cognovisse

183 3087 227 3151 (ex
240 3104 287 3153 quo
307 3087 433 3137 dimidium
448 3090 501 3151 iam
520 3101 612 3137 annum
629 3087 669 3136 hic
688 3082 831 3148 subsistam)
851 3088 969 3136 existimo.
988 3083 1071 3135 Nolim
1088 3091 1174 3136 ιιιιιιιι
1191 3092 1220 3135 ιιι
1237 3086 1349 3136 fortunae
1367 3089 1488 3152 asperitas
1505 3096 1531 3139 te

181 3176 227 3210 nos
246 3159 366 3209 accedere
385 3159 524 3223 compellat,
543 3158 586 3207 sed
605 3159 684 3222 potius
703 3159 827 3207 arbitrium
846 3159 966 3222 proprium
985 3164 1011 3206 et
1029 3171 1090 3222 erga
1107 3159 1246 3207 communia
1263 3157 1346 3208 studia
1363 3172 1432 3209 amor
1450 3165 1476 3210 ιι
1494 3161 1530 3210 ai·

180 3233 262 3282 lectio.
300 3230 423 3295 Quicquid
440 3238 524 3280 tamen
542 3229 568 3278 id
584 3231 639 3287 erit,
663 3230 772 3280 insanies
791 3244 830 3278 me
848 3244 899 3279 non
916 3231 1043 3284 fortunae.
1063 3228 1238 3293 qualiscunque
1262 3228 1307 3278 illa
1328 3231 1374 3288 sit,
1399 3231 1444 3281 sad
1461 3237 1531 3281 tuum

182 3305 299 3360 amicum,
319 3304 361 3367 qui
379 3305 455 3354 etiam
473 3305 497 3352 in
517 3302 621 3351 adversa
638 3309 703 3351 sorte
722 3315 766 3350 suo
785 3301 885 3351 romilio
903 3309 930 3350 ct
947 3300 1037 3350 auxilio
1048 3300 1093 3348 tibi
1111 3312 1267 3364 nequaquam
1285 3303 1318 3349 sit
1335 3300 1470 3357 defuturus.
1487 3303 1531 3353 scd

180 3377 262 3439 potius
281 3382 306 3424 te
326 3375 359 3423 ad
377 3376 470 3438 optima
488 3387 598 3438 quaeque
615 3379 775 3436 promoturus.
813 3371 846 3420 Et
864 3374 883 3420 si
901 3379 997 3422 mature
1016 3372 1164 3429 accesseris,
1190 3385 1234 3420 ess
1256 3371 1319 3421 iorte
1336 3374 1445 3424 rationes
1462 3375 1529 3425 inre·

179 3447 285 3505 alemus,
304 3446 390 3510 quibus
409 3447 453 3495 tibi
472 3452 497 3494 et
515 3446 563 3494 tuis
581 3446 607 3493 in
625 3451 748 3507 posterum
767 3445 856 3493 rectius
874 3457 947 3507 quam
966 3448 1042 3492 antea
1060 3441 1198 3492 consultum
1215 3443 1270 3491 erit.
1306 3441 1369 3496 Vale
1387 3442 1432 3494 ito.

253 3518 385 3567 Dabuntur
402 3517 547 3569 Benachiae
564 3516 615 3566 sive
633 3514 746 3566 Veneriis
764 3513 927 3564 Bohemorum
945 3514 968 3564 d
988 3510 1003 3562 9
1024 3512 1086 3564 Dec.
1106 3520 1138 3563 st.
1157 3529 1182 3564 n.
1202 3510 1280 3563 1599.

447 3590 449 3595 ·
907 3584 914 3602 ·
1177 3584 1223 3634 Tui
1243 3584 1425 3634 ιιιιιιιίιιίιιιιιι

1163 3655 1193 3704 Τ.
1210 3657 1242 3707 Β.
1261 3671 1339 3721 mppr.
1358 3657 1451 3720 scripsi.

253 3802 346 3862 Quibus
364 3800 512 3863 interpositis
530 3796 637 3847 redimus
656 3797 687 3845 ad
706 3795 788 3846 literas
806 3795 908 3860 Koplerl
927 3803 952 3846 et
970 3794 1096 3845 Maestlini
1112 3802 1219 3845 mutuas.

252 3873 396 3923 Maestlinns
415 3871 448 3920 ed
465 3871 549 3919 literas
567 3869 669 3932 Kepleri
688 3864 726 3929 (d.
744 3865 759 3915 9
778 3867 840 3918 Dec.
862 3864 945 3925 1598,
964 3882 987 3916 r.
1006 3882 1025 3916 ι.
1044 3882 1068 3930 p.
1089 3863 1149 3927 39).
1168 3867 1255 3931 quibus
1274 3868 1441 3930 calamitates,
1460 3883 1526 3935 quac

178 3954 233 3995 tum
252 3944 377 4007 Styriacos
395 3941 498 3992 Lutheri
517 3941 573 3989 fidei
592 3939 702 3989 addictos
721 3940 817 4003 agitare
835 3940 987 4003 inceperunt,
1006 3939 1098 3994 refert.
1117 3937 1155 3987 his
1173 3938 1316 4002 respondit:
1343 3941 1443 3990 Annum
1460 3939 1526 3991 hunc

179 4016 250 4068 Deus
269 4015 336 4066 oui.
353 4017 474 4080 largiatur
491 4013 560 4061 nobis
577 4011 673 4061 faucem
692 4016 718 4059 ct
735 4025 889 4075 prosperum,
915 4024 962 4075 quo
985 4024 1030 4059 nos
1053 4010 1085 4060 ab
1102 4010 1286 4061 imminentibus
1304 4010 1374 4061 malis
1393 4011 1528 4063 clementer

180 4089 313 4140 custodiat.
351 4087 390 4136 De
409 4086 491 4151 gratia
508 4085 584 4147 ipsius
602 4096 684 4131 sumus
703 4082 800 4146 quidem
818 4083 887 4140 certi,
906 4082 950 4132 sed
967 4080 1087 4147 quomodo
1106 4094 1161 4131 eam
1180 4080 1313 4145 dispenset,
1330 4082 1447 4134 ridemus.
1472 4083 1525 4135 Ira-

178 4171 232 4211 tum
258 4161 323 4210 enim
350 4157 442 4207 vultum
462 4155 531 4204 Deus
556 4167 630 4217 saepe
655 4153 766 4214 simulat,
795 4162 821 4202 et
844 4155 958 4218 ingentes
982 4153 1138 4203 calamitates
1156 4151 1225 4201 uobis
1246 4153 1345 4215 objicit,
1372 4160 1400 4203 at
1418 4154 1525 4205 clemen·

177 4234 287 4281 tissimus
305 4231 356 4293 ipse
375 4236 447 4292 pater
463 4226 567 4291 gloriose
585 4238 630 4273 nos
647 4223 705 4272 inde
722 4224 818 4274 liberat.
855 4224 937 4288 lpsum
955 4238 1012 4289 crgo
1031 4238 1140 4281 oremus.
1165 4229 1195 4273 ut
1218 4224 1239 4273 si
1263 4223 1320 4289 quid
1344 4225 1438 4276 adversi
1456 4227 1525 4276 uobis

176 4304 310 4352 immittere
327 4300 395 4356 velit,
414 4313 446 4348 ea
463 4300 499 4347 sio
516 4297 629 4361 mitigare
648 4294 770 4360 dignetur.
788 4309 821 4345 ue
842 4296 887 4345 sub
909 4309 992 4345 eorum
1003 4295 1067 4345 mole
1084 4295 1122 4345 rel
1139 4295 1263 4361 grsritstc
1280 4297 1358 4358 pressi
1374 4296 1413 4347 vel
1430 4295 1524 4347 dintur-

176 4376 258 4425 nitate
277 4372 408 4436 deladgati
426 4369 623 4424 succumbamus,
641 4366 737 4418 sedsad
754 4365 850 4417 felicem
869 4374 982 4417 arentum
1000 4365 1089 4417 eadem
1107 4367 1172 4417 brari
1189 4366 1317 4431 perducat.

249 4444 348 4495 Litaras
366 4450 422 4491 tuas
439 4440 500 4495 heri,
518 4446 646 4503 postquam
657 4438 751 4500 vesperi
766 4452 795 4487 er
809 4436 911 4502 collegio
924 4451 1033 4487 reversus
1047 4452 1110 4494 sum,
1129 4439 1221 4502 accepi.
1250 4436 1279 4487 lu
1296 4437 1346 4487 iius
1365 4450 1449 4487 earum
1468 4435 1524 4500 (ess

176 4521 276 4581 propter
299 4515 401 4580 negotia
424 4527 473 4562 nou
496 4510 624 4560 confestim
644 4507 769 4573 perlegere
790 4513 816 4557 ιι
837 4508 961 4557 absolvere
982 4504 1062 4572 potui)
1084 4510 1194 4566 invenio,
1217 4506 1282 4573 quod
1299 4508 1427 4558 consilinm
1442 4522 1523 4559 rerum

175 4595 275 4638 tuarum
295 4600 311 4636 a
327 4585 430 4650 collegio
448 4588 529 4632 nostro
549 4589 574 4630 et
591 4580 698 4644 inprimis
718 4576 969 4629 consumerem
990 4580 1061 4642 petis.
1092 4579 1172 4640 Quam
1190 4579 1333 4643 petitionem
1350 4579 1422 4629 hodie
1439 4593 1521 4636 manc,

176 4674 234 4709 cum
247 4658 379 4708 baberetur
390 4661 501 4710 senatus,
520 4666 653 4716 proponere
671 4652 700 4701 iis
719 4650 793 4707 volui,
812 4648 857 4699 sed
868 4649 977 4713 pluribus
988 4652 1141 4701 obstmtibns
1153 4651 1352 4714 occupationibus
1369 4650 1429 4700 nibil
1447 4664 1522 4716 agere

176 4733 255 4795 potui.
291 4728 437 4780 Diiiercuda
453 4727 529 4792 igitur
545 4722 604 4774 mihi
622 4724 669 4773 init
686 4721 812 4773 literarum
829 4723 973 4772 mensuatio
991 4736 1067 4787 usque
1084 4729 1140 4786 post
1157 4721 1291 4779 meridiem,
1309 4722 1427 4786 siquidem
1446 4724 1522 4772 etism

174 4803 219 4861 iis,
239 4802 383 4871 quibusoam
396 4807 454 4858 ,tom
471 4796 641 4854 conterebam,
660 4793 800 4852 ridebatur,
819 4793 973 4845 tabellarium
991 4808 1085 4861 quoque
1103 4793 1201 4845 dimidio
1222 4791 1271 4853 ¹boo
1289 4792 1343 4853 die,
1366 4793 1522 4859 ultraquam
