3428 5542
602 306 703 357 tiarae
721 305 824 370 Koplerl
843 307 995 373 aliorumque
1012 315 1114 360 mutuae

859 461 928 523 Jam
953 464 991 523 ad
1012 464 1230 525 divisionem
1245 463 1539 527 intervallidia-

770 569 894 629 pason.
941 551 989 611 Ex
1013 570 1080 612 mea
1103 553 1334 614 ratiocinatione
1361 553 1539 632 auriumque

719 663 743 670 -
768 639 880 718 jndicio
892 650 1155 703 nascuntnrvoces
1166 642 1254 710 istae,
1270 650 1304 702 ut
1314 642 1403 704 vides
1417 641 1478 713 hic,
1493 642 1539 702 uhi

772 729 833 789 ima
844 726 873 788 G
885 736 972 789 notat
983 729 1125 790 chordam
1136 738 1243 792 totam.
1280 727 1458 809 Sequuntur
1467 728 1496 801 b,
1511 730 1538 802 lt,

178 833 207 885 c,
234 813 267 882 d,
290 813 351 885 dis,
377 833 406 887 e,
432 832 451 891 g
475 825 506 876 et
530 815 709 893 superiores.
756 816 824 876 Jam
850 816 1040 877 intervallum
1066 817 1109 887 G,
1135 818 1168 890 b,
1198 827 1230 879 et
1253 836 1430 897 supremum
1454 819 1537 897 primi

164 900 368 962 ⁴diastematis
392 902 537 981 diapason
564 924 594 977 e,
624 922 643 982 g
667 904 795 964 nondum
820 916 891 964 sunt
914 905 1027 978 divisa,
1058 906 1167 968 desunt
1195 907 1273 966 enim
1298 924 1391 966 voces
1420 926 1441 966 a
1464 908 1536 968 etl.

178 986 254 1050 Cum
279 997 378 1049 autem
405 989 448 1061 G,
478 991 561 1053 bsit
590 987 642 1072 ll„
675 991 866 1053 dividendum
897 991 953 1052 erit
977 993 1004 1053 in
1029 1004 1153 1073 recepta
1176 1002 1208 1055 et
1231 995 1347 1055 usitata
1371 995 1537 1056 intervalla

181 1075 260 1138 Sunt
284 1085 383 1137 antem
404 1080 469 1157 jam
494 1080 632 1141 stabilita
655 1082 815 1142 intervalia
839 1101 864 1150 c,
889 1081 916 1154 d,
946 1074 1000 1160 Ἃ,
1025 1083 1053 1155 d,
1079 1102 1104 1156 e,
1136 1078 1208 1164 'sm
1234 1082 1262 1156 h,
1289 1103 1314 1155 c,
1349 1077 1433 1162 Ἃ.
1481 1081 1536 1145 Se·

177 1164 351 1229 miditonius
387 1178 487 1228 autem
513 1166 557 1241 G,
583 1170 600 1229 h
630 1189 687 1230 non
712 1169 804 1230 habet
829 1171 895 1248 plns
920 1188 1007 1247 qnam
1031 1171 1220 1231 semitonium
1245 1180 1275 1232 et
1298 1181 1424 1243 tonnrn;
1457 1171 1537 1233 aufer

178 1255 272 1333 igitur
296 1254 486 1316 semitonium
519 1253 585 1338 ¹7„
614 1278 633 1317 a
656 1258 847 1318 semiditonio
877 1250 929 1336 Ἃ,
961 1267 1058 1318 restat
1081 1278 1138 1320 non
1163 1260 1259 1321 minor
1282 1270 1375 1320 tonus
1403 1253 1459 1339 Ἃ,
1486 1259 1536 1320 sed

177 1344 274 1422 major
302 1335 357 1424 ⁸so3
382 1363 453 1422 ergo
478 1345 555 1405 inter
580 1346 618 1419 G,
646 1368 664 1405 a
687 1355 735 1407 ost
763 1341 812 1426 Ἃ.
860 1345 1006 1408 Similiter
1030 1348 1107 1409 inter
1131 1349 1191 1422 dis,
1217 1368 1236 1427 g
1260 1357 1310 1408 est
1327 1341 1378 1428 Ἰν
1411 1349 1492 1409 inter
1510 1368 1535 1420 a,

176 1451 205 1512 g,
235 1427 268 1510 Ἰ,
297 1443 329 1492 et
352 1433 430 1494 inter
453 1434 510 1505 dis,
534 1453 549 1493 e
575 1443 622 1494 est
651 1428 732 1515 ²725,
759 1442 878 1512 oportet
900 1434 992 1513 igitur
1007 1455 1109 1496 rocem
1129 1438 1142 1496 f
1162 1438 1205 1497 sic
1221 1437 1328 1515 optari,
1358 1446 1391 1497 ut
1416 1437 1536 1506 usitata.

178 1531 209 1582 et
231 1521 260 1580 in
285 1521 433 1599 prioribus
458 1524 634 1583 confirmata
658 1532 830 1583 statuantur
855 1523 1034 1600 intervalla,
1069 1527 1146 1607 qpod
1176 1527 1225 1596 fit,
1260 1526 1286 1585 si
1317 1526 1343 1597 f,
1373 1543 1393 1604 g
1422 1525 1466 1586 sit
1490 1518 1535 1606 ⁸1„

180 1622 249 1670 tnnc
273 1607 330 1678 dis,
356 1610 438 1670 fest
466 1606 538 1691 iro»
569 1620 649 1679 ete,
675 1613 694 1685 f,
727 1605 806 1692 ¹⁶ln·

265 1697 351 1757 Haec
375 1698 467 1776 igitur
491 1708 539 1760 est
559 1700 645 1777 justa
669 1701 776 1761 dirisio
801 1721 854 1760 rou
878 1706 1038 1768 dianonus,
1065 1710 1098 1762 ut
1121 1700 1285 1762 intervalla
1307 1702 1352 1762 sic
1377 1721 1410 1762 se
1437 1710 1535 1763 mutuo

178 1795 342 1864 sequantur
365 1787 605 1876 incantndnro:
635 1782 683 1869 Ἃ,
706 1783 773 1866 ⁰l,0,
802 1785 883 1869 ”lm
913 1783 962 1869 ⁸l9,
993 1783 1058 1870 ⁹sros
1093 1785 1173 1867 “has
1203 1783 1262 1870 ‘lai
1286 1791 1426 1852 incentu
1441 1789 1536 1851 molli:

181 1869 230 1956 ab,
265 1869 344 1974 'filit’
375 1869 439 1955 0siha
470 1869 519 1957 oliv
553 1871 632 1956 “sida
663 1870 729 1956 ⁹flor
759 1871 809 1958 esti·

267 1964 326 2024 Ubi
351 1965 379 2024 in
404 1965 599 2025 commissura
623 1968 746 2027 duorum
771 1973 971 2046 systematum
996 1967 1377 2027 drouoouveontinnantur
1395 1966 1459 2026 duo
1477 1965 1537 2027 tuni

178 2052 318 2131 majores,
343 2063 375 2112 et
399 2054 422 2127 f,
448 2074 466 2112 a
490 2053 666 2132 imperfecte
691 2061 872 2126 consonant,
906 2061 940 2113 ut
956 2043 996 2139 'et
1018 2075 1050 2127 a,
1076 2073 1106 2114 c:
1142 2055 1313 2116 differentia
1335 2062 1386 2115 est
1409 2072 1536 2128 comma,

177 2141 255 2221 quod
277 2150 350 2220 puto
375 2160 394 2200 a
416 2139 590 2202 Reinhardo
615 2142 763 2221 appellari
788 2143 910 2226 „ippum
933 2143 1135 2218 organicum‘,
1172 2143 1271 2204 nescio
1298 2152 1411 2204 tamen.
1460 2143 1536 2204 Nau

176 2231 298 2291 auribus
322 2230 397 2290 haec
426 2229 613 2309 imperfectio
643 2250 701 2291 non
730 2230 971 2312 deprehenditur.
1018 2231 1177 2292 Accedunt
1201 2239 1263 2292 tres
1293 2232 1396 2291 clares
1424 2233 1537 2292 falsae:

176 2320 220 2391 hs,
246 2318 303 2398 gis,
330 2318 383 2391 cis,
408 2319 515 2398 quihus
539 2341 558 2380 a
582 2328 651 2381 tono
677 2323 749 2392 (non
774 2321 888 2380 minore
918 2311 983 2399 ⁹l10,
1010 2329 1042 2378 ut
1066 2320 1094 2378 in
1121 2319 1147 2392 b,
1174 2340 1199 2392 c,
1225 2329 1255 2380 et
1279 2321 1308 2392 d,
1334 2339 1367 2392 e,
1391 2339 1449 2400 per
1472 2320 1534 2399 pri·

176 2427 256 2469 mam
281 2426 386 2468 vocum
410 2406 672 2482 constitutionem)
697 2410 757 2478 sed
775 2407 888 2485 majore
917 2399 965 2485 ⁸l„
992 2409 1010 2480 l',
1036 2425 1074 2485 g;
1104 2426 1132 2484 g,
1158 2428 1176 2468 a
1186 2428 1195 2482 ;
1225 2427 1251 2482 c,
1278 2410 1316 2482 d;
1348 2409 1538 2470 abscinditur

177 2497 370 2557 semitonium
394 2497 536 2557 usitatum
570 2492 658 2578 'lim
689 2499 725 2558 ob
750 2496 945 2568 mutationes,
980 2505 1011 2556 et
1035 2495 1212 2573 relinquitur
1235 2498 1346 2558 lemma
1369 2498 1420 2557 vel
1446 2496 1538 2558 diesis

176 2585 286 2661 ἀμελης
318 2579 416 2666 ¹²71„
446 2604 498 2664 pro
523 2603 575 2660 eo,
607 2588 684 2664 qnod
710 2587 737 2646 in
763 2595 828 2646 toto
853 2585 964 2645 minore
993 2584 1171 2661 relinquitur
1204 2585 1295 2645 diesis
1319 2583 1434 2661 ἀμιλης
1465 2579 1533 2665 ²⁸1„

176 2683 325 2737 commate
350 2677 457 2736 minus,
505 2675 584 2735 ham
609 2675 685 2734 adde
716 2668 783 2756 ”su
814 2672 851 2734 ad
880 2666 964 2754 πίῃ,
996 2692 1130 2745 comma,
1170 2674 1376 2734 accumulatur
1411 2667 1537 2756 '¹⁸lm:

175 2764 225 2824 nbi
250 2764 284 2823 lis
308 2762 413 2823 crebra
436 2772 485 2823 est
517 2763 545 2822 in
575 2772 664 2824 cantu
694 2765 767 2824 duro
797 2781 849 2841 pro
875 2763 895 2821 f.
942 2763 1007 2820 Hoc
1039 2762 1130 2838 igitur
1158 2771 1247 2838 pacto
1277 2771 1375 2822 toturn
1399 2774 1539 2932 elstema

176 2859 329 2912 drouooon
353 2851 473 2911 usitatis
497 2852 665 2912 intervallis
685 2852 812 2913 divisum
828 2860 884 2923 est,
911 2850 1042 2928 fiuntque
1063 2851 1223 2910 intervalla
1246 2848 1368 2926 ippaip,
1396 2844 1449 2927 ⁸„
1472 2845 1536 2929 'lm

184 2934 250 3022 ¹¹⁵]¹⁰
279 2943 415 3017 (praeter
440 2941 612 3001 harmonica
627 2943 768 3023 majora),
793 2959 849 2999 non
869 2940 929 2999 alia
948 2940 1044 3016 plura,
1065 2949 1096 2998 et
1111 2939 1168 2998 duo
1182 2937 1286 3016 cipeip,
1307 2933 1391 3019 ²725,
1421 2933 1537 3020 mim,

175 3048 252 3109 qnae
278 3027 391 3088 faciunt
414 3028 612 3089 differentiam
636 3041 742 3091 cantus
767 3030 832 3089 duri
856 3037 886 3087 et
911 3028 1019 3088 mollis.
1518 3033 1522 3039 '

265 3117 384 3186 Habes,
409 3116 537 3190 Tauclri,
563 3118 740 3179 dirisionem
764 3116 955 3177 monochordi
979 3134 1017 3175 ex
1041 3115 1210 3193 geometria
1233 3115 1407 3176 deductam.
1458 3115 1537 3176 Nm

175 3206 252 3265 unde
276 3203 466 3265 Reinhardus
500 3225 585 3265 snam
614 3207 791 3277 deduxerit,
825 3207 939 3283 ignoro.
986 3205 1033 3264 Ex
1057 3202 1140 3264 coelo
1172 3204 1250 3263 enim
1274 3223 1331 3264 non
1359 3204 1536 3277 deduxisse,

176 3295 265 3355 docet
289 3293 487 3366 astronomia,
523 3314 598 3373 quae
623 3295 702 3358 ridet
726 3296 795 3355 illos
820 3292 986 3354 Reinhardi
1019 3293 1183 3352 diametros
1207 3293 1426 3371 sphaerarum,
1463 3310 1537 3374 quae

174 3391 245 3443 sunt
268 3381 367 3460 potius
392 3401 429 3442 ex
452 3383 566 3443 musica
589 3403 745 3463 perperam
769 3384 933 3445 derivatae.

264 3471 350 3532 Duae
375 3479 475 3531 autem
500 3473 687 3550 potissimum
712 3480 782 3532 sunt
805 3491 924 3538 causae,
950 3488 1002 3530 cnr
1025 3487 1079 3529 nec
1103 3487 1140 3528 ex
1164 3468 1319 3529 diametris
1334 3469 1536 3547 sphaerarum

173 3578 263 3620 voces
288 3559 458 3634 musicales,
484 3580 537 3621 nec
562 3581 598 3621 ex
623 3561 738 3622 musica
761 3560 898 3621 diametri
923 3559 1118 3637 sphaerarum
1144 3557 1249 3618 deduci
1272 3559 1404 3635 possint.
1450 3557 1537 3621 Prior

174 3659 222 3710 est
246 3650 337 3709 haec:
375 3647 444 3709 Etsi
468 3651 545 3709 enim
568 3661 641 3710 sunt
671 3650 928 3710 circumferentiae
953 3647 1113 3706 circulares
1144 3645 1173 3705 in
1197 3647 1303 3706 eadem
1326 3646 1534 3724 proportione,

173 3740 202 3798 in
228 3756 285 3815 qua
316 3738 474 3807 diametri,
499 3750 530 3798 et
558 3748 643 3798 astra
675 3739 734 3800 illis
766 3735 1013 3799 circumferentiis
1044 3734 1206 3808 insistunt,
1241 3743 1343 3795 tamen
1369 3735 1535 3797 dissimilia

173 3836 400 3904 comparantur,
427 3846 463 3886 er
488 3829 672 3887 astronomia
696 3828 855 3905 prolixitas
880 3824 994 3885 itineris
1018 3823 1196 3905 planetarii,
1221 3842 1259 3883 ex
1282 3823 1400 3885 musica
1424 3823 1535 3884 celeri·

173 3923 223 3974 tas
248 3914 378 3975 chordae
403 3916 516 3992 pulsae.
563 3916 630 3975 h'ou
656 3916 733 3976 enirn
758 3917 787 3976 id
811 3927 859 3974 est
882 3915 1006 3994 planeta
1031 3932 1084 3972 sno
1109 3912 1262 3979 circuitui,
1287 3913 1367 3991 quod
1392 3922 1445 3974 est
1468 3914 1533 3991 ple·

174 4013 270 4062 ctrum
294 4022 366 4062 snae
392 4003 535 4076 chordam
570 4004 684 4064 chorda
713 4005 790 4065 eninr
821 4003 919 4063 brevis
949 4001 1075 4062 celerius
1104 4008 1254 4073 movetur,
1288 4001 1380 4078 longa
1404 4001 1533 4062 tardius

173 4093 217 4152 At
254 4092 377 4169 planeta
414 4093 490 4152 alias
529 4093 620 4153 habet
659 4095 741 4171 leges
774 4111 845 4152 snae
880 4091 1065 4162 celeritatis,
1105 4108 1193 4169 quarn
1226 4089 1438 4167 prolixitatem
1471 4091 1531 4152 cir-

173 4180 281 4240 cuitus.
331 4180 377 4238 Da
402 4178 532 4240 Saturno
558 4182 738 4242 brevitatem
767 4181 908 4242 circuitus
934 4178 1079 4249 Venerei,
1112 4178 1201 4239 citius
1230 4177 1350 4256 quidem
1382 4198 1453 4240 eum
1477 4179 1533 4240 ab·

172 4270 288 4340 solvet,
315 4285 408 4346 aeque
433 4280 533 4328 tamen
558 4271 616 4331 erit
640 4270 744 4331 tardus
769 4277 869 4342 motu,
896 4288 930 4328 ac
954 4287 1030 4329 nunc
1055 4274 1115 4340 est,
1142 4267 1167 4327 si
1192 4267 1234 4327 illi
1259 4267 1409 4344 genuinas
1436 4267 1534 4330 tardi·

174 4358 248 4417 tatis
277 4376 384 4416 causas
409 4358 570 4436 relinquas.
619 4359 686 4428 Quo
716 4359 833 4418 nomine
864 4375 1014 4437 nunqnam
1043 4374 1115 4415 sane
1148 4355 1253 4416 dextre
1285 4356 1406 4417 institui
1431 4366 1534 4436 potest

170 4446 355 4524 comparatio
387 4454 517 4506 motuum
549 4448 699 4514 chordae.
739 4448 764 4507 Ιι.
800 4468 825 4507 e.
861 4465 1015 4512 sonorum,
1040 4454 1072 4504 et
1103 4445 1306 4522 planetarum.
1355 4443 1532 4509 Similitudo

173 4535 291 4612 quidem
315 4533 390 4593 haec
414 4543 470 4606 est,
497 4535 601 4612 quodsi
626 4537 746 4596 daretur
770 4537 799 4595 in
824 4536 908 4595 coelo
933 4541 995 4605 aer,
1020 4533 1152 4612 planetis
1177 4533 1271 4594 libere
1295 4553 1350 4613 per
1382 4555 1454 4598 eum
1478 4554 1531 4597 ro·

173 4622 318 4695 lantibus,
345 4622 466 4682 daretur
491 4642 563 4682 sane
588 4641 694 4697 sonus,
718 4642 777 4684 non
801 4625 911 4696 minus,
943 4641 1031 4702 qnam
1055 4620 1168 4682 chorda
1192 4642 1308 4684 rursum
1332 4643 1532 4706 prorsumqut

172 4729 226 4792 per
249 4719 349 4772 aerem
374 4710 466 4770 motai.
515 4712 560 4770 At
582 4730 647 4771 cum
672 4713 699 4773 in
724 4713 838 4773 musica
861 4732 951 4774 sonus
977 4710 1107 4771 musicus
1131 4712 1290 4773 definiatur
1315 4714 1354 4773 ab
1381 4715 1529 4796 aequabi-
