3428 5542
620 313 778 379 nmirum
797 315 946 366 semmam.
970 298 974 305 ’
1398 312 1464 382 ⁴23

57 642 62 650 Ι
198 556 304 622 Tertia
326 555 421 623 causa
441 473 903 646 praedictionmffhpebsylsleffi
913 530 1093 643 reliquorum
1116 561 1354 641 planetarum
1378 563 1464 628 varis

108 651 228 722 natura,
253 667 328 728 quas
352 649 409 730 ipsi
434 650 550 712 colores
564 651 703 732 produnt.
749 650 816 723 Quo
831 653 896 715 loco
913 651 1122 725 erraverimus,
1148 651 1174 712 si
1189 658 1316 730 quatuor
1334 651 1464 715 usitatae

108 734 272 816 qualitates
301 738 381 800 inter
407 739 548 818 planetas
578 738 805 803 distribuamus.
852 740 962 820 Frigus
992 739 1070 800 euim
1099 746 1131 800 et
1157 738 1281 802 siccitas
1309 759 1369 802 non
1392 748 1463 804 eunt

108 824 275 904 positivae,
309 827 364 888 sed
393 826 561 907 privativae
595 828 670 891 lucis
701 838 734 892 et
762 836 910 909 cognatae
941 828 1058 890 animae
1087 827 1272 891 affectiones.
1317 828 1398 891 Nam
1419 830 1463 892 ibi

109 912 205 993 frigus
228 922 261 976 et
283 915 406 979 siccitas
431 924 480 978 cst
502 936 629 991 summa,
652 918 703 980 nbi
726 919 777 980 lux
801 918 907 988 omnis,
932 917 1034 979 anima
1055 918 1153 979 omnis
1175 917 1302 997 ideoque
1326 926 1357 980 et
1379 919 1463 980 calor

108 1003 205 1065 omnis
229 1004 327 1066 abest.
376 1004 452 1067 Cum
479 1006 581 1086 itaque
611 1026 648 1069 ex
676 1007 760 1070 coelo
784 1007 859 1069 nibil
887 1007 927 1068 ad
949 1024 1004 1067 nos
1028 1005 1087 1067 nisi
1110 1006 1161 1068 lux
1191 1007 1349 1069 stellamm
1372 1007 1461 1070 dela·

107 1091 205 1168 batur,
230 1093 326 1174 frIgus
349 1101 431 1157 certe
455 1101 487 1156 et
509 1094 632 1157 siccitas
655 1115 709 1176 per
732 1114 882 1157 essenon
906 1094 1073 1156 delabetur.
1498 1106 1501 1111 ·

666 1183 800 1247 Thesis
822 1184 895 1247 XX.
1149 1253 1152 1257 ,

193 1267 260 1332 Nos
292 1277 324 1333 et
351 1269 487 1332 variatas
515 1272 706 1351 planetarum
741 1272 822 1335 vires
854 1280 888 1334 ct
923 1289 1077 1333 numerum
1111 1269 1201 1332 aliter
1227 1278 1259 1332 et
1291 1272 1369 1335 forte
1399 1293 1459 1336 non

106 1355 313 1421 inconcinnius
338 1359 534 1435 deducemus,
560 1378 649 1441 quam
664 1361 849 1424 Aristoteles
872 1381 929 1423 sua
952 1367 1079 1440 quatuor
1103 1359 1253 1421 elementa
1279 1380 1316 1422 ex
1331 1369 1460 1442 quatuor

107 1446 289 1526 qualitatum
312 1447 593 1512 combinationibus.
640 1450 780 1512 VariatIo
796 1451 892 1512 omnis
915 1448 1218 1511 acontrarietatibus
1237 1456 1295 1523 est,
1319 1451 1460 1530 etprima

105 1556 125 1597 a
147 1535 262 1616 primis.
309 1537 443 1599 Primam
463 1539 710 1601 contrarietatem
733 1540 918 1601 Aristoteles
941 1539 971 1600 in
994 1536 1210 1619 metaphysicis
1233 1538 1341 1618 recipit
1365 1539 1457 1616 illam,

105 1632 249 1706 quaeest
272 1625 351 1687 inter
377 1619 474 1687 idem
502 1635 534 1688 et
562 1628 676 1690 aliud:
710 1629 814 1689 volens
844 1647 936 1707 snpra
964 1627 1161 1706 geometriam
1192 1627 1283 1689 altius
1308 1636 1339 1689 et
1362 1644 1457 1707 gene-

103 1714 198 1777 ralius
226 1713 441 1794 philosophari.
497 1715 574 1778 Mihi
604 1716 743 1778 alteritas
766 1716 797 1777 in
824 1717 936 1778 creatis
965 1716 1048 1777 nulla
1080 1714 1199 1776 aliunde
1230 1734 1298 1777 esse
1328 1716 1457 1792 videtur,

104 1822 194 1883 quan
218 1821 256 1865 ex
279 1804 408 1866 materia
436 1811 489 1866 aut
518 1806 675 1867 occasione
707 1806 870 1877 materiae,
899 1804 1006 1867 stubi
1033 1804 1176 1878 materia,
1210 1803 1252 1866 ibi
1279 1805 1456 1884 geometria.
1543 1814 1546 1819 “

104 1892 211 1972 Itaque
234 1893 524 1972 quam‘Aristoteles
548 1895 625 1957 dixit
646 1894 774 1975 primam
799 1894 1046 1956 contrarietatem
1069 1894 1134 1955 siue
1152 1893 1250 1955 medio
1273 1892 1353 1955 iuter
1376 1893 1457 1956 idem

106 1991 140 2042 et
163 1980 264 2054 aliud,
294 2001 359 2043 eam
389 2000 445 2061 ego
469 1982 499 2045 in
527 1984 732 2063 geometricis,
765 1983 971 2064 philosophice
997 1980 1213 2056 consideratis,
1245 1982 1364 2044 invenio
1388 2002 1457 2045 esse

101 2070 229 2150 primam
252 2070 371 2152 quidem
394 2072 656 2148 contrarietatem,
682 2073 735 2135 sed
760 2093 827 2135 enm
850 2073 963 2147 medio,
988 2071 1032 2133 sio
1056 2070 1188 2151 quidem,
1222 2077 1257 2133 ut
1279 2073 1359 2151 quod
1381 2071 1457 2134 Ari·

102 2159 211 2221 stoteli
234 2159 292 2222 fuit
315 2159 440 2234 aliud,
464 2180 540 2223 unns
562 2163 723 2236 terminus,
749 2181 816 2224 eum
840 2180 895 2223 uos
918 2161 948 2222 in
972 2160 1054 2240 plus
1078 2167 1110 2220 et
1132 2159 1262 2234 minus,
1294 2160 1369 2224 duos
1392 2167 1460 2222 ter-

102 2247 199 2310 minos
232 2248 427 2311 dirimamus.v
471 2247 548 2313 Cum
581 2270 653 2330 ergo
686 2251 853 2330 geometria
889 2249 947 2312 toti
979 2248 1088 2311 mundo
1121 2248 1252 2310 creando
1285 2250 1459 2329 praebuerit

101 2337 269 2416 exemplar,
294 2356 353 2399 non
377 2336 478 2418 inepte
502 2340 577 2400 haec
601 2341 787 2420 geometrica
809 2337 1012 2401 contrarietas
1036 2338 1075 2399 ad
1099 2344 1238 2400 ornatum
1260 2339 1378 2416 mundi,
1409 2338 1458 2422 qui

101 2426 242 2489 consistit
264 2427 293 2488 in
317 2425 444 2488 variatis
466 2428 657 2509 planetarum
674 2427 798 2502 viribus,
823 2435 990 2490 concurret.

654 2516 788 2578 Thesis
811 2516 900 2578 XXI.

191 2601 253 2665 Sed
276 2602 396 2666 cumbi
420 2604 558 2667 termini:
583 2604 671 2681 idem,
696 2606 788 2681 aliud,
813 2605 949 2685 aequale,
974 2603 1052 2682 plus,
1078 2601 1191 2677 minus,
1214 2620 1269 2681 per
1292 2621 1360 2665 sese
1383 2601 1458 2666 nihil

101 2691 289 2774 significent,
323 2691 360 2753 de
389 2693 533 2772 subjectis
565 2694 639 2774 ipsis
670 2694 864 2774 cogitandum
892 2700 950 2754 est.
998 2689 1145 2770 Subjecta
1175 2699 1290 2766 autem,
1324 2711 1377 2753 seu
1407 2711 1457 2754 res

101 2782 269 2855 naturales,
295 2780 401 2860 quibus
426 2782 483 2843 bae
508 2790 683 2863 competant
706 2783 940 2856 enunciationes,
965 2780 1035 2842 inde
1051 2779 1206 2842 habentur.
1253 2780 1458 2861 Proposuerat

102 2871 160 2932 sibi
185 2866 333 2932 Conditor
356 2870 599 2950 sapientissimus
622 2873 764 2934 mundum
787 2871 971 2933 constituere
996 2887 1179 2948 corporeum.
1226 2868 1358 2931 Primum
1384 2887 1456 2949 ergo

101 2968 192 3039 atque
216 2965 387 3021 creaturam
403 2961 551 3039 concepit,
575 2961 736 3023 materiam
760 2960 907 3040 concepit,
933 2977 1022 3039 quam
1047 2977 1085 3018 ex
1099 2958 1184 3018 Mose
1210 2958 1321 3019 scimus
1336 2977 1454 3040 aquam,

106 3049 163 3110 hoc
187 3054 248 3123 eet,
273 3045 442 3123 humidam,
467 3048 674 3125 tractabilem,
708 3050 830 3112 fictilem
854 3048 958 3111 fuisse.
1004 3047 1089 3108 Haec
1114 3064 1184 3126 ergo
1209 3065 1269 3107 una
1291 3066 1340 3109 res
1364 3055 1455 3110 natu-

100 3135 176 3200 ralis
199 3143 264 3207 est,
294 3136 399 3198 humor
421 3137 548 3200 scilicet.
595 3139 640 3200 At
669 3157 727 3199 non
752 3137 870 3201 suffecit
894 3135 1043 3199 conditori
1071 3153 1179 3214 corpus
1203 3134 1321 3210 mnndi,
1345 3136 1403 3199 nisi
1426 3136 1456 3198 id

103 3234 136 3287 et
160 3223 308 3287 conditori
332 3225 418 3286 heret
441 3225 658 3306 quodammodo
682 3226 797 3301 simile,
828 3231 971 3303 suscepta
994 3223 1059 3285 vita
1081 3231 1113 3285 et
1134 3231 1227 3284 motu.
1274 3224 1360 3287 Haec
1384 3244 1455 3306 ergo

100 3315 200 3376 altera
221 3332 271 3375 res
295 3321 358 3375 est:
391 3313 458 3376 vita
481 3314 607 3378 scilicet.
658 3315 728 3377 Jam
759 3315 829 3395 quia
860 3315 896 3376 de
930 3313 1086 3375 stellarum
1111 3312 1223 3374 viribus
1256 3313 1454 3393 disputamus,

100 3423 176 3484 quas
199 3409 341 3464 exercent
365 3402 394 3463 iu
418 3403 465 3465 his
488 3403 695 3466 inferioribus:
721 3402 988 3476 considerandum,
1014 3401 1155 3480 quidnam
1178 3421 1197 3461 a
1220 3402 1318 3464 steIIIs
1342 3403 1381 3464 ad
1400 3423 1455 3466 nos

100 3491 277 3554 descendat.
323 3491 392 3553 Non
421 3493 550 3554 materia
577 3493 626 3555 vel
655 3511 762 3572 corpus
786 3493 900 3572 ipsum3
931 3510 1000 3551 nam
1023 3489 1056 3550 id
1079 3496 1128 3550 est
1151 3496 1242 3552 antea
1268 3508 1362 3570 penes
1387 3512 1451 3552 nos.

99 3581 169 3644 Non
192 3579 258 3641 vita
280 3579 349 3659 ipsa
371 3581 574 3661 originaliter:
600 3582 677 3643 hanc
701 3582 779 3643 enim
803 3580 927 3642 trahunt
949 3578 1084 3640 viventia
1103 3578 1203 3639 omnia
1227 3597 1264 3640 ex
1288 3579 1455 3658 agitatione

99 3669 232 3743 animae,
265 3687 341 3748 quae
374 3669 403 3731 in
431 3670 507 3750 ipsis
531 3678 589 3732 est.
636 3669 762 3733 Scilicet
789 3688 849 3731 non
876 3675 1024 3748 generant
1051 3668 1171 3740 stellae,
1206 3667 1260 3728 sed
1294 3668 1450 3748 adjuvant.
1512 3712 1522 3723 ,

99 3758 179 3821 Sunt
202 3775 274 3838 ergo
299 3765 427 3837 aparte
450 3759 650 3821 instrumenti.
698 3757 948 3821 Instrumentales
971 3755 1064 3835 igitur
1078 3755 1242 3835 qualitates
1266 3756 1353 3819 nobis
1376 3775 1452 3837 sup-

99 3848 257 3925 peditant:
282 3846 357 3908 duas
381 3848 420 3908 ad
444 3848 568 3909 duarum
592 3868 691 3911 rerum
714 3847 894 3910 naturalium
918 3863 1085 3906 nnmerum:
1110 3844 1149 3905 ad
1168 3845 1313 3908 materiae
1333 3853 1453 3908 tracta-

103 3935 254 4000 bilitatem
276 3935 469 3999 humectandi
493 3937 523 3998 vi
546 3938 717 4017 pollentes,
735 3937 773 3999 ad
796 3936 878 3999 vitae
902 3942 935 3995 et
957 3941 1055 3994 motus
1080 3934 1226 4008 fomenta,
1253 3934 1452 3998 calfaciendi:

99 4032 256 4104 utramque
284 4024 422 4087 obtinent
454 4032 485 4087 et
508 4033 650 4089 exercent
678 4027 823 4088 beneflcio
847 4023 935 4098 lucis,
961 4041 1048 4102 quam
1077 4022 1233 4084 obtinuere
1264 4032 1296 4085 et
1325 4026 1364 4087 ad
1397 4042 1453 4085 noe

94 4114 212 4196 jugiter
235 4111 405 4176 demittunt.
453 4115 544 4176 Lucis
568 4114 660 4195 igitur
681 4115 805 4195 propria
827 4112 967 4194 qualitas,
994 4117 1142 4189 quatenus
1162 4112 1214 4173 lux
1227 4121 1284 4190 est,
1310 4114 1452 4178 calfactio

99 4212 163 4267 est:
187 4203 263 4264 lucis
286 4221 367 4279 vero,
391 4210 539 4283 quatenus
562 4203 735 4279 reflectitur,
761 4202 891 4283 qualitas
915 4208 964 4262 est
985 4199 1181 4263 humectatio.
1197 4195 1239 4274 ¹²)

646 4291 779 4355 Thesis
801 4291 905 4354 XXII.
1257 4365 1261 4367 ,

187 4379 273 4442 Duas
296 4398 369 4460 ergo
393 4379 558 4443 facultates
581 4382 741 4444 habemus:
766 4379 977 4443 collectionem
1000 4383 1033 4439 et
1054 4376 1319 4454 humectationem,
1344 4379 1376 4442 in
1395 4380 1454 4442 tri·

98 4470 170 4550 plici
185 4469 351 4551 quamlibet
365 4469 544 4546 discrimine,
570 4488 706 4546 excessu,
730 4469 948 4542 mediocritate,
970 4466 1100 4529 defectu.
1148 4467 1323 4543 Videamus,
1341 4476 1455 4549 quanta

98 4559 234 4621 varietas
262 4559 331 4620 inde
356 4565 509 4638 sequatur.
554 4560 692 4622 Primum
719 4566 847 4641 possunt
876 4576 944 4619 esse
968 4556 1122 4618 solitariae
1152 4556 1335 4620 facultates:
1370 4559 1453 4621 calor

98 4648 128 4710 in
153 4666 290 4722 excessu,
314 4645 533 4723 mediocritate,
558 4649 688 4713 defectu.
735 4646 929 4711 Humectatio
948 4645 978 4708 in
994 4664 1130 4722 excessu,
1154 4645 1370 4721 mediocritate,
1397 4649 1451 4710 de-

99 4738 192 4800 fectu.
237 4735 297 4799 Hic
319 4743 390 4798 eunt
413 4735 600 4800 differentiae
622 4757 688 4800 sexa
734 4737 852 4800 Deinde
875 4754 913 4797 ex
935 4735 1155 4797 combinatione
1179 4734 1332 4815 utriusque
1354 4735 1454 4800 facul·

97 4826 175 4890 tetis
197 4825 332 4889 oriuntur
355 4825 542 4890 differentiae
565 4845 684 4902 novem,
708 4827 789 4911 quod
812 4845 850 4887 ex
872 4825 988 4887 tabella
1010 4800 1244 4905 patet'interiue
1267 4824 1380 4906 posita.
