3428 5542
704 327 735 376 aa
752 327 825 376 aaa·
845 325 1006 392 alarona.
1468 324 1528 394 321
1589 277 1592 281 ⁴

207 482 210 489 ’
249 482 460 534 Fabricius:
490 481 637 543 Quaeritur,
664 484 802 548 sumagni
829 483 980 533 etdluturnl
999 485 1103 534 renti
1127 485 1181 535 alne
1207 489 1314 537 mamma
1341 500 1395 537 esse
1421 487 1537 552 posslutl

178 553 252 604 Unde
271 555 338 603 renti
357 555 431 603 subiti
450 569 480 604 ex
498 554 566 603 clarc
585 553 663 610 coelo,
682 553 721 603 rel
741 568 770 604 ax
790 555 881 619 exigua
893 554 1016 618 particula
1034 556 1114 613 nabis,
1131 559 1158 606 ln
1170 557 1248 607 lndiir
1259 559 1366 608 mulne
1379 558 1536 615 saevienter!

177 624 234 677 Hoc
252 623 390 691 prodigium
410 625 477 688 apud
494 640 534 674 me
551 627 634 689 potius
653 632 704 682 est,
734 638 808 688 quarn
825 632 854 674 ut
875 625 908 674 ad
932 625 1048 689 physicas
1072 628 1181 676 natones
1207 629 1292 679 relerrl
1316 631 1403 693 possit
1440 628 1535 681 Suntne

177 696 239 746 forts
258 695 376 760 planetae
395 688 517 746 cemorani
535 703 663 746 ventorum
681 693 805 746 moturas?

266 784 467 864 Keplerus:
492 784 537 844 De
562 785 670 857 ventis,
696 803 779 864 rogo,
805 783 905 844 indica
924 782 1086 863 diligenter
1109 794 1198 847 notas
1213 805 1316 850 omnes
1335 789 1533 852 circumstan-

179 875 241 936 tias
266 873 323 935 loci
357 881 389 933 et
412 881 579 935 ventorum.
626 872 778 933 Videntur
811 871 854 933 illi
887 871 1016 932 diuturni
1050 874 1131 933 venti
1164 875 1213 936 vel
1246 876 1431 938 adiuturnis
1464 877 1536 939 alibi

179 962 293 1041 pluviis
318 981 396 1033 esse,
419 961 467 1022 vel
493 961 558 1022 loco
583 980 694 1022 earum.
742 959 813 1022 Sine
838 960 966 1022 materia
990 978 1060 1020 vero
1085 961 1134 1041 qui
1148 963 1276 1042 possint,
1300 965 1349 1044 qui
1368 974 1439 1028 sunt
1452 985 1534 1027 mera

179 1050 325 1112 materia?
371 1050 437 1129 Ego
461 1069 535 1111 sane
559 1050 669 1124 nescio,
695 1050 765 1129 quid
789 1049 830 1110 sit
853 1049 907 1110 illa
930 1047 1012 1109 sicca
1035 1049 1189 1111 exhalatio
1214 1052 1270 1113 nisi
1295 1063 1450 1115 ventorum
1465 1072 1531 1115 ma·

179 1140 266 1201 teria.
312 1140 428 1218 Magna
450 1139 569 1199 videtur
594 1141 622 1199 in
646 1139 702 1199 hac
727 1138 864 1200 doctriua
888 1138 1049 1198 etiamnum
1074 1138 1246 1201 obscuritas
1275 1150 1307 1204 ct
1339 1141 1529 1219 incertitudo,
1577 1144 1580 1149 ’

177 1229 313 1291 tollenda
328 1227 514 1288 creberrimis
530 1227 743 1306 experimentis
760 1227 853 1287 totius
868 1225 959 1287 orbis.
984 1214 1028 1285 'l'u
1043 1226 1135 1305 igitur
1149 1228 1177 1288 in
1189 1229 1395 1293 collectionem
1406 1232 1531 1294 enitere.

268 1317 313 1377 De
342 1315 521 1394 prodigiosis
557 1315 616 1378 illis
640 1316 739 1377 ventis
769 1315 859 1393 plane
884 1315 980 1376 simile
1006 1315 1124 1377 videtur
1151 1316 1179 1377 iu
1205 1318 1288 1379 libris
1311 1319 1444 1397 Regum,
1477 1319 1533 1382 sub

177 1405 248 1468 Elia
271 1404 429 1485 propheta.
477 1404 559 1465 Nihil
582 1423 706 1483 possum
730 1404 856 1465 rationis
880 1403 998 1474 afferre,
1022 1404 1079 1464 nisi
1104 1405 1174 1465 mihi
1199 1416 1319 1468 constet
1342 1408 1379 1470 de
1402 1410 1532 1471 circum-

178 1495 312 1557 stantiis.
359 1492 515 1553 Nubecula
540 1492 681 1553 indicium
705 1492 917 1562 exhalationis,
942 1509 1000 1552 non
1024 1511 1117 1553 causa
1140 1512 1208 1554 esse
1232 1495 1360 1559 videtur.

267 1583 301 1643 In
327 1579 456 1662 Styria
479 1600 565 1642 mons
589 1590 638 1641 est
661 1580 840 1654 schekel,
880 1582 929 1660 qui
953 1579 978 1640 si
1003 1600 1036 1641 se
1060 1581 1175 1642 vestiat
1199 1583 1307 1664 exiguo
1330 1585 1423 1663 pileo,
1449 1592 1534 1649 certa

179 1671 313 1734 imminet
340 1669 482 1749 procella.
530 1670 589 1730 Est
620 1688 705 1731 mons
733 1677 913 1750 praeruptae
946 1676 978 1729 et
1007 1668 1145 1730 immanis
1170 1671 1353 1748 altitudinis,
1387 1691 1533 1752 superans

179 1759 369 1822 altitudinem
403 1758 662 1837 circumjectorum
686 1759 845 1832 montium,
881 1757 930 1836 qui
954 1776 1026 1817 sane
1059 1776 1116 1817 nun
1143 1767 1213 1820 sunt
1235 1759 1376 1834 humiles,
1410 1761 1533 1826 dimidio

178 1849 345 1929 quadrante
365 1846 501 1908 milliaris
525 1866 638 1926 germ,
664 1848 766 1908 habito
790 1855 929 1928 respectu
954 1845 1120 1924 superficiei
1145 1866 1254 1909 curvae
1269 1849 1391 1912 Terrae.
1439 1851 1473 1913 In
1498 1867 1533 1912 eo

178 1937 389 1999 observatione
414 1932 609 1997 rotunditatis
634 1936 745 1996 Terrae
778 1954 833 2013 per
856 1941 973 1994 montes
998 1933 1062 1994 sine
1088 1935 1172 1996 coelo
1196 1936 1348 2012 instituta,
1379 1946 1412 2000 ut
1435 1939 1534 2001 obite‘r

177 2035 208 2087 te
242 2024 405 2098 oblectem,
439 2024 500 2086 vidi
533 2025 629 2085 multa
658 2024 800 2102 jucunda.
849 2024 950 2085 Primo
978 2040 1043 2082 curu
1069 2023 1299 2087 ascenderemus
1332 2027 1450 2088 aestivo
1475 2025 1533 2099 die,

177 2115 277 2175 clarus
301 2121 368 2173 erat
391 2122 423 2174 et
447 2111 579 2173 fervidus
605 2119 672 2186 aem
695 2121 856 2191 postquam
878 2112 906 2172 in
930 2130 1044 2172 summo
1063 2113 1218 2173 columnae
1238 2115 1429 2189 sistebamus‚
1455 2115 1533 2176 inira

177 2212 308 2264 montem
331 2202 478 2281 paulatim
503 2201 573 2262 oriri
597 2201 706 2262 nubes:
732 2208 798 2261 erat
820 2198 932 2273 Gratii,
956 2218 1031 2278 quae
1048 2200 1144 2261 distat
1167 2199 1389 2277 2milliaribus,
1415 2213 1533 2282 tempe·

177 2299 245 2353 stas
269 2309 379 2370 magna
403 2309 469 2351 curn
493 2289 673 2363 tonitrubus,
698 2307 774 2369 quae
798 2308 853 2350 nos
877 2307 935 2349 non
959 2288 1183 2363 exaudivimus3
1215 2290 1316 2352 omnia
1344 2291 1422 2353 inira
1445 2293 1532 2353 vide-

178 2381 293 2442 bamus.
340 2378 502 2440 lnferiores
527 2390 660 2451 montes,
695 2376 732 2437 ad
758 2396 831 2456 quos
856 2384 922 2439 erat
949 2375 1177 2452 collimandum,
1207 2378 1337 2458 maligne
1369 2398 1425 2460 per
1457 2379 1533 2442 cali-

177 2480 302 2550 gantem
334 2477 365 2529 et
399 2469 593 2548 lumigantem
629 2473 729 2528 aerem
767 2466 981 2537 cernebantur;
1019 2464 1156 2525 discussa
1194 2475 1377 2546 tempestate
1415 2468 1532 2530 melius.

176 2556 318 2618 Vidimus
338 2557 429 2635 juxta
452 2565 483 2618 et
506 2557 585 2617 infra
608 2575 663 2616 nos
686 2554 853 2634 pendentes
878 2554 906 2615 in
932 2559 1000 2613 aere
1026 2553 1129 2627 nubes,
1153 2553 1334 2616 horrendum
1359 2557 1479 2618 hiantes
1503 2563 1536 2619 et

177 2646 316 2707 immanis
341 2645 517 2706 celeritatis.
566 2644 673 2705 Adhuc
698 2660 817 2721 semper
831 2641 917 2704 nobis
935 2639 988 2702 Sol
1012 2641 1140 2703 luxerat.
1189 2641 1296 2705 Subito
1314 2644 1431 2718 nebula,
1458 2664 1534 2725 quae

178 2734 265 2814 quasi
290 2733 402 2795 furiata
424 2733 469 2794 ita
493 2735 604 2811 impetu
630 2731 782 2796 ferebatur
806 2752 825 2791 a
847 2729 999 2793 radicibus
1023 2731 1131 2791 montis
1163 2731 1201 2791 ad
1230 2732 1345 2793 culmen
1374 2734 1474 2812 ejecta
1502 2741 1534 2795 et

177 2842 232 2884 nos
262 2822 380 2902 oblique
414 2823 534 2883 radens.
591 2821 675 2882 Intra
699 2819 843 2899 temporis
868 2826 1019 2880 momenta
1046 2819 1109 2897 jam
1138 2819 1240 2899 pluvia
1270 2829 1302 2882 et
1331 2822 1529 2902 frigidissima

177 2911 273 2972 mixta
296 2910 449 2988 grandine.
497 2910 556 2972 Ubi
581 2910 660 2970 latus
685 2910 715 2970 id
740 2929 758 2968 a
781 2908 890 2970 nebula
906 2909 962 2969 luit
977 2915 1132 2980 retectum,
1157 2909 1328 2987 quomunti
1348 2919 1527 2990 prospectus

176 3010 264 3080 patet
288 3000 374 3077 longe
400 2999 428 3059 in
452 2999 618 3078 Ungariam
642 3007 673 3059 et
696 2998 770 3058 lines
794 2997 947 3071 Turcicos,
973 2995 1148 3058 admirabile
1167 2999 1383 3076 spectaculum.
1431 2998 1530 3079 Supra

178 3107 234 3151 nos
260 3097 326 3149 erat
348 3088 468 3157 nebula,
491 3089 606 3149 coelum
630 3086 818 3160 obnubilans,
844 3086 923 3147 infra
937 3103 991 3145 nos
1016 3086 1184 3147 clarissima
1199 3086 1257 3148 lux.
1305 3086 1359 3150 Sol
1374 3089 1452 3150 enim
1467 3098 1530 3151 tum

175 3177 309 3239 vicissim
344 3177 495 3255 regionem
532 3177 699 3254 subjectam
737 3175 921 3236 illustrabat.
977 3173 1061 3234 Haec
1094 3175 1169 3235 adeo
1209 3177 1313 3248 lortis,
1352 3187 1384 3239 ut
1419 3196 1528 3238 averse

176 3266 292 3347 papyro
325 3266 443 3326 omnino
475 3265 543 3343 plus
578 3264 652 3325 lucis
682 3263 817 3324 aTerra
851 3263 1049 3336 allaberetur,
1084 3282 1171 3342 quarn
1206 3265 1334 3344 desuper
1362 3286 1381 3326 a
1408 3266 1527 3327 nebula.

177 3355 387 3436 Splendebant
411 3362 511 3414 autem
535 3353 669 3426 flumina,
703 3352 840 3430 quamvis
864 3350 984 3412 turbida
1008 3359 1092 3424 tunc,
1123 3351 1299 3414 clarissime.
1345 3353 1406 3415 Est
1428 3363 1529 3416 autem

175 3445 208 3507 in
231 3444 282 3505 illo
306 3451 406 3503 monte
432 3460 553 3521 vorago,
588 3439 740 3519 ἄβυσσος,
769 3441 845 3501 unde
870 3440 945 3500 adeo
970 3439 1092 3500 crebrae
1118 3450 1331 3521 tempestatum
1357 3443 1527 3504 exhalatio·

176 3553 247 3606 nes,
280 3540 314 3593 ut
337 3533 419 3593 lama
442 3530 605 3593 obtinuerit
628 3528 852 3608 antiquissima,
887 3528 1025 3605 conjectu
1051 3528 1145 3608 lapilli
1169 3529 1346 3608 grandinem
1371 3532 1452 3604 elici;
1486 3550 1527 3592 sc.

177 3621 248 3703 quia
272 3622 348 3682 adeo
368 3620 472 3682 crebro
496 3618 670 3698 grandinat,
697 3617 759 3678 sive
785 3617 879 3696 lapilli
903 3615 1110 3694 conjiciantur,
1136 3617 1199 3678 sive
1224 3637 1299 3692 non;
1331 3617 1408 3678 hanc
1433 3620 1529 3681 famae

176 3710 386 3791 deceptionem
410 3728 478 3770 esse
501 3718 584 3787 puto.
633 3709 698 3768 h'os
723 3707 801 3767 enim
825 3723 946 3785 specum
969 3724 1027 3766 non
1048 3703 1213 3766 invenimus
1237 3714 1269 3768 et
1292 3715 1392 3766 tamen
1416 3708 1529 3787 grando

176 3799 245 3875 fuir,
270 3798 327 3861 nisi
352 3799 429 3860 forte
452 3798 519 3877 ipso
543 3814 671 3857 ascensu
695 3794 909 3856 irritaverimus
935 3803 1067 3854 mentem
1082 3795 1208 3856 scilicet.
1255 3795 1322 3856 Hac
1341 3796 1442 3875 itaque
1458 3815 1529 3857 nar-

176 3888 345 3950 ratiuncula
368 3897 437 3948 tuas
461 3885 654 3966 quaestiones
679 3886 817 3946 claudere
842 3883 931 3945 volui.

251 3993 443 4044 Fabricius:
469 3991 559 4040 Literis
577 3993 626 4040 tuis
645 3990 843 4039 dissertationem
862 3989 1089 4053 cosmographicarn
1108 3988 1215 4054 adiunge
1241 3997 1268 4040 et
1291 3990 1321 4039 de
1340 3991 1411 4041 rebus
1431 4005 1462 4042 ac
1480 3999 1531 4043 sta·

157 4066 225 4117 cdiis
244 4067 294 4114 tuis
311 4080 352 4114 me
370 4064 411 4112 lac
431 4065 566 4112 certiorem.
604 4062 652 4112 Hic
670 4063 745 4110 miser
762 4069 843 4111 statua
862 4067 908 4117 est,
928 4069 954 4111 et
966 4062 1049 4110 omnia
1063 4062 1221 4123 perturbem
1241 4069 1413 4126 exspectamus
1425 4065 1532 4127 quotidie

176 4136 277 4197 bellam,
296 4151 347 4185 non
365 4140 463 4183 tantum
483 4147 499 4183 a
517 4133 648 4183 rebellibus
666 4132 837 4188 Emdensibus,
857 4132 901 4182 sed
919 4135 1051 4197 praecipue
1071 4129 1194 4181 ordinibus
1204 4131 1362 4183 Hellandise.
1400 4135 1480 4186 Pestis
1492 4136 1533 4185 hle

176 4208 251 4258 valde
276 4209 372 4268 saevit,
397 4207 455 4269 quia
481 4206 505 4253 in
524 4205 604 4270 figura
622 4204 716 4253 vernali
744 4204 812 4254 locus
830 4217 909 4252 norae
928 4205 1016 4252 stellae
1036 4199 1073 4263 (in
1093 4200 1190 4267 Cygno)
1213 4206 1237 4253 iu
1256 4203 1301 4254 VI.
1322 4205 1401 4254 domo.
1440 4207 1534 4258 Stellae

177 4294 259 4330 norae
277 4285 371 4329 natura
387 4276 513 4326 Martialis
532 4282 577 4325 est
617 4273 669 4336 (De
687 4275 735 4325 hac
753 4275 827 4325 stella
844 4288 908 4338 quae
926 4274 1054 4323 Fabricius
1073 4273 1183 4335 addidit,
1208 4275 1263 4325 ride
1281 4277 1307 4325 in
1326 4278 1386 4326 libro
1406 4278 1436 4327 de
1455 4277 1534 4326 Stella

176 4350 273 4416 Cygni,
302 4363 375 4414 quem
393 4347 518 4411 Keplerus
538 4347 650 4409 adjunxit
677 4347 738 4395 libro
757 4361 800 4396 suo
820 4347 851 4396 de
870 4346 949 4396 Stella
966 4359 1032 4395 nora
1051 4341 1142 4406 1604.)
1178 4345 1252 4397 Mitte
1270 4346 1345 4408 mihi,
1374 4364 1438 4413 quae
1456 4348 1534 4397 habes

176 4423 329 4486 astrologica
346 4427 373 4470 et
390 4419 589 4484 meteorologica.

240 4493 324 4543 ‘Hisce
341 4490 404 4546 vale.
424 4492 480 4554 vige
498 4496 525 4539 et
542 4490 601 4538 llore
620 4488 824 4538 excellentissime
843 4488 949 4537 Domine
968 4485 1085 4550 Keplere.

995 4558 1028 4609 11.
1048 4558 1117 4609 Tuae
1137 4560 1364 4610 observantissimus
1382 4559 1414 4609 D.
1433 4560 1461 4609 1⁴⁸.

249 4633 383 4685 Debentur
401 4631 581 4682 Resterhariae
602 4631 642 4680 ll.
663 4633 728 4698 Aug.
752 4626 826 4678 1602.

266 4724 472 4804 Keplerus:
497 4721 530 4782 lu
543 4721 732 4782 conclusione
750 4739 872 4782 causam
881 4720 979 4799 pestis
994 4729 1115 4781 vestrae
1127 4720 1262 4781 adducis.
1301 4720 1367 4798 Ego
1379 4720 1455 4781 alias
1470 4741 1489 4782 a
1503 4730 1534 4783 te

178 4823 334 4896 exspecto.
381 4811 484 4892 Rogo,
509 4809 639 4883 scribas,
664 4811 714 4892 qui
737 4808 820 4871 venti
845 4817 878 4872 ut
898 4810 1058 4890 plurimum
1077 4809 1225 4872 llaverint.
1273 4808 1404 4872 Videtur
1426 4811 1537 4876 malum

229 4917 319 4975 saur
333 4917 402 4970 aar·
416 4913 433 4958 1·
1289 4911 1322 4969 ss
