3428 5542
837 1209 958 1308 Caput
984 1208 1013 1281 I.

289 1466 294 1471 ⁸
387 1389 510 1466 Quibus
531 1386 709 1449 rotimdbau
734 1384 902 1468 Oopema'oe'
923 1384 1108 1468 hypotheses
1121 1384 1207 1466 fiant
1230 1393 1462 1449 montaneae.

586 1491 632 1554 Et
654 1490 824 1574 eupliootio
848 1490 1065 1572 hypothesium
1090 1488 1265 1571 Oopernioi.

332 1650 402 1712 Etsi
426 1649 506 1729 pium
529 1658 587 1721 est,
611 1650 715 1712 statim
739 1648 777 1710 ab
802 1647 887 1710 initio
911 1647 998 1728 hujus
1023 1648 1059 1734 de
1079 1656 1189 1711 natura
1203 1647 1417 1730 disputationis
1433 1648 1544 1726 videro,
1569 1672 1608 1713 au

244 1739 317 1802 nihii
341 1738 445 1801 Sacris
469 1737 581 1800 Literis
605 1737 787 1800 contrarium
812 1737 946 1797 dicatur:
971 1737 1216 1819 intempestivum
1240 1747 1341 1799 tauren
1366 1738 1517 1812 existimo,
1541 1759 1608 1803 eam

244 1826 480 1891 controversiam
502 1826 549 1887 hic
570 1846 689 1889 morere
712 1826 795 1906 prius
819 1836 910 1905 atque
935 1825 1089 1888 solliciter.
1105 1830 1132 1900 ⁸)
1167 1826 1242 1887 thud
1266 1826 1295 1887 in
1320 1845 1430 1906 genere
1453 1828 1608 1907 promitto,

244 1917 316 1979 nihil
340 1936 388 1978 me
413 1915 570 1989 dicturum,
596 1915 675 1997 qnod
700 1915 728 1975 in
753 1914 865 1976 Sacros
889 1913 1010 1975 Literas
1035 1915 1170 1994 injurium
1194 1914 1249 1989 sit,
1274 1915 1354 1976 etsi
1378 1916 1464 1994 cujus
1488 1914 1608 1997 Cuper-

245 2006 328 2067 uicus
352 2023 466 2066 mecum
491 2003 694 2077 convincatur,
720 2023 773 2082 pro
798 2003 879 2063 nullo
903 2002 1083 2065 habiturum.
1118 2006 1218 2083 Atque
1238 2022 1374 2065 earneus
1392 2003 1462 2066 mihi
1488 2024 1610 2086 semper

246 2094 316 2167 tuit,
342 2086 411 2154 inde
436 2114 454 2153 a
478 2111 535 2172 qno
560 2090 717 2171 Copemici
743 2090 975 2152 Revotutionun
999 2091 1091 2153 libros
1115 2110 1297 2171 cognoscere
1321 2091 1414 2172 coepi.

333 2180 409 2244 Cum
434 2181 525 2261 igitur
548 2182 604 2243 hac
629 2181 656 2242 in
681 2190 768 2261 parte
794 2180 876 2241 nulla
900 2179 1041 2259 religione
1066 2179 1235 2262 impedirer,
1260 2200 1318 2261 quo
1341 2180 1438 2243 minus
1458 2178 1608 2262 Coperni·

244 2291 310 2334 cum
335 2271 359 2332 si
384 2280 589 2331 consentanea
613 2270 728 2332 diceret
751 2268 901 2339 audirem,
931 2268 1059 2349 primaru
1083 2270 1172 2330 fideru
1196 2269 1266 2331 mihi
1292 2269 1364 2332 fecit
1387 2270 1439 2333 illa
1462 2271 1607 2352 pulcher·

244 2360 319 2422 rima
342 2358 481 2433 omnium,
508 2379 584 2440 quae
609 2358 637 2419 iu
662 2359 746 2420 coelo
771 2366 929 2437 apparent,
954 2358 1164 2438 complacitis
1190 2357 1348 2437 Cupernioi
1372 2360 1549 2421 consensio:
1575 2371 1609 2423 ut

245 2448 293 2529 qui
318 2468 375 2510 non
400 2449 496 2509 solum
520 2456 620 2509 motus
644 2446 826 2528 praeteritos
842 2464 879 2506 cx
895 2445 1001 2507 ultima
1016 2447 1196 2527 antiquitate
1211 2446 1358 2529 repetitos
1373 2448 1608 2521 demonstraret,

245 2537 299 2619 sed
323 2538 415 2601 etiarn
440 2537 557 2597 futuros
581 2545 690 2605 antea,
721 2555 778 2596 nou
803 2534 922 2614 quidem
946 2534 1128 2612 certissime,
1162 2537 1215 2597 sed
1245 2545 1345 2598 tamen
1372 2538 1459 2619 longe
1484 2537 1607 2613 certius,

244 2646 331 2707 quiam
355 2625 565 2698 Ptolemaeus,
597 2626 771 2706 Alphonsus
799 2635 831 2684 et
854 2623 963 2694 ceteri,
987 2623 1111 2687 diceret.
1159 2626 1236 2687 luud
1260 2636 1361 2687 autem
1385 2627 1472 2705 longe
1497 2627 1607 2706 majus,

245 2716 322 2796 quod
347 2733 422 2793 quae
452 2733 490 2775 ex
519 2714 587 2775 aliis
620 2713 722 2775 mirari
755 2712 917 2783 discimus,
950 2731 1052 2774 eornm
1086 2714 1168 2774 sotus
1194 2712 1378 2794 Ceperuicus
1407 2715 1608 2795 pulcherrime

245 2804 390 2865 rationem
414 2802 522 2876 reddit,
549 2821 730 2882 causamque
746 2800 963 2875 admirationis,
989 2821 1064 2881 quae
1088 2811 1136 2862 est
1156 2802 1305 2882 ignoratio
1321 2822 1489 2878 causarum,
1514 2804 1605 2867 toltit.

244 2894 401 2971 Nunquam
433 2891 461 2950 id
496 2891 614 2951 t'acitins
647 2890 774 2951 docuero
808 2890 970 2962 tectorem,
1007 2911 1095 2970 quam
1128 2890 1153 2950 si
1183 2891 1222 2951 ad
1245 2891 1460 2954 Narratiouem
1483 2891 1606 2955 Rhetici

244 2979 401 3060 tegendam
426 2978 469 3040 ihi
493 2988 600 3040 auctor
623 2987 653 3039 et
677 2996 838 3057 persuasor
863 2977 1004 3040 existam.
1042 2979 1121 3040 Nam
1147 2977 1229 3058 ipsos
1245 2978 1403 3061 Cuperuici
1430 2981 1521 3044 libros
1539 2980 1606 3045 Re-

243 3068 427 3129 solutionum
452 3068 553 3147 legere
578 3087 636 3128 nou
660 3066 797 3128 omnibus
820 3075 920 3127 vacat.

333 3157 435 3234 Atque
459 3157 514 3216 hoc
540 3157 604 3217 loco
629 3175 777 3235 nunquam
801 3153 943 3216 assentiri
967 3155 1050 3233 potui
1075 3154 1149 3230 illis,
1184 3154 1233 3237 qui
1262 3156 1332 3218 freti
1360 3156 1498 3237 exempto
1521 3157 1606 3221 acci-

246 3245 400 3307 dentariae
425 3244 705 3320 demonstrationis,
739 3263 815 3326 quas
839 3264 877 3305 ex
902 3242 988 3304 falsis
1010 3244 1186 3323 praemissis
1209 3246 1394 3309 necessitate
1417 3245 1609 3327 syllogistica

244 3354 347 3397 rerum
371 3332 483 3413 ahquid
505 3333 614 3407 infert,
630 3332 658 3407 ⁸)
692 3333 758 3414 qui,
784 3333 924 3413 inquam,
948 3332 1004 3392 hoc
1028 3333 1165 3412 exemplo
1190 3334 1259 3396 freti
1283 3335 1517 3409 contendebant,
1542 3336 1606 3397 heri

244 3442 344 3503 posse,
371 3432 405 3484 ut
428 3423 524 3483 falsas
547 3423 617 3496 sint,
643 3442 719 3504 qnae
744 3421 911 3502 Copernico
936 3422 1058 3500 placent
1081 3421 1279 3502 hypotheses,
1303 3434 1459 3487 ettamen
1484 3442 1522 3486 cx
1546 3423 1607 3487 iltis

245 3532 317 3575 rura
340 3532 503 3589 qaeeopeaa
525 3521 669 3591 tanquam
694 3531 731 3572 ex
756 3509 892 3590 genuinis
916 3509 1069 3589 principiis
1092 3521 1265 3591 sequantur.

221 3672 226 3679 .
335 3601 514 3680 Exemptum
537 3600 615 3661 enirn
640 3620 698 3661 uon
724 3600 862 3679 quadrat.
910 3600 988 3660 Nam
1018 3598 1079 3659 ista
1107 3601 1231 3681 sequela
1258 3620 1296 3662 err
1321 3602 1407 3664 iaisis
1429 3598 1607 3680 praemissis

246 3691 369 3753 hurtuita
394 3697 459 3764 est,
491 3697 522 3752 et
545 3708 621 3769 quae
646 3688 714 3751 falsi
739 3698 848 3749 natura
876 3697 937 3763 est,
969 3687 1097 3766 primurn
1122 3698 1212 3770 atqua
1235 3689 1285 3752 alii
1310 3691 1353 3752 rei
1377 3698 1527 3769 cognatae
1551 3708 1608 3751 ao·

245 3780 461 3850 commodatur,
486 3799 518 3840 se
534 3777 629 3859 ipsam
645 3776 759 3858 prodit:
786 3776 840 3838 nisi
866 3785 972 3856 sponte
992 3778 1141 3839 concedas
1161 3778 1399 3858 argumentatori
1424 3776 1476 3852 ihi,
1502 3787 1537 3841 nt
1558 3776 1607 3840 in-

246 3868 347 3929 tinitas
367 3867 444 3927 atius
460 3866 554 3928 salsas
569 3866 790 3946 propositiones
806 3875 951 3938 assumat,
977 3885 1032 3927 nec
1057 3887 1184 3947 unquam
1210 3866 1237 3927 in
1262 3886 1424 3949 progressu
1447 3886 1607 3947 regressu-

246 3955 383 4036 quesibi
409 3955 464 4035 ipsi
489 3965 619 4018 constet.
666 3955 766 4017 Atiter
795 3974 827 4015 se
857 3974 905 4015 res
934 3955 1027 4016 habet
1054 3976 1120 4017 cum
1155 3975 1209 4028 eo,
1244 3955 1293 4035 qui
1318 3956 1423 4019 Solem
1450 3955 1478 4016 in
1503 3968 1609 4019 centro

247 4047 386 4106 collocat.
435 4046 512 4105 Nam
531 4044 605 4123 jube
628 4044 776 4124 quidlibet
799 4062 921 4118 eorum,
955 4063 1030 4123 quae
1064 4064 1169 4105 revera
1197 4044 1226 4105 in
1254 4047 1338 4108 coelo
1368 4052 1535 4125 apparent,
1570 4063 1609 4107 ex

246 4134 340 4194 seuuci
364 4133 464 4212 posita
488 4133 645 4212 hypothesi
671 4134 893 4201 demonstrare,
917 4132 1053 4210 regredi,
1078 4133 1236 4213 progredi,
1262 4154 1350 4196 unum
1374 4133 1495 4195 erratio
1519 4132 1608 4195 colli·

247 4240 328 4298 gere,
353 4234 385 4282 et
408 4221 525 4302 quidvis
549 4243 650 4297 agere,
676 4242 751 4302 quae
777 4222 890 4282 veritas
915 4240 1012 4281 rerum
1037 4221 1170 4300 patitur:
1196 4242 1290 4303 neque
1315 4223 1365 4285 ille
1390 4222 1556 4285 haesitabit
1579 4223 1609 4283 in

248 4312 326 4385 utro,
352 4310 375 4369 si
401 4309 556 4389 genuinum
583 4312 635 4382 sit,
660 4322 691 4371 et
718 4311 763 4371 ecl
789 4329 826 4370 ex
849 4309 1085 4371 intricatissimis
1109 4310 1397 4374 demonstrationum
1422 4311 1610 4374 aufractibus

248 4398 276 4460 in
301 4419 334 4460 se
359 4418 447 4460 unum
471 4400 716 4462 constantissime
737 4406 914 4460 revertetur.
953 4396 1043 4467 Quod
1066 4400 1090 4460 si
1115 4398 1249 4479 objicias,
1274 4400 1352 4461 idem
1376 4400 1485 4480 partim
1510 4400 1610 4463 adhno

247 4508 357 4569 posse,
391 4488 499 4567 partim
524 4490 593 4551 olim
616 4488 752 4569 potuisse
778 4486 834 4548 dici
860 4486 896 4547 de
920 4487 1031 4548 tabulis
1055 4497 1086 4548 et
1109 4488 1325 4568 hypothesibus
1349 4490 1501 4571 antiquis,
1529 4489 1610 4570 quod

247 4597 353 4657 nempe
386 4599 573 4655 qauopuocc
606 4576 817 4649 satisfaciant,
852 4586 942 4656 atque
975 4576 1044 4637 illas
1078 4586 1179 4639 tamen
1208 4576 1417 4659 aCopernico
1450 4587 1483 4641 ut
1513 4578 1610 4641 falsas

248 4666 352 4745 rejici;
376 4685 465 4745 posse
490 4667 581 4746 igitur
604 4667 710 4727 eadem
736 4664 852 4727 ratione
877 4677 909 4726 et
932 4662 1098 4744 Cupernico
1123 4666 1315 4746 responderi,
1341 4688 1447 4749 nempe
1471 4666 1611 4750 quamvis

248 4754 368 4837 egregie
393 4775 508 4829 eorum,
534 4775 609 4838 quae
634 4764 783 4836 apparent
805 4753 951 4816 rationem
976 4753 1098 4830 reddat,
1123 4765 1224 4818 tamen
1249 4755 1277 4817 in
1302 4755 1462 4841 hypothesi
1486 4776 1609 4820 errare:
