3428 5542
175 321 242 391 428
737 324 778 378 ne
797 326 976 379 anamma·

177 484 288 561 efficit3
321 483 448 566 denique
472 486 534 547 fere
558 494 770 548 momentanea
792 493 855 561 est,
889 492 921 548 et
948 493 1132 549 commutato
1160 487 1270 570 angulo
1292 483 1541 567 geometricoin

178 573 285 654 ἀλογον
307 581 339 634 et
362 571 567 654 drepanam,
590 573 694 636 statim
718 582 770 636 aut
793 575 883 654 paulo
905 582 978 655 post
1000 574 1145 657 quiescit,
1175 575 1370 659 quantumuis
1393 592 1541 637 macen·

177 663 258 725 tibus
281 663 437 724 stellarum
460 664 628 725 luminibus.
674 663 761 735 Quae
794 682 862 725 cum
893 664 931 725 ab
955 664 1143 744 experientia
1169 667 1231 728 sint
1252 664 1436 728 confirmata
1457 662 1540 725 vali·

178 751 317 813 dissime:
343 752 574 831 suppeditarunt
595 753 667 815 mihi
691 754 835 831 dogmata
858 753 1025 832 sequentia.

695 841 825 903 Thesis
847 841 1013 903 XXXVII.

268 926 345 992 Cum
369 926 499 991 Creator
520 928 603 990 Deus
631 930 733 991 mundi
756 930 843 1008 hujus
867 931 1001 1009 corporei
1030 936 1169 992 ornatum
1192 947 1231 990 ex
1254 928 1354 991 forma
1377 946 1539 1009 corporea,

177 1036 254 1098 quae
278 1017 433 1096 quantitas
457 1024 515 1091 est,
540 1018 734 1081 desumserit:
760 1027 993 1081 consentaneum
1017 1026 1073 1092 est,
1099 1019 1181 1098 ipsos
1205 1018 1324 1098 quidem
1346 1017 1445 1092 locos,
1471 1016 1540 1097 ipca

177 1107 280 1187 spatia
303 1106 456 1185 molesque
480 1124 637 1185 corporum
660 1126 727 1168 eam
751 1108 837 1168 adse
852 1118 954 1169 mutuo
977 1106 1202 1189 proportionem
1223 1125 1293 1169 esse
1308 1098 1436 1180 sortita,
1462 1124 1539 1186 quae

179 1196 221 1257 sit
243 1202 312 1256 orta
335 1214 373 1255 ex
396 1194 558 1256 solidarum
581 1196 741 1275 figurarum
765 1194 911 1257 ordinatis
935 1197 1112 1276 generibus:
1136 1196 1216 1277 quod
1238 1195 1268 1256 in
1289 1195 1447 1277 Mysterio
1472 1213 1539 1256 meo

181 1281 437 1363 Cosmographico
460 1284 601 1363 probavi:
626 1284 773 1346 motiones
797 1303 867 1345 vcro
892 1303 1058 1364 corporum,
1083 1304 1159 1365 quae
1179 1284 1244 1345 vita
1257 1284 1364 1346 muudi
1379 1290 1443 1357 est,
1469 1291 1540 1345 tuuc

175 1372 224 1434 vel
255 1373 389 1434 suaviter
421 1391 586 1435 consonare
614 1373 663 1435 vel
693 1373 849 1452 cooperari
883 1374 1017 1447 fortiter,
1052 1372 1169 1453 quando
1193 1392 1231 1434 ex
1258 1373 1364 1452 planis
1388 1371 1541 1435 ordinatis

178 1460 347 1523 desumtam
370 1460 484 1522 habent
507 1463 740 1543 proportionem.
787 1462 866 1523 Nam
890 1471 924 1523 ut
946 1463 1069 1542 pianum
1092 1462 1192 1536 solidi,
1217 1462 1261 1524 sic
1283 1469 1387 1523 motus
1402 1460 1540 1541 corporis

176 1557 225 1610 est
247 1549 359 1629 imago.
407 1548 666 1619 Quemadmodum
692 1570 764 1612 vero
793 1550 889 1611 solida
913 1551 1052 1613 ordinata
1079 1551 1107 1612 in
1136 1549 1303 1631 geometria
1332 1549 1540 1630 pluraquam

176 1639 304 1718 quinque
326 1639 514 1717 impossihile
539 1647 694 1701 estesse:
724 1639 925 1700 iterationes
950 1658 1065 1719 quoque
1092 1638 1283 1702 harmonicas
1311 1657 1352 1699 ex
1375 1639 1539 1718 planorum

176 1728 379 1788 ordinatorum
404 1729 629 1807 comparatione
653 1735 736 1789 ortas
760 1729 860 1806 plures
885 1736 954 1789 octo
979 1747 1036 1789 non
1061 1748 1139 1804 esse,
1165 1728 1224 1790 alio
1244 1737 1384 1808 tempore
1408 1727 1441 1788 in
1455 1726 1539 1789 Har-

174 1814 309 1889 monicis,
332 1815 397 1876 Deo
421 1817 552 1892 volente,
579 1817 804 1879 demonstrabo.

683 1905 815 1966 Thasie
834 1904 1017 1966 XXXVIII.

262 1992 398 2054 Mutuum
423 2011 495 2073 ergo
519 1992 710 2056 formatrices
736 1993 869 2056 rationes
895 2001 966 2054 octo
990 2012 1056 2054 cum
1080 1991 1150 2068 sint,
1175 1991 1251 2054 coeli
1274 2010 1348 2055 varo
1373 1991 1406 2054 in
1426 1991 1541 2055 Terras

174 2080 254 2143 actio
278 2080 342 2154 (vel
366 2081 467 2160 quasi)
492 2090 590 2144 motus
615 2083 657 2145 sit
681 2083 799 2162 aliquis,
825 2091 857 2143 et
880 2082 1037 2161 contingat
1060 2080 1290 2142 intermediante
1311 2081 1401 2143 radio
1415 2080 1539 2157 stallae,

176 2170 226 2249 qui
249 2169 356 2242 (radii)
375 2170 405 2230 in
421 2171 522 2231 Terris
537 2177 646 2233 coeunt
661 2172 833 2251 faciuntque
854 2171 999 2249 angulos:
1023 2170 1158 2231 rationes
1173 2188 1245 2250 ergo
1259 2169 1460 2232 harmonicas
1473 2176 1541 2233 octo

175 2259 204 2321 in
224 2257 407 2320 dimensione
430 2259 535 2321 horum
558 2261 733 2339 angulorum
756 2259 965 2321 versabuntur.
1011 2259 1058 2320 Ac
1079 2267 1197 2320 veteres
1214 2258 1333 2338 quidem
1359 2277 1422 2320 nou
1436 2258 1540 2339 piures

175 2347 302 2428 quinque
334 2356 513 2426 receperunt
536 2350 727 2429 (aspectus
757 2348 847 2427 vulgo
875 2348 988 2421 dictos)
1013 2347 1267 2427 conjunctionem,
1301 2346 1540 2426 oppositionem,

174 2436 365 2516 quadratum,
395 2435 520 2510 trinum,
550 2437 699 2499 sextilem.
747 2437 792 2498 At
824 2456 871 2497 me
900 2437 977 2498 ratio
1008 2436 1135 2515 primum
1170 2443 1234 2497 tres
1263 2435 1380 2497 addere
1414 2434 1539 2498 decuit:

174 2525 340 2604 quiutilem,
361 2524 559 2604 biquiutilem,
586 2525 885 2606 sesquiquadratnm:
911 2544 985 2605 quos
1008 2524 1201 2604 postmodum
1221 2524 1417 2605 experientia
1432 2524 1539 2589 multi-

172 2614 243 2694 plex
266 2612 464 2675 confirmavit.

697 2701 832 2763 Thesis
855 2699 1006 2763 XXXIX.

262 2788 395 2853 Causam
428 2809 480 2852 cur
507 2790 642 2869 operatio
672 2791 860 2870 planetarum
889 2790 1026 2851 hinorum
1055 2795 1119 2849 tam
1143 2788 1243 2850 valide
1272 2787 1459 2853 intendatur
1486 2788 1540 2852 suh

172 2880 255 2959 ipsos
279 2887 456 2958 aspectuum
482 2879 635 2948 articulos,
660 2880 751 2940 aliam
772 2886 910 2940 statuere
934 2897 993 2938 non
1016 2895 1157 2956 possum,
1182 2896 1272 2957 quam
1296 2878 1471 2941 animalem
1493 2879 1540 2941 a·

173 2968 328 3035 cultatem,
353 2986 430 3047 quae
452 2987 491 3028 ex
515 2987 574 3028 uua
595 2978 683 3046 parte
706 2969 749 3028 sit
772 2967 972 3047 geometricae
1001 2967 1132 3028 rationis
1156 2967 1248 3044 (quae
1273 2973 1441 3046 aspectum
1465 2986 1540 3029 ccu-

174 3058 301 3130 format)
326 3074 423 3135 capax
453 3064 485 3117 et
507 3057 605 3116 altera
628 3065 714 3136 parte
738 3056 871 3134 corporis
896 3056 962 3134 ejus
986 3064 1111 3134 potens,
1145 3055 1176 3115 iu
1200 3072 1258 3134 quo
1282 3054 1542 3127 animadvertitur

173 3145 318 3224 operatio.
363 3144 443 3206 Nam
467 3163 524 3205 uon
548 3144 582 3205 fit
604 3146 677 3219 hoc,
711 3146 781 3224 quia
806 3145 945 3205 uniuntur
968 3144 1044 3204 radii
1073 3143 1184 3204 inuno
1210 3143 1332 3222 angulo.
1383 3145 1542 3224 Angulum

175 3231 253 3293 enim
276 3240 309 3293 et
329 3232 426 3313 pridie
445 3224 482 3293 'et
503 3233 649 3312 postridie
676 3241 829 3312 aspectus,
854 3244 885 3292 et
907 3242 1052 3311 perpetuo
1078 3231 1193 3292 faciunt
1215 3231 1347 3310 aliquem
1365 3232 1432 3295 bini
1447 3231 1541 3307 naii3

175 3321 310 3400 operatio
333 3339 406 3382 vero
431 3328 501 3382 tunc
525 3322 644 3384 demum
669 3323 785 3395 existit,
810 3341 876 3382 cum
900 3320 1026 3400 angulus
1052 3320 1144 3380 habet
1158 3319 1309 3382 rationem
1331 3321 1543 3384 harmonicam

174 3429 228 3470 seu
251 3432 349 3491 σχημα
372 3410 582 3482 (Ptolemaeus
606 3413 685 3474 enim
710 3431 933 3491 σχηματισμους
957 3409 1054 3481 dicit).
1102 3408 1265 3470 Rationum
1288 3427 1366 3471 vero
1392 3419 1427 3472 et
1451 3410 1541 3473 acha-

175 3507 289 3560 matum
317 3517 371 3578 per
394 3518 427 3559 se
453 3499 535 3561 nulla
559 3507 606 3561 est
630 3500 801 3560 efficientia.
848 3500 956 3577 Fitque
980 3498 1028 3558 hic
1052 3498 1141 3577 plane
1164 3498 1259 3567 idem,
1290 3499 1373 3577 quod
1399 3499 1430 3561 in
1456 3501 1542 3562 loco·

174 3588 306 3649 motione
337 3586 520 3649 animalium·
538 3588 601 3648 fieri
624 3589 713 3650 solet.
760 3585 794 3649 Si
825 3587 890 3666 quis
915 3587 1044 3660 diceret,
1078 3586 1197 3648 obiecta
1224 3586 1309 3648 visus
1337 3605 1396 3666 per
1419 3588 1541 3651 centua

174 3676 375 3755 ingredientia
398 3694 518 3737 morere
543 3677 652 3738 animal
676 3696 784 3756 posse,
819 3695 873 3737 nec
897 3693 971 3753 opus
996 3693 1062 3735 esse
1092 3675 1209 3737 adhoc
1234 3675 1360 3738 animali
1386 3677 1540 3740 facultate

173 3765 203 3825 in
227 3765 292 3845 ipso
315 3783 441 3845 corpore
464 3773 557 3840 moto,
581 3773 750 3827 monstrose
773 3764 1047 3844 philosopharetur.

741 3854 875 3915 Thesis
898 3853 967 3913 XL.

261 3940 347 4001 Haec
371 3947 471 4002 autem
496 3942 636 4016 facultas,
662 3962 738 4023 quae
761 3944 822 4003 vim
846 3941 931 4002 addit
954 3938 1137 4019 aspectibus,
1162 3957 1220 3999 nou
1245 3948 1295 4000 est
1318 3939 1348 4000 iu
1363 3937 1445 4019 ipsis
1460 3939 1540 4004 stel-

174 4028 221 4090 lis.
267 4029 348 4090 Nam
371 4036 513 4108 aspectus
537 4031 576 4103 hi,
603 4031 760 4110 dequibus
783 4030 919 4102 dicimus,
944 4029 973 4089 iu
988 4028 1082 4088 Terra
1102 4027 1281 4106 contingunt
1304 4036 1440 4109 suntque
1456 4047 1542 4093 mera

174 4139 289 4198 σχεσις,
312 4136 370 4178 uon
395 4137 433 4178 ex
457 4127 539 4179 motu
562 4120 720 4181 stellarum
744 4118 910 4180 formaliter
934 4117 1095 4196 profluens,
1121 4117 1175 4176 sed
1200 4136 1238 4176 ex
1254 4116 1470 4179 accidentaria
1484 4116 1543 4179 sita

173 4205 309 4267 binarum
333 4205 492 4268 stellarum
516 4225 583 4267 cum
607 4208 711 4268 Terra.
759 4205 1018 4276 Quemadmodum
1047 4223 1119 4283 ergo
1147 4206 1249 4266 anima
1279 4223 1410 4267 movens
1434 4224 1544 4289 corpas

173 4314 231 4355 nou
255 4303 304 4356 est
326 4295 356 4356 in
381 4294 512 4372 objecto,
538 4296 592 4356 sed
613 4296 653 4357 ibi
678 4296 726 4357 ubi
751 4295 860 4374 objecti
881 4294 999 4372 species
1014 4300 1277 4372 repraesentatur:
1303 4293 1350 4356 ita
1369 4294 1454 4356 hanc
1469 4296 1539 4369 mm,

172 4402 248 4462 quae
272 4383 412 4444 efficaces
435 4383 529 4444 eflicit
552 4395 703 4464 aspectus,
729 4403 795 4445 cum
819 4385 848 4444 iu
873 4382 1009 4443 omuibus
1031 4381 1242 4443 sublunaribus
1257 4382 1453 4463 corporibus,
1478 4391 1541 4447 tan

173 4473 201 4532 in
235 4472 301 4551 ipso
324 4488 434 4550 magno
459 4471 571 4533 Terrae
596 4474 685 4552 globo
713 4475 814 4534 inesse
843 4489 968 4532 necesse
998 4477 1056 4531 est.
1107 4468 1236 4532 Scilicet
1268 4471 1369 4533 omnis
1400 4472 1542 4535 aalmalis

174 4560 304 4622 facultas
335 4571 383 4621 est
409 4558 507 4637 imago
541 4562 597 4622 Dei
625 4582 859 4640 γεωμιτρουηος
896 4560 923 4620 in
953 4560 1119 4632 creatione,
1154 4559 1366 4640 excitaturque
1397 4560 1439 4622 ad
1468 4578 1543 4642 opus

173 4669 258 4711 suum
281 4650 338 4711 hac
365 4648 492 4710 coelesti
511 4659 687 4727 aspectuum
711 4650 877 4729 geometria
900 4667 953 4708 seu
979 4647 1143 4710 harmonia.

728 4738 864 4799 Thesis
887 4736 971 4797 XLI.

261 4825 501 4888 Incoosideratia
532 4844 613 4888 nora
634 4824 842 4907 philosophiae
866 4825 963 4886 forma
984 4823 1149 4898 videbitur,
1185 4842 1263 4904 quaa
1291 4829 1451 4889 ueneat:
1484 4820 1542 4887 nisi
