3428 5542
112 317 117 324 '
180 318 246 386 354
602 321 703 370 Liuiae
720 319 824 386 Ksplen
844 320 995 384 dierumque
1013 328 1115 374 mamae

178 484 232 547 dit.
282 483 388 561 ltaque
412 480 469 543 nisi
494 481 659 562 promissor
681 482 769 560 plane
794 483 835 543 sit
860 482 887 542 in
904 483 1016 544 vertice
1033 484 1082 545 vel
1102 483 1199 554 nadir,
1221 483 1353 545 circulus
1367 482 1537 562 quadrante

178 572 217 634 ab
241 571 292 632 illu
316 571 449 638 distans,
483 570 509 632 is
533 588 655 649 nempe,
688 570 771 648 cujus
799 573 885 649 polus
909 580 957 632 est
988 572 1017 632 in
1042 574 1238 651 promissore,
1275 589 1396 650 semper
1418 568 1539 632 secabit

178 662 362 723 horizontem
385 660 416 720 in
441 668 507 720 ortu
532 660 638 731 semel,
675 668 706 718 et
730 661 822 720 semel
852 660 880 719 in
905 661 1028 721 occiduo
1062 661 1268 722 semicirculo:
1301 678 1423 739 semper
1444 659 1539 738 igitur

177 748 342 830 promissor
365 748 512 826 quadrato
537 747 660 825 respicit
683 748 813 827 aliquam
829 748 1040 826 significatoria
1057 750 1219 810 horizontis
1233 749 1427 830 particulam.
1464 748 1537 809 Tri·

178 838 294 900 hulmus
323 854 394 896 vero
424 844 455 896 et
478 835 737 915 Regiomontanus
767 846 798 897 et
823 856 879 916 ego
903 837 1050 898 horizonti
1087 839 1144 899 toti
1173 840 1231 900 rim
1266 837 1474 917 significandi3
1507 847 1538 896 et

179 926 292 1007 quidni,
317 944 383 985 cum
408 925 565 1004 eclipticae
589 934 693 1004 partes
717 943 774 985 non
800 945 902 986 omnes
927 927 1032 987 iisdem
1052 927 1217 988 horizontis
1231 927 1372 1006 partibus
1391 925 1538 997 oriantur,

178 1016 231 1075 sed
252 1016 316 1094 jam
340 1015 425 1088 haec,
446 1015 509 1089 jam
530 1015 583 1076 illa
607 1014 771 1075 horizontis
786 1015 869 1094 regio
884 1013 997 1093 primae
1013 1017 1118 1077 domus
1138 1015 1219 1076 ostia
1233 1015 1381 1077 recludat.
1421 1013 1538 1074 Eodem

176 1104 262 1164 modo
294 1103 331 1163 de
360 1103 462 1164 sextili
492 1103 693 1163 sentiendum.
742 1103 819 1164 Toto
844 1106 953 1184 quippe
977 1113 1126 1185 tempore,
1158 1123 1215 1183 quo
1239 1103 1292 1164 Sol
1324 1103 1423 1164 minus
1447 1120 1537 1182 quam

178 1190 249 1255 60⁰
270 1192 350 1253 infra
372 1191 557 1252 horizontem
582 1198 631 1251 est
654 1191 819 1263 demersus,
843 1212 937 1272 usque
962 1214 1006 1267 eo,
1032 1212 1089 1272 quo
1110 1189 1177 1254 60⁰
1199 1194 1253 1254 alt.
1278 1211 1369 1271 supra
1394 1191 1536 1252 horizon-

177 1289 239 1342 tem
258 1287 377 1353 exstat,
403 1298 521 1359 semper
543 1280 666 1360 projicit
688 1281 827 1341 sextilem
847 1293 1002 1360 aspectum
1033 1283 1061 1342 in
1087 1282 1204 1361 aliquas
1228 1281 1396 1343 horizontis
1420 1288 1536 1359 parter.

174 1369 268 1430 Dicas
302 1368 373 1428 mihi
403 1375 522 1430 ceteras
555 1368 757 1443 radiationes,
791 1389 866 1448 quae
893 1378 1021 1450 vergunt
1051 1373 1090 1430 ad
1115 1370 1215 1431 mundi
1240 1372 1352 1442 latera,
1380 1388 1440 1429 uon
1466 1387 1535 1428 esse

175 1458 326 1527 efficaces,
352 1458 443 1531 solas,
469 1476 545 1536 quae
570 1477 602 1517 se
627 1459 750 1519 zodiaco
777 1459 954 1521 familiarius
980 1461 1145 1539 applicant,
1170 1458 1230 1520 vim
1245 1459 1395 1519 obtinere.
1434 1458 1535 1519 iniero

178 1564 245 1626 ego,
272 1545 358 1625 quod,
386 1546 467 1606 lacto
492 1546 584 1606 semel
610 1547 693 1607 initio
719 1546 892 1609 discedendi
917 1569 936 1609 a
959 1549 1094 1620 zodiaco,
1118 1549 1205 1609 detur
1226 1548 1369 1626 evagatio
1386 1546 1535 1625 usquead

177 1634 305 1696 circulos
335 1633 517 1707 latitudiuis,
547 1635 649 1712 rigore
674 1636 853 1696 efficientiae
879 1637 986 1718 ubique
1016 1648 1160 1717 sequente
1191 1638 1353 1697 secuudum
1379 1635 1481 1714 magis
1504 1642 1536 1696 et

176 1724 284 1784 minus.
332 1723 376 1782 At
400 1723 488 1783 datur
511 1722 625 1783 initium
651 1723 823 1785 discedendi
849 1745 868 1784 a
890 1727 1024 1800 zodiaco,
1050 1727 1075 1787 si
1094 1727 1259 1805 promissor
1282 1724 1402 1785 obtinet
1426 1724 1535 1785 latitu-

179 1812 288 1883 dinem,
314 1820 345 1871 et
360 1812 455 1870 multo
470 1811 576 1887 magis,
601 1810 626 1871 si
650 1831 716 1873 cum
736 1813 977 1892 Regiomontuno
1003 1816 1094 1875 etiam
1109 1816 1237 1875 termino
1263 1823 1409 1891 aspectus
1424 1812 1534 1873 tribui-

176 1919 242 1962 mus
266 1898 466 1961 latitudinem.
515 1900 611 1960 Multo
635 1900 727 1979 igitur
750 1902 941 1965 verisimilius
966 1923 1021 1982 ego
1047 1905 1103 1964 hoc
1127 1908 1225 1964 uiouo
1249 1902 1385 1976 zodiaco,
1410 1911 1535 1980 propter

174 1998 350 2069 perpetuum
375 1985 457 2048 Solis
482 1988 537 2048 sub
561 2007 595 2050 eo
620 1989 802 2062 discursum,
833 2000 866 2051 ut
890 1993 915 2052 is
940 1994 1053 2053 animet
1083 2001 1240 2070 aspectus,
1272 2001 1363 2070 atque
1389 2000 1533 2070 aspectus

175 2079 204 2139 in
230 2097 265 2139 eo
290 2077 495 2138 terminentur.
544 2075 605 2139 Sed
629 2079 791 2139 tamenud
817 2082 1018 2143 omnimodam
1042 2080 1130 2141 fidem
1151 2080 1367 2158 praestandam
1392 2079 1464 2140 huic
1486 2078 1532 2140 di·

175 2166 301 2227 rectioni
330 2173 505 2242 aspectuum
530 2166 640 2227 desunt
663 2169 734 2228 mihi
759 2170 853 2229 inulta
877 2172 1029 2250 exempla;
1063 2170 1088 2229 si
1114 2170 1184 2229 mihi
1210 2179 1279 2229 sunt
1302 2187 1473 2247 geneceum,
1502 2178 1533 2229 at

178 2274 237 2316 non
262 2263 333 2315 suut
356 2264 525 2315 eventuum.
553 2256 683 2333 (ll'olfg.
701 2257 793 2318 Wilh.
810 2258 886 2320 Phil.
904 2260 979 2321 Lud.
1006 2259 1040 2320 O.
1067 2259 1100 2318 P.
1128 2257 1310 2335 Neoburgici
1336 2257 1417 2318 lilius
1445 2266 1533 2318 natus

174 2352 223 2405 est
251 2343 366 2405 oriente
391 2345 490 2404 Marte
516 2344 596 2404 circa
626 2342 729 2420 5οΥ
757 2366 822 2407 cum
849 2348 900 2408 lat.
927 2346 982 2422 5⁰,
1015 2367 1082 2408 cum
1111 2356 1192 2407 esset
1222 2345 1274 2408 Sol
1299 2346 1329 2407 iu
1357 2340 1467 2425 li'l,⁰
1489 2355 1530 2424 Ιῑ,

106 2430 109 2438 ’
175 2433 262 2494 Luna
285 2433 315 2493 in
340 2427 428 2512 3¹l2⁰
450 2442 496 2518 up.
544 2434 577 2492 ln
602 2443 669 2493 ortu
694 2429 738 2495 30
760 2433 821 2510 Υ.)

265 2521 330 2594 (Ad
355 2518 402 2593 3.)
448 2521 670 2600 Incompertum
695 2522 754 2596 ais,
780 2542 839 2602 qua
862 2524 977 2585 ratione
1002 2534 1033 2585 et
1056 2543 1113 2602 quo
1138 2530 1273 2601 tempore
1298 2522 1430 2601 eclipses
1455 2521 1532 2583 vires

175 2630 247 2672 suas
271 2619 415 2671 exserant
438 2619 469 2669 et
493 2609 540 2671 hic
565 2610 670 2671 fallere
694 2612 814 2688 regulas
838 2613 1014 2673 Ptolemaei.
1053 2614 1165 2673 Tecum
1191 2611 1306 2683 seutio;
1338 2622 1372 2671 at
1396 2612 1454 2672 hoc
1477 2629 1532 2671 uou

134 2749 139 2759 .
174 2708 284 2785 tecum,
309 2699 387 2778 quod
413 2717 499 2777 nego,
525 2710 638 2760 certam
664 2718 731 2759 esse
756 2701 918 2779 eclipsibus
943 2702 1089 2761 rationem
1113 2701 1267 2780 operandi,
1292 2700 1420 2777 proinde
1439 2718 1531 2779 neque

177 2788 247 2851 sciri
285 2806 380 2866 neque
414 2787 521 2866 inquiri
553 2787 631 2847 hanc
663 2806 764 2867 posse.
822 2790 855 2850 Si
887 2799 1025 2851 naturam
1060 2790 1134 2850 lucis
1163 2797 1193 2849 et
1224 2791 1345 2849 umbrae
1375 2789 1530 2868 respicias,

174 2879 311 2959 equidem
335 2894 461 2955 corpora
486 2885 591 2936 nostru
616 2877 705 2937 nihilo
730 2878 825 2956 magis
851 2879 1020 2940 alliciuntur
1044 2880 1081 2939 ab
1100 2879 1207 2940 umbra
1230 2880 1349 2949 Lunae,
1382 2896 1474 2957 quam
1495 2877 1531 2938 ab

172 2967 278 3028 umbra
302 2965 427 3036 Terrae,
462 2983 539 3044 quae
564 2984 621 3026 nox
646 2967 764 3028 dicitur.
812 2967 926 3028 Restat
953 2986 1026 3046 ergo
1054 2969 1173 3028 unicum
1203 2987 1299 3028 meum
1324 2987 1531 3046 upquqeycror.

174 3055 350 3116 facultatem
370 3054 543 3127 animalem,
579 3073 655 3133 quae
684 3056 795 3117 insidet
824 3057 853 3116 io
879 3057 988 3130 Terra,
1024 3067 1055 3118 et
1083 3076 1210 3117 cumea
1242 3058 1416 3117 universum
1440 3074 1531 3136 genus

175 3145 340 3206 animarum
365 3151 397 3203 et
426 3141 579 3222 geniorum
615 3144 738 3204 insolita
764 3146 838 3205 lucis
858 3147 981 3222 jactura
1013 3147 1201 3206 consternari
1232 3147 1435 3224 affectumque
1459 3162 1530 3207 cuu-

173 3233 273 3311 cipere
284 3232 332 3291 diu
345 3232 513 3302 durantem,
529 3240 619 3310 atque
635 3243 705 3294 tunc
717 3253 856 3312 magnum
874 3235 929 3294 hoc
949 3235 1069 3307 animal,
1088 3234 1236 3294 Tellurem
1252 3234 1380 3306 scilicet,
1405 3233 1436 3294 iu
1451 3252 1529 3295 mor·

172 3323 228 3382 bos
253 3320 393 3388 incidere,
419 3320 496 3382 alitis
521 3322 549 3380 in
575 3322 666 3394 alios,
691 3332 780 3400 prout
803 3323 919 3383 interea
943 3325 1021 3385 ratio
1047 3325 1202 3385 humorum
1227 3323 1317 3383 luerit
1342 3332 1528 3402 comparata,

173 3429 282 3490 eosque
303 3409 368 3488 jam
391 3410 506 3471 tardius
525 3412 589 3487 jam
613 3412 702 3471 citius
719 3431 882 3490 erumpere,
908 3422 996 3490 prout
1012 3414 1100 3473 luerit
1119 3421 1325 3493 comparatum
1351 3411 1529 3474 curarem

171 3501 343 3562 intrinsece.
392 3499 491 3560 liabet
512 3499 589 3559 enirn
614 3501 715 3579 utique
739 3509 771 3560 et
786 3501 887 3561 Tellus
904 3504 970 3580 ipsa
993 3521 1058 3561 ase
1074 3502 1218 3580 quasdam
1235 3500 1414 3562 variationis
1434 3501 1528 3581 leget·

172 3609 230 3651 nou
255 3609 274 3650 a
296 3589 380 3650 coelo
404 3606 522 3659 omues,
553 3589 595 3650 uti
630 3590 716 3649 homo
742 3590 852 3662 esurit,
885 3591 964 3661 sitit,
999 3591 1145 3668 fatigatur
1174 3591 1212 3651 ad
1238 3589 1463 3670 praescriptum
1485 3588 1529 3650 ui

172 3678 304 3759 corporis
326 3678 444 3752 virium,
470 3697 526 3737 uon
551 3678 636 3739 coeli.
684 3679 751 3739 Non
768 3678 858 3756 igitur
882 3680 978 3740 ornnis
994 3680 1116 3758 eclipsis
1134 3679 1214 3740 Sulis
1236 3679 1410 3739 siccitatem
1430 3677 1527 3749 affert,

161 3778 254 3829 certe
278 3786 335 3826 uon
360 3768 496 3827 omnibus
521 3767 605 3828 locis.
653 3768 731 3828 Nam
756 3786 833 3827 auno
857 3764 908 3830 98.
939 3769 977 3828 au
1003 3769 1083 3829 illam
1109 3769 1232 3847 eclipsin
1257 3778 1362 3828 secuta
1388 3766 1526 3846 sequenti

173 3864 313 3916 autumno
337 3863 369 3916 et
392 3855 487 3915 hicme
512 3856 540 3915 iu
567 3856 692 3917 Austris
715 3867 746 3916 et
763 3856 867 3937 Styria
891 3858 996 3936 ingens
1020 3869 1051 3918 et
1076 3858 1215 3918 diuturna
1240 3876 1386 3936 aquarum
1410 3856 1526 3917 effusio.

173 3945 279 4024 ltaque
303 3945 426 4005 miseret
448 3964 493 4004 me
519 3944 646 4005 infelicis
670 3954 740 4005 tuae
765 3946 944 4020 industriae,
975 3947 1042 4007 dnm
1066 3947 1095 4006 in
1121 3948 1157 4007 iis
1181 3947 1270 4007 rebus
1294 3945 1475 4006 ordinandis
1496 3954 1526 4003 et

173 4034 365 4112 disponendis
392 4033 531 4101 versaris,
556 4053 630 4113 quas
654 4044 761 4094 natura
784 4035 852 4112 ipsa
867 4036 1032 4096 confundit.
1080 4036 1159 4105 <tuin
1175 4037 1276 4113 potius
1300 4036 1355 4095 hoc
1381 4053 1470 4111 agas,
1496 4042 1527 4093 ut

172 4139 287 4183 mecum
311 4122 347 4181 de
370 4122 497 4183 internis
521 4123 651 4185 Telluris
676 4124 895 4185 conditionibus
920 4126 1069 4202 disputes,
1104 4125 1181 4204 qnod
1205 4124 1369 4185 identidem
1394 4123 1476 4185 facio
1498 4122 1526 4182 iu

172 4211 430 4293 prognosticorum
453 4212 691 4289 praefationibus
717 4221 749 4272 et
773 4213 800 4272 in
824 4215 930 4276 ultimo
951 4214 1038 4290 hujus
1063 4214 1132 4274 anni
1153 4213 1220 4281 feci,
1245 4213 1270 4273 si
1291 4230 1423 4292 unquam
1438 4210 1529 4280 alit»,

173 4300 289 4364 liberali
314 4319 411 4361 manu.
458 4300 521 4359 Res
545 4310 592 4361 est
616 4320 674 4362 non
699 4301 736 4361 de
761 4301 864 4374 nihilo,
889 4323 945 4364 non
971 4304 1132 4377 somnium,
1158 4303 1210 4363 sed
1236 4301 1413 4362 verissima:
1440 4300 1528 4361 hahet

173 4390 289 4461 Tellus,
314 4388 398 4449 utin
423 4388 509 4467 Disp.
536 4388 571 4448 de
597 4391 690 4451 Fund.
716 4389 788 4462 dixi,
817 4393 964 4470 quasdam
988 4392 1127 4470 periodos
1152 4390 1283 4452 humoris
1308 4389 1528 4470 siculumque.

174 4480 242 4540 aliis
266 4477 403 4557 partibus
427 4477 516 4537 alias.

262 4565 328 4637 (Ad
351 4562 399 4637 4.)
448 4565 630 4626 Com'iucam
645 4576 675 4626 te
701 4570 748 4628 rel
772 4586 809 4628 ex
834 4577 863 4628 te
887 4569 964 4646 ipso,
988 4587 1054 4628 cum
1073 4567 1172 4627 ventis
1195 4575 1312 4628 tautum
1327 4567 1458 4641 tribuas,
1481 4584 1524 4628 me

173 4655 292 4736 quidem
316 4654 514 4714 assentiente.
562 4655 605 4715 At
627 4655 709 4716 venti
734 4668 804 4717 sunt
827 4657 971 4717 montium
996 4657 1126 4727 soboles,
1152 4666 1183 4718 et
1202 4654 1296 4717 sicubi
1310 4655 1403 4735 pluit,
1426 4657 1527 4719 exilla

172 4744 294 4823 regione
318 4750 388 4804 suut
412 4744 508 4816 renti3
541 4752 594 4804 aut
618 4745 642 4804 si
667 4744 752 4805 nives
780 4747 808 4806 in
832 4747 1036 4826 septentrione
1061 4745 1217 4806 solvuntur
1237 4762 1363 4805 accessu
1385 4745 1470 4808 Solis
1491 4744 1527 4805 nd

173 4840 309 4895 nostrum
322 4831 584 4911 hemisphaerium,
609 4835 772 4896 etesiarum
787 4834 903 4896 initium
917 4835 965 4907 tt,
989 4834 1039 4914 qui
1054 4843 1127 4895 suut
1139 4835 1222 4896 veuti
1236 4832 1390 4897 boreales.
1424 4835 1527 4916 lisque
