3428 5542
599 314 632 364 a.
649 316 721 365 roo
746 315 979 411 muse
1137 306 1143 324 ⁴
1367 313 1433 381 333

71 470 293 536 3333333113ῑὶ3,
329 470 458 523 Naturalis
477 472 545 522 33133
573 474 718 528 331333133,
747 489 794 538 quc
820 475 933 537 propior,
962 481 988 523 et
1007 481 1103 525 333333.
1140 473 1170 523 13
1190 473 1254 525 83113
1272 488 1328 523 rere
1351 475 1432 525 331333

71 541 201 591 313113313
221 549 275 598 333,
300 556 419 607 3331333
437 545 534 593 3331333
553 543 687 593 distantiae
706 559 722 595 a
741 545 818 595 Terra
841 545 908 594 calor
934 560 984 593 uon
1013 551 1120 610 augetur
1148 544 1184 593 331
1210 545 1341 605 311331333,
1368 547 1433 611 quod

71 611 152 662 1113133
171 613 232 662 33313
251 620 366 676 apparet,
392 610 494 663 3111831
512 615 589 662 133133
607 615 711 678 3333133,
731 629 806 680 qnam
824 616 954 673 aestate,'
971 622 998 664 et
1015 621 1101 665 tamen
1119 615 1200 664 minus
1220 615 1348 673 331313313;
1373 617 1432 666 13331

70 684 96 732 iu
115 689 171 732 3333
189 690 215 732 33
232 697 322 733 occasu
342 685 405 733 allas
423 691 520 733 tantum
539 685 701 742 calefaceret,
731 692 850 751 quantum
876 688 900 735 in
930 686 1040 741 meridie,
1066 687 1085 735 31
1109 687 1256 736 naturaliter
1278 694 1376 751 ageret:
1406 695 1433 738 at

68 757 142 816 juxta
160 754 356 819 magnitudinem
376 755 461 820 anguli
480 756 618 805 reflexionis
637 757 760 805 radiemm
780 759 848 821 agit,
875 764 901 806 33
929 758 975 805 3131
1002 758 1085 807 radius
1109 759 1134 806 in
1153 756 1230 806 Terra
1255 758 1431 821 reflecteretur,

69 824 550 890 33333333133133831333331331333.
587 827 696 877 1113313
716 833 773 891 aere
793 828 872 877 nullus
892 827 929 876 rel
949 829 1051 893 exignus
1070 828 1144 888 33133,
1174 829 1222 877 1133
1241 828 1286 877 sub
1308 827 1366 878 8313
1385 831 1430 878 mi-

69 910 157 946 norem
175 895 281 946 33133331
300 910 354 946 esse
373 897 484 966 3313311313
504 894 572 959 (curn
591 899 660 949 33113
679 899 778 948 3333313
800 901 825 948 13
845 898 946 948 aethere
959 895 1122 962 3331333313),
1142 912 1216 963 quam
1233 898 1260 948 in
1272 898 1349 948 Terra
1368 901 1430 964 ipsa.

69 963 170 1017 Natura
187 980 282 1032 quoque
300 967 348 1017 1331
367 976 444 1033 anget
461 983 505 1032 333
523 969 639 1019 33311333
658 970 795 1020 3333313313
808 970 886 1026 31333;
906 969 989 1026 arida,
1009 983 1128 1026 3333333,
1147 976 1279 1025 mannua,
1299 969 1433 1034 sulphurea

69 1037 141 1095 loca,
169 1045 199 1087 nt
215 1053 261 1102 333
278 1053 305 1087 33
324 1038 425 1094 calida,
448 1041 520 1088 citius
538 1040 656 1090 calefiunt
674 1048 700 1089 et
718 1041 803 1089 1333133
822 1040 1094 1097 33333133333333133,
1123 1047 1209 1089 contra
1226 1039 1328 1091 humida
1347 1041 1430 1091 33131-

69 1108 132 1176 gida
148 1108 205 1159 loca
222 1108 314 1159 Terrae
332 1109 434 1159 iaciunt
472 1111 539 1159 ilinc
557 1119 616 1175 puto
636 1119 661 1160 te
680 1111 755 1162 iacile
774 1117 972 1174 perspectumm,
1001 1111 1221 1161 inflammationem
1247 1127 1296 1161 333
1316 1127 1370 1162 esse
1388 1126 1431 1162 ex·

70 1194 169 1231 cessum
187 1180 276 1229 3313313
294 1180 430 1238 naturalis,
460 1182 555 1232 3331333
574 1181 650 1245 ipsine
670 1181 745 1241 Solis,
776 1182 820 1232 sed
842 1181 931 1231 saltem
957 1182 1095 1232 reflexionie
1121 1181 1282 1232 accidentalis
1307 1190 1430 1248 respectu.

69 1250 137 1317 Ergo
156 1252 233 1300 etiam
252 1252 276 1300 13
296 1250 387 1300 talibus
406 1253 550 1301 transitibus
570 1252 669 1302 3333313
688 1254 777 1315 potius,
797 1267 870 1317 quarn
888 1254 941 1317 1333
961 1252 1002 1302 831
1022 1253 1215 1303 considerandus
1233 1253 1296 1312 erit;
1315 1255 1364 1305 imo
1382 1253 1431 1305 bac

69 1323 167 1372 ratione
185 1322 306 1370 tremitur
325 1321 359 1371 1111
377 1337 421 1385 333
440 1328 563 1372 aestatem
583 1323 634 1372 3313
652 1324 710 1387 quid
728 1323 845 1373 13333333
864 1331 973 1387 possunt,
992 1340 1042 1373 333
1061 1338 1118 1374 3333
1136 1322 1225 1374 hieme.

159 1410 369 1491 Keplerus:
406 1410 529 1472 Solem
554 1430 660 1472 nocere
685 1412 766 1478 dico,
798 1422 830 1472 33
854 1431 957 1473 onrnes
981 1413 1133 1491 planetas,
1165 1432 1238 1473 sane
1261 1421 1296 1474 ut
1315 1412 1428 1489 dixisti,

69 1517 124 1579 per
147 1498 296 1560 accidens.
343 1499 390 1561 De
414 1500 460 1560 his
485 1499 561 1561 satis
585 1519 676 1579 supra
691 1510 721 1561 et
750 1500 778 1560 in
793 1499 942 1580 prioribus
958 1500 1053 1564 literis
1069 1503 1113 1581 (p.
1131 1496 1197 1564 314
1211 1503 1271 1581 sq).
1315 1500 1377 1564 Sed
1392 1503 1429 1564 de

70 1588 136 1651 1333
156 1585 237 1650 Solis
260 1587 437 1668 propinqua,
462 1599 594 1663 remota,
627 1589 833 1668 disputantem
856 1597 887 1649 te
911 1590 1013 1669 relego
1038 1590 1077 1650 ad
1100 1589 1322 1669 propositiones
1345 1610 1429 1652 meas

69 1675 179 1756 capitis
207 1675 294 1755 primi
318 1677 514 1758 Astrologiae
546 1682 581 1746 (11.
596 1701 617 1735 3.
633 1685 719 1736 1113313
732 1686 763 1734 V.
778 1700 828 1750 sqq.
848 1685 925 1736 libelli
942 1687 1041 1754 saepius
1060 1686 1129 1744 dicti,
1148 1687 1190 1752 qui
1208 1687 1273 1737 13133
1291 1685 1428 1752 sequetur).

69 1755 106 1826 Si
129 1763 184 1826 Sel
212 1764 260 1826 bie
288 1763 360 1826 mibi
391 1775 453 1826 tam
476 1785 569 1846 prope
600 1768 742 1829 verticem
767 1766 883 1828 veniret
906 1785 1008 1827 ruense
1034 1764 1194 1828 Decembri
1219 1778 1249 1829 et
1272 1766 1427 1842 ianuario,

66 1852 135 1933 plns
160 1844 352 1928 caleiaoeret,
381 1873 470 1934 quam
492 1854 522 1915 iu
547 1856 645 1935 capite
671 1858 766 1917 bonae
793 1855 869 1934 spei.

158 1942 205 2003 Dc
233 1941 343 2003 ceteris
376 1944 415 2004 ad
443 1944 571 2005 calorem
596 1943 831 2005 circumstantiis
856 1942 1020 2016 assentior,
1054 1942 1108 2004 sed
1137 1942 1209 2005 nihil
1238 1953 1345 2006 contra
1368 1965 1425 2020 me,

68 2031 146 2112 quod
171 2031 319 2104 callebas,
353 2031 524 2111 priusquam
554 2032 710 2094 scriberes.
758 2034 843 2093 11333
873 2031 973 2094 omnia
1005 2043 1105 2093 tamen
1130 2031 1203 2094 nihil
1234 2033 1273 2094 ad
1302 2043 1426 2095 trans-

67 2121 165 2195 itns,
199 2138 322 2198 quorum
347 2121 482 2199 operatio
506 2141 563 2180 non
588 2121 658 2181 talis
682 2130 745 2194 est,
772 2121 891 2200 qualern
912 2121 940 2181 in
967 2121 1065 2200 prima
1088 2131 1177 2199 parte
1201 2121 1427 2184 dissertationis

51 2206 185 2289 scripsi,
210 2217 240 2268 et
265 2216 295 2272 tu
318 2227 371 2287 per
394 2209 586 2270 reflexionem
611 2209 724 2282 definis,
750 2210 803 2270 sed
827 2229 898 2288 pars
921 2209 1146 2288 imaginationis
1171 2218 1228 2272 est.
1277 2209 1369 2283 Sane,
1392 2219 1426 2272 nt

66 2314 122 2359 nec
137 2297 223 2359 Mars
246 2298 276 2358 in
302 2306 369 2358 ortu
393 2316 447 2358 sno
467 2297 583 2360 directa
598 2297 715 2359 actione
735 2317 843 2378 corpus
860 2296 984 2378 perurit,
1011 2297 1064 2358 sed
1086 2297 1301 2378 imaginatione
1319 2298 1425 2361 Martii

68 2385 187 2449 ruboris
210 2386 326 2448 animus
349 2386 501 2448 choleram
524 2388 656 2466 plantat.
703 2386 797 2448 Potes
817 2387 884 2448 hinc
910 2385 998 2446 133113
1022 2384 1058 2446 33
1074 2385 1251 2448 transitibus
1269 2386 1423 2466 colligere.

68 2472 145 2537 Corn
169 2473 223 2537 831
247 2475 359 2536 transit
381 2495 478 2536 meum
502 2476 681 2547 ascendens,
703 2483 736 2536 ut
754 2475 842 2536 hodie
857 2472 984 2548 25⁰11‚
1009 2472 1079 2552 quid
1102 2473 1183 2535 urit?
1206 2475 1286 2537 Num
1306 2477 1424 2537 terras?

68 2583 156 2638 seue3
190 2564 243 2625 sed
267 2582 352 2624 meae
376 2583 433 2624 non
459 2574 538 2626 sunt.
587 2565 667 2643 Nurn
692 2564 764 2625 me?
809 2564 894 2636 nom
920 2563 1010 2622 sedeo
1035 2561 1064 2623 in
1087 2563 1200 2638 umbra,
1225 2563 1360 2625 scribens
1385 2566 1423 2651 ad

66 2653 246 2715 Fabricium.
296 2651 376 2722 Quid
401 2653 492 2732 ergo?
537 2653 616 2714 Puto
641 2671 739 2713 meum
764 2651 941 2713 ascendens.
988 2651 1047 2712 Ubi
1070 2649 1165 2712 iliud?
1188 2671 1244 2713 non
1269 2651 1298 2713 in
1323 2653 1422 2726 coelo;

67 2740 163 2804 Terra
187 2740 264 2802 enirn
284 2741 341 2801 fuit
362 2740 392 2801 in
417 2756 464 2813 33,
488 2762 534 2803 mc
550 2750 710 2803 nascente:
736 2741 813 2803 alins
829 2740 916 2801 situs.
964 2738 1112 2819 Nuspiam
1130 2739 1221 2820 igitur
1240 2741 1295 2802 hoc
1312 2760 1420 2803 ascen-

66 2831 153 2907 dens,
178 2830 235 2891 nisi
259 2831 288 2892 in
313 2829 502 2905 charactere,
529 2832 577 2910 qni
602 2850 668 2892 meo
692 2830 790 2891 animo
815 2837 864 2890 est
886 2828 1064 2907 impressus,
1098 2829 1182 2907 cujus
1212 2838 1260 2891 est
1283 2830 1425 2908 analogia

66 2915 229 2982 etiamnum
253 2937 320 2980 cum
345 2917 489 2980 similibus
514 2920 589 2980 coeli
613 2919 761 2998 partibus.
805 2917 876 2979 Sole
901 2922 972 2995 e'rgo
997 2917 1132 2997 geminos
1147 2917 1330 2994 ambulante,
1356 2936 1424 2980 mea

66 3010 198 3073 facultas
223 3007 361 3069 animalis
385 3026 541 3069 accessum
558 3007 639 3070 Solis
664 3006 868 3069 characteritii
893 3005 1074 3085 imaginatur
1093 3005 1131 3066 ad
1146 3015 1244 3068 ortum
1259 3007 1420 3070 characte-

64 3099 178 3163 ritiuna
218 3096 377 3160 Modificas
401 3096 550 3158 actionem
574 3097 653 3159 Solis
680 3115 867 3176 repercussu.
915 3093 1059 3170 Omnino,
1091 3095 1130 3156 mi
1153 3095 1289 3170 Fabrici,
1324 3096 1421 3177 primo

63 3188 199 3268 impactu
225 3186 359 3253 calfacit.
402 3185 562 3266 Distingue
586 3187 664 3247 inter
683 3194 782 3247 ustum
798 3194 829 3246 et
844 3193 972 3247 aestum.
1018 3183 1212 3263 Repercussu
1235 3186 1284 3260 (et
1305 3205 1342 3247 eo
1363 3205 1421 3247 non

66 3272 211 3359 simplici,
250 3274 304 3336 sed
338 3283 483 3354 quatenns
519 3277 613 3336 lucem
637 3276 748 3335 Terrae
782 3273 1024 3346 communicavit,
1061 3291 1137 3352 quae
1162 3273 1227 3353 jain
1253 3293 1311 3335 non
1334 3282 1368 3335 ut
1391 3276 1421 3336 in

63 3384 245 3448 repercussu
275 3365 418 3425 inunum
446 3372 588 3443 punctum
616 3362 732 3438 radiat,
767 3362 821 3423 sed
844 3363 933 3442 plane
965 3361 995 3421 in
1020 3360 1139 3435 orbem)
1164 3369 1268 3424 aestus
1302 3372 1423 3425 creatur

64 3456 163 3530 aeris,
193 3455 325 3534 impactu
347 3453 442 3533 primo
471 3453 540 3515 urit.
589 3454 683 3514 Totus
717 3450 876 3512 haeresin
908 3469 1014 3511 crassa
1044 3450 1098 3511 illa
1122 3451 1311 3540 operatione,
1346 3471 1422 3531 quae

64 3565 173 3608 sensns
198 3543 341 3616 incurrit;
366 3561 515 3621 nunquarn
540 3543 640 3620 aperis
665 3542 773 3601 ruentis
797 3540 924 3612 oculum,
950 3557 1007 3618 quo
1031 3539 1239 3600 harmonicam.
1259 3539 1421 3601 connexio-

63 3653 132 3697 nem
157 3632 329 3694 animalium
354 3633 531 3692 facultatum
555 3651 621 3692 curn
646 3631 797 3690 coelorum
811 3627 940 3689 motibus
955 3628 1110 3706 inspicias,
1136 3647 1212 3707 qnae
1232 3629 1261 3688 in
1277 3627 1420 3689 directio-

63 3723 167 3798 nibus,
192 3721 385 3796 transitibus,
414 3721 666 3789 revolutionibus,
700 3718 873 3796 spaectibus
899 3716 1134 3795 meteorologica
1156 3735 1232 3797 pene
1256 3716 1340 3778 unice
1365 3717 1421 3777 do-

61 3812 203 3876 minatur.

136 3919 313 3968 Fabricius:
341 3916 371 3965 In
391 3913 609 3964 dissertatiuncula
625 3919 670 3962 tna
689 3912 774 3962 scribis
793 3907 878 3972 (Thes.
898 3910 929 3958 V·
949 3906 1013 3974 etp),
1038 3909 1120 3960 Solem
1143 3926 1193 3961 uon
1211 3913 1363 3976 potissimum
1383 3926 1422 3962 re-

62 3990 226 4041 3331333131
245 3988 376 4038 altitudine
394 4000 469 4050 supra
485 3985 646 4040 horizontem,
666 3984 710 4033 sed
728 3983 833 4047 longiori
849 3983 931 4045 potius
950 3995 1020 4030 mora
1038 3982 1186 4043 adciscere,
1206 3983 1375 4033 demonstraus
1393 3984 1419 4033 id
1438 4024 1443 4029 .

62 4061 147 4113 331333
165 4063 281 4125 temperis
299 4059 459 4123 pomeridiaui
480 4061 639 4121 augescente.
677 4054 703 4104 81
723 4054 769 4103 1133
788 4053 911 4103 1333331131
930 4053 1039 4109 3331313,
1065 4067 1115 4102 333
1134 4060 1201 4103 certe
1220 4055 1244 4103 in
1263 4054 1421 4119 hyperboreis

61 4134 133 4194 13313,
152 4134 193 4182 331
217 4133 269 4182 dies
295 4127 514 4181 3333313331331.
552 4127 617 4176 Nam
645 4127 678 4176 ibi
703 4127 729 4175 in
748 4131 846 4174 aestate
874 4125 1058 4189 frigidissimum
1079 4132 1124 4174 est.
1162 4124 1227 4189 Ergo
1247 4125 1358 4175 adducta
1375 4133 1421 4176 tua

61 4204 257 4256 333313331133
275 4210 321 4253 est.

152 4292 358 4373 1333133331Ι
389 4288 523 4349 Tandem
551 4305 649 4346 meam
677 4283 974 4346 dissertatiuncularn
999 4283 1140 4358 adoriris,
1176 4284 1230 4346 sed
1255 4283 1421 4346 oscitanter

61 4392 95 4447 et
117 4383 230 4446 infelici
253 4379 397 4459 auspicio.
429 4375 551 4439 ,81831
581 4393 665 4435 rnora
688 4375 868 4447 calfaceret,
898 4373 995 4452 major
1018 4381 1122 4434 aestus
1145 4373 1174 4434 in
1200 4372 1331 4434 bibernis
1354 4372 1418 4434 Ba-

61 4481 202 4536 tavorum
224 4469 327 4533 esset?
355 4466 545 4539 7833333333
569 4463 638 4535 31111,
670 4463 720 4542 qui
743 4483 801 4524 333
825 4470 923 4523 totam
939 4463 1038 4524 thesin
1062 4461 1173 4541 legisti.
1220 4462 1326 4523 Mera
1348 4480 1419 4541 pars

62 4580 174 4623 causae
194 4570 256 4635 est,
280 4555 495 4620 incidentia
517 4571 589 4632 pars
613 4558 674 4621 est,
699 4554 800 4612 airis
825 4551 1022 4614 crassities
1046 4570 1117 4632 pars
1138 4559 1199 4625 est,
1223 4550 1419 4630 impactum

61 4652 95 4713 in
124 4650 237 4714 Terra
265 4647 385 4729 frigus
408 4644 502 4707 multo
525 4641 654 4702 manime
678 4659 748 4719 pars
773 4648 830 4702 est.
873 4640 973 4703 Pudet
995 4661 1051 4716 me,
1080 4647 1217 4719 repetere
1242 4658 1281 4700 ex
1304 4638 1418 4704 disser-

61 4738 241 4803 tatiuncula
287 4735 393 4818 Itaque
418 4732 586 4797 circurnduc
611 4729 802 4792 [3131831313
825 4730 854 4791 in
877 4728 938 4791 iilis
963 4730 1095 4795 hibernis
1119 4737 1181 4790 tam
1203 4727 1305 4802 allum,
1331 4746 1420 4810 quam

61 4829 142 4915 apud
165 4847 221 4891 nos
245 4834 302 4901 est,
327 4826 445 4902 videbis
469 4822 629 4886 veritatem
652 4818 852 4905 pronunciati.
