3428 5542
718 303 880 355 amemus.
953 347 957 355 .
1414 302 1483 373 223

121 469 182 517 quos
206 456 282 505 etiarn
300 464 340 507 est
358 459 564 509 Franciscus
583 459 770 522 Patricius,
797 463 909 526 quiajos
927 462 1079 512 mentonem
1096 463 1122 512 in
1140 461 1236 512 erudito
1260 462 1326 514 'elias
1353 463 1485 518 neren

120 525 279 590 Philosophia
296 529 419 578 volumina
439 527 523 591 (Nora
540 530 572 581 de
589 530 716 581 Universis
733 531 899 596 Philosophia,
918 533 985 584 libris
999 533 1028 582 L.
1048 530 1236 597 comprehensa)
1256 535 1325 592 iacit,
1344 535 1365 584 is
1383 535 1483 600 qnidam

117 611 220 647 meam
238 613 292 665 asse
311 615 425 664 expressa
444 603 545 660 asserit,
571 602 616 651 sed
633 617 689 664 eam
713 604 750 652 ita
776 606 894 668 pervertit
925 610 950 654 et
968 619 1012 668 par
1029 605 1196 670 ignorantiam
1214 605 1280 655 mele
1308 606 1483 675 accommodat

118 676 145 717 et
163 676 250 718 contra
268 685 326 721 mes
343 673 419 736 ipsius
436 673 563 736 postulata
581 680 607 722 et
625 680 737 724 assumta
751 688 806 724 eam
819 676 963 739 coinquinat
982 682 1007 725 at
1023 677 1170 736 insectatur,
1190 681 1219 725 ut
1235 676 1342 739 piurima
1360 675 1437 728 isthic
1452 672 1482 730 α’

117 741 194 802 ipsius
212 741 333 792 relatione
351 745 465 807 apposite
482 759 525 807 pro
543 745 605 793 meis
624 760 672 794 non
693 759 836 810 agnoscam,
855 746 920 810 quod
938 748 1016 796 etiam
1033 746 1130 810 publice
1148 748 1311 811 protestabcr.

189 809 239 861 Sed
258 813 289 862 de
307 813 436 878 hypothesi
454 815 502 864 hac
520 815 559 864 vel
578 815 629 864 alia
640 830 690 865 nou
702 818 806 866 multum
820 816 1008 874 altercabimurc
1028 818 1140 881 quaestio
1160 824 1205 875 ast,
1224 819 1278 882 quis
1291 831 1348 867 eam
1359 818 1482 868 rationem

118 882 331 947 insanirepossit,
360 893 413 934 tam
431 887 457 934 in
475 888 656 950 quantitatibus
675 894 702 936 et
719 889 868 937 motionibus
887 890 1009 938 continuis
1028 902 1102 951 quam
1121 888 1241 945 discretis,
1260 895 1289 937 nt
1306 888 1482 952 phaenomena
1568 891 1571 897 '

118 952 238 1003 coelestia
255 968 300 1018 per
318 957 403 1005 omnia
420 957 553 1007 salventur.
592 958 662 1015 ,Hoc
681 973 750 1022 opus,
770 959 810 1008 hic
828 959 898 1008 labor
916 967 962 1020 est,
983 965 1009 1008 at
1027 962 1062 1008 sic
1080 965 1221 1022 spectamur
1239 959 1362 1024 agendo.“

188 1023 272 1086 Porro,
293 1028 413 1092 siquidem
432 1029 465 1076 ab
482 1029 552 1077 initio
570 1030 681 1084 innuisti,
700 1036 725 1078 te
745 1029 907 1079 aliaestiino
919 1033 1023 1094 primum
1039 1030 1083 1079 tibi
1103 1044 1120 1079 a
1136 1045 1177 1080 me
1195 1031 1326 1094 inscriptas
1345 1031 1481 1094 accepisse,

118 1096 159 1159 qui
178 1097 262 1152 etiam,
282 1112 344 1161 quas
364 1100 396 1147 ad
414 1099 482 1147 illum
502 1099 626 1154 dederam,
646 1106 728 1149 tecum
748 1103 946 1156 communicavit,
964 1103 1051 1161 miror,
1080 1103 1160 1164 ipsum
1178 1116 1224 1151 nec
1243 1101 1290 1150 illis
1315 1116 1396 1166 neque
1415 1101 1479 1162 aliis,

117 1180 179 1231 quas
197 1169 277 1230 prius,
304 1170 353 1218 imo
373 1177 431 1219 ante
456 1171 549 1234 aliquot
573 1185 652 1220 annos
674 1173 803 1229 miseram,
829 1174 953 1236 quippiam
977 1178 1048 1222 tanto
1071 1179 1181 1236 tempore
1200 1171 1346 1236 respondere
1365 1173 1479 1222 voluisse.

117 1239 157 1285 An
175 1237 223 1287 hoc
241 1240 335 1289 sit‘riri
353 1241 454 1305 ingenui
474 1249 500 1290 at
522 1241 705 1291 mathematicis
728 1243 861 1306 disciplinis
884 1244 986 1294 solantes
1010 1244 1111 1299 imbuti,
1138 1249 1193 1293 tnta
1216 1244 1330 1294 aestima.
1367 1241 1424 1293 Nou
1443 1248 1482 1293 ast

117 1308 181 1357 alias
199 1310 258 1358 mihi
276 1313 365 1368 moris,
385 1313 483 1376 ignotos
501 1311 578 1362 lit'eris
596 1315 753 1375 praevenire,
773 1313 817 1363 sed
835 1315 994 1377 utplurimum
1013 1314 1044 1362 ab
1063 1313 1111 1363 iliis
1129 1314 1267 1377 praeveniri
1286 1314 1369 1374 soleo,
1389 1313 1481 1364 uadum

117 1387 145 1428 ut
163 1380 197 1429 ad
214 1395 284 1431 meas
302 1389 374 1431 tanta
393 1390 531 1446 temporum
549 1391 631 1433 tractu
644 1387 826 1447 responsionem
839 1386 932 1435 nullam
945 1386 1071 1449 recipiam.
1101 1383 1151 1434 Sed
1169 1386 1194 1434 iu
1212 1392 1338 1449 posterum
1357 1387 1388 1442 ai,
1407 1399 1481 1449 quam

117 1450 212 1512 plurimi
231 1467 328 1515 semper
346 1454 409 1510 ieci,
436 1454 472 1503 uti
496 1457 588 1518 scripta
605 1470 664 1505 mea
681 1457 706 1505 in
725 1456 850 1519 publicum
870 1456 939 1506 edita
956 1457 1042 1506 tested
1059 1462 1191 1519 poteraut,
1217 1456 1279 1507 mais
1300 1457 1421 1521 ingratis,
1442 1455 1481 1507 uti

116 1521 201 1578 rideo,
219 1524 297 1573 literis
315 1540 364 1573 non
385 1540 426 1574 ero
444 1525 568 1575 molestus.
1424 1543 1426 1547 ·
1464 1559 1466 1562 -

186 1592 292 1644 Placent
309 1597 369 1652 tibi,
395 1610 459 1661 quae
486 1597 519 1646 ad
542 1597 610 1646 illum
629 1602 655 1646 et
679 1604 705 1647 ta
724 1597 755 1647 de
773 1613 799 1647 re
819 1598 985 1650 astronomica
1002 1598 1096 1661 scripsi.
1134 1598 1210 1662 Atqui
1229 1611 1261 1648 aa
1279 1610 1306 1647 se
1324 1597 1360 1646 sic
1379 1596 1478 1647 omnlao

115 1663 222 1721 habere,
249 1674 315 1736 certo
336 1667 488 1729 exploratum
506 1667 603 1725 habeo,
630 1668 755 1733 multoque
777 1664 851 1732 plura
869 1674 895 1719 et
911 1669 949 1718 his
968 1671 1064 1731 majore
1082 1667 1163 1718 adhuc
1183 1669 1298 1718 abstrusa
1320 1681 1388 1724 esse,
1414 1680 1481 1732 quae

117 1739 300 1786 antecessorum
326 1745 379 1787 tam
412 1745 522 1788 veterum
549 1754 622 1803 quam
646 1742 810 1790 recentiorum
834 1741 987 1805 diligentiam
1007 1740 1139 1797 eluserunt.
1185 1739 1296 1796 Suades,
1322 1739 1371 1787 imo
1396 1737 1482 1789 multia

116 1807 262 1861 rationibus,
281 1823 343 1873 quae
363 1824 408 1874 ago
427 1825 477 1859 non
496 1811 613 1874 improbo,
633 1812 781 1875 persuadere
801 1814 906 1868 conaris,
925 1819 954 1860 ut
966 1813 1148 1861 ohservationes
1161 1825 1232 1860 meas
1250 1809 1371 1860 coelestes
1389 1808 1481 1873 publici

113 1877 176 1938 juris
196 1878 304 1935 isaiam,
325 1881 389 1944 quod
408 1881 505 1944 quidam
524 1896 567 1930 suo
587 1889 695 1946 tempore
714 1891 841 1945 praestare
860 1898 910 1932 uon
929 1882 1087 1939 detrectabo,
1107 1897 1163 1932 cum
1180 1881 1234 1939 his,
1253 1895 1318 1946 quse
1337 1887 1365 1929 tu
1383 1879 1481 1930 affadru

116 1947 227 2009 adducis,
247 1957 299 1999 tum
318 1951 372 2000 aliis
392 1952 422 2001 de
442 1954 531 2002 causis.
564 1951 657 2002 Varum
675 1960 728 2001 tam
747 1955 795 2003 cito
815 1955 840 2004 id
860 1954 965 2013 afficere,
986 1960 1120 2018 antequam
1137 1953 1254 2017 pleraque
1274 1967 1304 2001 ar
1322 1952 1361 2008 iis,
1380 1964 1445 2015 qnae
1464 1963 1482 2000 a

116 2034 156 2068 me
176 2021 201 2068 in
220 2024 391 2072 astronomicis
410 2024 552 2073 instaurata
569 2031 628 2072 sunt
646 2030 720 2088 atqua
738 2025 908 2075 selectioribus
927 2040 957 2074 ex
975 2025 1061 2074 iisdem
1079 2024 1289 2073 observationibus
1308 2021 1426 2079 lundata,
1453 2021 1481 2071 iu

115 2091 197 2158 lacem
216 2093 360 2156 prodierint,
378 2109 427 2142 uon
448 2095 585 2144 consultum
606 2096 683 2152 duco;
703 2110 762 2144 nam
774 2103 873 2158 praeter
886 2097 937 2145 alia
954 2095 1001 2145 hoc
1019 2096 1107 2159 ipsum,
1126 2095 1190 2159 quod
1208 2101 1237 2143 tu
1255 2094 1286 2156 da
1303 2091 1480 2156 hypothesibus

115 2164 177 2210 meis
196 2166 331 2228 praereptis
351 2172 376 2213 et
396 2166 426 2214 de
446 2165 562 2229 Cypriani
582 2163 711 2227 (Lacritii)
731 2167 942 2230 Ephemeridibus,
962 2168 1016 2216 aliis
1035 2166 1116 2230 quoad
1134 2172 1230 2229 partem
1249 2165 1372 2215 attributis
1391 2170 1418 2213 at
1435 2163 1478 2214 de·

116 2236 233 2296 proretis,
253 2236 337 2293 reiers,
357 2243 434 2285 terret
452 2244 526 2301 atque
546 2238 682 2288 dissuadet.
711 2237 859 2287 obtinebitis
882 2245 967 2289 tamen
991 2237 1123 2302 aliquando
1142 2237 1241 2286 iuvante
1261 2235 1360 2286 coelesti
1380 2235 1481 2307 numina

117 2319 161 2362 aa,
182 2300 245 2369 q'use
267 2320 340 2356 arne
359 2308 468 2370 plurimis
488 2309 559 2357 anuis
577 2309 602 2356 iu
622 2309 768 2358 coelestibus
788 2310 907 2359 denotata
925 2316 997 2364 sunt,
1017 2324 1066 2357 non
1085 2307 1183 2372 quidem
1201 2313 1254 2356 tarn
1272 2319 1364 2356 manca
1382 2311 1408 2354 et
1425 2318 1479 2354 ruu-

117 2376 178 2434 tila,
197 2392 230 2426 na
249 2378 330 2426 dicam
349 2379 461 2435 incerta,
480 2386 553 2442 prout
571 2394 603 2428 ea
621 2387 690 2436 sunt,
719 2393 783 2443 quae
801 2381 912 2443 pauculis
931 2380 1023 2431 chartis
1040 2379 1169 2428 mandarit
1187 2377 1319 2427 Wernerus
1343 2376 1382 2426 rel
1400 2377 1482 2439 potius

115 2440 180 2495 ioh(
193 2446 334 2499 Schonerus
348 2445 424 2514 (nam
443 2449 554 2499 Werncri
573 2452 704 2500 observata
722 2451 791 2500 nulla
809 2452 873 2508 vidi;
893 2458 921 2500 tu
939 2452 961 2499 si
979 2464 1042 2515 quae
1061 2448 1139 2499 habes
1158 2445 1334 2510 communica),
1353 2461 1370 2497 c
1386 2446 1487 2513 aegro.

116 2525 235 2568 montano
255 2527 281 2569 et
300 2520 435 2570 Gualthero
454 2521 550 2579 relicta,
569 2521 614 2570 sed
633 2530 724 2572 exacta
741 2522 835 2586 sibique
855 2524 1006 2578 constantia,
1028 2527 1102 2585 atque
1121 2522 1147 2569 in
1166 2525 1240 2570 tanta
1258 2517 1330 2568 simul
1350 2518 1434 2582 copia,
1452 2522 1483 2567 ut

117 2590 156 2638 vix
175 2605 266 2654 magno
285 2591 390 2655 quodam
408 2591 530 2641 volumine
549 2593 682 2657 constringi
702 2601 802 2656 queant.

187 2662 329 2727 adjungam
347 2670 447 2726 praeter
464 2663 551 2713 librum
570 2664 795 2729 Epistolarum,
820 2664 851 2713 de
870 2678 917 2728 quo
936 2677 1023 2726 supra,
1043 2661 1236 2712 Methanicc
1252 2665 1339 2710 nosue
1355 2659 1404 2709 huc
1422 2671 1486 2723 spa.

117 2733 223 2788 ctantia,
242 2748 306 2797 quae
323 2735 498 2789 instrumenta,
516 2736 602 2798 quibus
623 2735 687 2784 ultra
706 2733 740 2783 20
759 2749 838 2784 annos
856 2749 915 2784 usus
934 2750 1001 2789 sum,
1022 2733 1230 2797 complectuntur,
1249 2732 1271 2780 ei
1289 2730 1416 2780 commoda
1434 2728 1481 2780 tibi

117 2802 200 2868 Praga
220 2805 309 2853 adferri
327 2813 450 2868 potarunt
480 2806 517 2854 Er
535 2806 649 2870 Epistolis
669 2813 768 2869 praeter
788 2805 838 2855 alia
856 2807 922 2870 prins
934 2807 1062 2855 insinuata
1078 2804 1219 2868 perspicies,
1239 2816 1271 2852 an
1282 2815 1328 2851 eae
1340 2800 1481 2865 temperet

122 2877 241 2924 momenti
259 2883 333 2940 atque
352 2877 451 2925 inutiles
470 2879 533 2933 sint,
553 2877 628 2926 veluti
647 2891 706 2940 prae
726 2879 802 2926 animi
820 2879 967 2941 impotentia
985 2881 1134 2926 occaecatus
1152 2874 1193 2924 illa
1213 2887 1300 2923 censor
1317 2873 1382 2929 vult,
1402 2878 1429 2922 et
1446 2885 1481 2923 an

120 2945 309 2996 laudatissimae
327 2949 462 2996 memoriae
479 2947 636 3013 landgravio
655 2948 785 3000 Wilhelmo
804 2949 929 3013 quidpiam
948 2949 1075 3013 derogent,
1094 2946 1169 2995 veluti
1186 2945 1253 2994 idem
1271 2944 1434 3008 impudenter,
1451 2947 1482 2995 ut

119 3015 170 3064 filio
189 3019 241 3079 ejus
260 3034 300 3067 me
318 3019 422 3067 invisum
445 3019 574 3076 redderet,
601 3026 753 3069 commentus
776 3028 822 3069 est
860 3019 898 3069 Er
915 3019 1069 3069 Mechauicis
1095 3018 1210 3081 colliges,
1236 3021 1330 3079 quanto
1355 3014 1480 3065 molimina

120 3089 285 3139 astronomiae
303 3090 539 3154 redintegrationem
558 3104 689 3155 aggressus
709 3093 762 3147 sim,
782 3097 923 3155 quantaque
941 3092 967 3140 in
984 3090 1023 3139 his
1045 3104 1104 3138 usus
1120 3088 1251 3152 diligentia
1268 3087 1416 3151 quantisque
1433 3086 1479 3135 hu·

119 3159 211 3221 pensis.
247 3159 361 3211 invenies
381 3162 456 3210 etiam
474 3162 566 3210 ibidem
585 3164 652 3212 circa
669 3163 828 3225 posteriorem
846 3168 942 3225 partem
961 3161 1173 3225 consignationem
1193 3173 1290 3215 eorum,
1310 3171 1374 3222 quaa
1391 3157 1479 3208 hacte-

119 3245 165 3278 nus
177 3232 203 3279 iu
215 3229 262 3281 hoc
280 3247 372 3296 genere
391 3232 527 3281 studiomm
541 3233 673 3289 exantlavi,
693 3248 805 3297 quaeque
823 3235 993 3297 inposterum,
1014 3234 1140 3295 aspirante
1154 3230 1297 3280 coelestium
1310 3229 1405 3292 opifice,
1423 3241 1479 3294 per·

119 3302 228 3350 terenda
245 3310 351 3359 restant,
371 3309 424 3352 turn
442 3319 538 3368 quoque
556 3304 640 3353 literas
658 3305 714 3353 illas
733 3305 852 3354 laudatae
871 3306 1004 3354 memoriae
1016 3302 1050 3352 D.
1064 3302 1153 3354 Jacobi
1167 3300 1244 3350 Curtii
1258 3306 1285 3350 et
1296 3299 1402 3364 Magini,
1421 3311 1484 3363 qua-

120 3388 173 3421 rum
193 3380 270 3424 antea
287 3376 439 3424 mentionem
458 3377 514 3425 ieci.
543 3374 665 3424 Misissem
679 3375 844 3425 illuminatum
863 3369 1026 3436 (utirodaut)
1046 3374 1179 3438 exemplar,
1199 3386 1246 3437 qno
1265 3372 1384 3435 promtius
1402 3369 1488 3419 omnia
1572 3414 1574 3417 ,

121 3444 288 3502 discerneres,
308 3446 352 3495 sed
370 3461 436 3495 nuno
455 3462 504 3494 uon
523 3449 638 3510 suppetit
1021 3463 1024 3466 ’

192 3515 257 3566 Hinc
277 3517 330 3566 adit
348 3516 433 3580 Tycha
451 3516 611 3567 Prodromum
631 3518 745 3581 aliaque,
765 3532 829 3582 qnae
848 3518 964 3582 leguntur
980 3528 1039 3580 pag.
1061 3511 1094 3563 46
1114 3520 1140 3564 et
1158 3510 1201 3561 47.

191 3585 221 3635 ln
242 3587 425 3652 ,Postsaripto“
444 3587 509 3638 haec
527 3590 611 3638 addit:
637 3588 662 3638 Si
682 3604 709 3638 se
728 3591 826 3638 occasio
840 3588 969 3637 commoda
982 3586 1105 3643 obtulerit,
1124 3600 1193 3650 rogo,
1212 3581 1412 3633 utMaastliuum
1429 3594 1485 3631 meo

120 3658 220 3707 nomina
238 3674 342 3709 moneas
362 3660 393 3709 da
412 3660 542 3723 eclipsibus
562 3660 593 3709 ab
612 3660 654 3709 illo
674 3660 808 3710 observatis
838 3674 894 3708 cum
913 3657 974 3708 meis
1003 3657 1157 3707 conserendis
1181 3655 1211 3704 ob
1228 3651 1485 3735 meridianorumndll·

118 3729 251 3778 larentiam
270 3732 412 3780 eruendam.
440 3731 508 3780 Dum
528 3733 594 3781 euim
612 3732 695 3795 relego
715 3730 852 3795 exemplum
866 3729 999 3779 ‘literarum
1012 3728 1045 3778 ad
1059 3727 1220 3777 Maestlinum
1239 3722 1275 3789 (p.
1288 3722 1322 3773 44
1335 3718 1394 3787 sq),
1414 3722 1486 3773 nuso

119 3814 159 3848 ma
178 3798 250 3850 isthic
268 3803 419 3851 mentionem
437 3802 526 3852 iecisse
545 3803 641 3866 eclipsis
661 3802 737 3861 Solis,
757 3816 821 3867 quae
841 3801 880 3850 die
900 3799 941 3848 25.
957 3800 1026 3849 Febr.
1048 3800 1106 3849 anni
1126 3796 1168 3847 98.
1190 3798 1307 3862 contigit,
1326 3794 1382 3850 ubi,
1401 3793 1487 3844 nesclo

117 3885 168 3934 qua
185 3873 290 3930 incuria,
310 3873 380 3937 digiti
399 3873 506 3937 ecliptici
526 3874 676 3923 denotantur
690 3870 778 3934 roi„
807 3874 871 3922 iorte
890 3872 954 3937 quod
973 3886 1017 3934 par
1035 3870 1141 3934 aliquem
1160 3883 1190 3918 ar
1208 3869 1271 3917 meis
1289 3866 1414 3922 studiosis,
1434 3863 1485 3915 cal·

120 3941 202 3991 culum
215 3944 287 3992 nimis
306 3943 454 3994 festinanter
474 3951 663 4010 exsequentem,
691 3946 726 3995 sic
745 3957 873 4008 perperam
891 3944 985 4007 repari;
1005 3957 1062 3993 cum
1079 3942 1159 3991 remor
1175 3940 1243 3989 ratio
1259 3954 1288 3988 er
1307 3938 1368 3988 meis
1386 3935 1487 3994 tabulis,

120 4020 192 4076 prout
218 4015 325 4078 ipsemet
346 4023 435 4080 postea
458 4016 596 4081 disquisivi,
621 4017 741 4080 praebeat
758 4016 849 4080 digitos
869 4011 935 4076 9¹l2,
962 4028 1011 4078 qua
1030 4013 1106 4062 etiam
1124 4012 1266 4077 quantitate
1285 4008 1326 4059 sol
1346 4008 1489 4093 deficeres

119 4084 226 4147 quodam
254 4100 284 4136 ex
301 4088 363 4137 maie
382 4086 534 4151 Uraniburgi
552 4088 625 4137 isthic
645 4085 685 4148 (ut
703 4084 720 4134 4
739 4088 891 4136 residuorum
909 4087 1135 4141 instnrmentarum,
1155 4096 1220 4147 quae
1237 4095 1297 4146 prae
1315 4079 1489 4145 magnitudrna

120 4155 201 4206 efferri
219 4165 272 4206 tam
291 4157 340 4207 cito
359 4159 503 4222 nequibant,
524 4173 609 4208 curam
627 4155 743 4219 haberet)
763 4159 851 4208 relicto
871 4157 980 4207 studioso
1000 4154 1165 4219 deprehensus
1185 4160 1231 4210 est,
1251 4159 1277 4203 et
1294 4159 1407 4216 tempora
1425 4150 1488 4202 uias

118 4229 304 4290 per·armiiiam
323 4231 501 4293 aequatoriam,
523 4227 556 4277 18
573 4231 664 4294 pedum
682 4232 707 4279 in
727 4230 857 4286 diametro,
878 4228 1029 4292 aprincipio
1043 4241 1121 4290 usqua
1134 4226 1166 4275 ad
1179 4225 1255 4275 finam
1275 4221 1334 4285 (init
1352 4224 1417 4273 enim
1435 4227 1488 4271 toto

120 4298 192 4348 isthic
210 4307 320 4363 tempore
339 4297 465 4363 saranum]
484 4315 556 4351 meae
575 4301 725 4351 restitutioni
745 4302 854 4365 apprime
874 4301 1037 4364 congruentia
1056 4297 1159 4347 coelitus
1183 4297 1304 4346 denotata
1326 4299 1396 4352 suut,
1423 4305 1488 4356 qaae

119 4377 192 4419 erant
211 4371 370 4432 ejuscemodi,
389 4380 417 4421 ut
436 4372 568 4437 deliquium
587 4374 709 4437 inciperet
727 4373 799 4422 isthic
818 4372 842 4421 h.
864 4368 906 4420 1⁰.
928 4368 976 4427 10‘,
995 4369 1069 4420 finam
1088 4369 1192 4418 haberet
1209 4367 1236 4416 h.
1258 4361 1365 4421 1219‘,
1384 4363 1489 4447 ideoque

119 4441 228 4491 medium
247 4444 365 4493 existeret
382 4443 406 4492 h.
428 4442 538 4493 11.12‘.
577 4445 649 4494 Haec
678 4445 710 4493 ad
728 4443 906 4497 Maestlinum,
933 4442 1032 4506 quaudo
1055 4440 1090 4488 iili
1116 4439 1256 4504 scripseris,
1282 4436 1373 4485 referre
1398 4440 1490 4498 potens

119 4514 247 4577 ipsumque
266 4529 354 4579 rogare
374 4522 448 4578 atque
468 4516 584 4572 eiicere,
608 4522 637 4565 ut
656 4517 687 4565 ab
706 4517 759 4578 ipso
778 4515 897 4578 eclipses,
916 4520 970 4562 tam
988 4512 1116 4571 Lunares,
1136 4525 1211 4576 quam
1231 4507 1344 4564 solares.
1370 4510 1490 4571 (1¹10qu

119 4583 241 4634 hactenus
260 4586 410 4642 observavit,
430 4602 474 4650 par
491 4594 531 4645 te,
551 4586 670 4652 siquidem
688 4586 729 4635 illa
747 4585 808 4636 mihi
826 4585 960 4634 rescribere
979 4583 1054 4640 nolit,
1074 4583 1209 4632 obtineam.
1363 4649 1368 4661 ι
1389 4649 1395 4662 ⁶

190 4655 282 4721 Reperi
299 4658 364 4707 inter
383 4657 482 4708 chartas
500 4672 570 4708 meas
590 4658 729 4722 exemplum
750 4658 877 4707 literarum
900 4655 1065 4712 Crameri,
1092 4654 1122 4703 da
1141 4668 1188 4718 quo
1205 4652 1273 4716 prius
1295 4662 1411 4731 memmi,
1435 4648 1490 4710 jam

118 4723 224 4787 dudum,
252 4730 336 4778 nescio
354 4730 380 4779 in
398 4745 458 4794 quos
477 4745 549 4787 usne,
576 4730 738 4793 descriptum,
768 4728 833 4794 quod
859 4727 928 4778 hisae
947 4727 1028 4784 eddo,
1056 4732 1082 4776 et
1106 4725 1177 4775 simul
1206 4720 1341 4785 exemplum
1370 4717 1489 4782 epistolae

120 4799 248 4863 cujusdam
267 4799 303 4849 M.
322 4799 444 4852 Johannie
463 4800 670 4857 christierni,
692 4800 775 4859 Dani,
802 4813 868 4849 nuuc
887 4798 1004 4865 Lugduni
1022 4799 1174 4849 Batavorum
1193 4793 1329 4845 studiorum
1348 4802 1427 4841 causa
1444 4788 1488 4839 de·

190 4885 279 4936 supteri
293 4887 364 4938 opera
376 4888 394 4931 1.
1236 4881 1269 4932 15
