3428 5542
227 231 337 350 ree
740 274 853 340 aneu
871 273 1073 341 emon-oue

222 451 389 507 ceterorum
418 441 516 503 latera
544 437 628 499 dieta
660 454 718 496 nnn
747 435 835 497 simul
869 454 1000 516 congrue
1032 433 1103 517 poni
1131 440 1268 511 possunt.
1287 428 1312 505 ¹)
1365 431 1587 495 Dedsoabdron

598 543 645 595 rig.
661 540 693 584 ea.
1076 522 1168 602 igitur
1188 519 1294 586 ¹decem
1325 519 1470 582 lateribus
1492 519 1587 581 talem

1081 608 1225 671 describit
1247 608 1344 683 viam,
1373 627 1429 690 per
1455 608 1588 670 medium

229 618 1042 810 Q
1081 704 1257 761 transeunte
1276 698 1423 776 quadrato
1438 695 1586 769 octaedri,

104 855 113 870 ,
1081 787 1111 847 in
1134 786 1255 865 planum
1279 793 1406 848 extenso
1430 785 1494 865 (fig.
1519 780 1587 857 13).

310 881 493 945 Icnsatdrnu
516 896 589 944 vero
614 879 808 942 manifestam
832 897 938 940 zonam
962 879 1018 939 boe
1041 885 1141 956 paeto,
1167 882 1342 936 transeunte
1361 893 1477 937 rursum
1497 879 1587 934 ncta-

602 979 650 1031 ῆι·
667 976 699 1020 ¹⁴
1082 963 1145 1026 edri
1169 963 1349 1043 quadrato
1340 983 1372 1025 ru
1391 969 1507 1025 rectum
1531 980 1587 1023 ex·

251 1070 529 1209 'A'A
617 1071 1016 1211 A'An
1080 1049 1367 1202 t⁰¹¹⁵⁰110fi‹r⁸u¹n⁴aec
1382 1140 1440 1202 uuo
1455 1094 1507 1201 00x
1535 1147 1590 1201 aa

251 1213 286 1333 r
375 1213 610 1352 ’.γ
700 1214 934 1346 vv
862 1216 1059 1354 ἰ
1024 1138 1248 1337 q'corpffra
1239 1229 1285 1291 ita
1312 1157 1590 1308 applicenturgnper

1082 1317 1392 1390 circumferentiam(
1378 1319 1461 1390 (nam
1486 1315 1589 1394 anguli

222 1410 281 1474 dnn
305 1407 393 1470 unius
418 1415 451 1468 et
478 1416 582 1470 centra
610 1409 767 1488 planorum
799 1408 924 1471 dunmm
952 1409 1077 1470 alterius
1106 1406 1216 1478 adhuc,
1247 1415 1413 1485 utsupra,
1443 1414 1590 1484 tanquam

221 1498 284 1578 poli
307 1497 468 1559 cohaerere
493 1496 717 1578 intelliguntur)
741 1506 775 1558 nt
799 1496 979 1577 apparentia
1008 1498 1080 1559 bina
1108 1494 1331 1576 quinquangula
1358 1493 1525 1565 ionsatdri,
1556 1499 1589 1553 et

1080 1582 1151 1646 bina
1174 1601 1248 1645 vera
1266 1582 1447 1644 dodeoaedri
1467 1579 1589 1660 angulis

1083 1678 1257 1750 congruant,
1277 1671 1474 1752 progignetur
1487 1670 1588 1731 ciren-

933 1778 1001 1840 A
1082 1759 1154 1822 laris
1178 1760 1286 1834 sectio,
1312 1779 1388 1840 qnae
1411 1760 1441 1820 in
1464 1758 1590 1839 planum

1082 1856 1224 1922 extensa,
1257 1867 1324 1910 enm
1352 1846 1487 1910 octaedri
1510 1865 1589 1927 qna·

1083 1937 1184 2010 drato‚
1210 1937 1253 1998 sie
1277 1936 1370 1998 habet
1392 1938 1457 2016 (fig.
1480 1933 1546 2010 15).

1147 2023 1201 2087 Sin
1222 2026 1349 2104 angulus
1373 2025 1459 2088 unius
1489 2024 1588 2087 medio

240 2129 1048 2269 Ᾰ”Ᾰ”Δ”Δ”Δ“
1083 2113 1171 2175 meri
1195 2115 1358 2263 arteque
1350 2134 1379 2176 ,ῃ
1403 2112 1589 2196 summ„

239 2230 839 2413 ΜΔΝ*
852 2271 1049 2409 vm
1084 2201 1296 2354 litter
1287 2203 1499 2370 illim

221 2477 358 2541 dieamus
391 2473 532 2555 planetas
565 2471 648 2534 illam
682 2470 762 2532 viam
796 2476 844 2531 tor
875 2468 1048 2532 manifestis
1079 2376 1364 2547 ρηηοὲἓιάηέἶίἷζιιη
1379 2378 1590 2529 ἰξὴῗωιῖἓιιῖ

217 2567 324 2649 jussos
348 2564 403 2638 ire,
427 2563 587 2643 praecipue
612 2579 678 2623 enm
702 2560 782 2620 inter
804 2577 896 2638 snpra
919 2566 1057 2621 assumta
1080 2556 1283 2637 colligataqne
1306 2564 1412 2619 centra
1435 2564 1468 2618 et
1490 2573 1590 2635 angu-

206 2656 268 2718 ·los
295 2663 440 2735 tauquam
463 2652 549 2732 poles
573 2650 674 2711 media
697 2649 748 2710 sit.
764 2649 794 2719 ²)

664 2883 708 2945 IN
733 2880 874 2945 CAPUT
895 2879 1154 2946 UNDEOlMUM

751 3003 867 3055 noran
886 3004 1064 3056 ancuoms.

304 3117 333 3182 a)
355 3119 455 3170 'l'otnm
469 3115 522 3168 hoo
536 3121 622 3184 eaput
636 3120 769 3183 quant-nm
790 3116 825 3167 ad
838 3130 950 3182 neopum
964 3113 1051 3168 omitti
1066 3114 1167 3183 potnit,
1189 3112 1291 3166 nullius
1306 3111 1377 3166 euim
1392 3110 1521 3165 momenti
1537 3118 1591 3164 eat.

225 3200 321 3269 Neque
335 3197 407 3250 enim
426 3195 472 3247 hio
490 3201 534 3246 est
548 3193 685 3263 genuinus
700 3193 770 3246 sitne
790 3210 839 3246 seu
854 3193 996 3262 coaptatio
1011 3194 1083 3247 inter
1097 3211 1127 3246 se
1149 3209 1293 3261 corporum
1307 3191 1426 3261 quinque
1440 3190 1592 3262 geometri·

225 3293 327 3337 eornm,
349 3283 382 3328 nt
401 3275 473 3327 infra
493 3272 616 3341 patebit:
639 3290 729 3343 neque
750 3273 772 3325 si
793 3280 877 3334 esset.
893 3273 1021 3325 zodiacus
1044 3272 1105 3326 inde
1127 3278 1212 3325 esset.

305 3352 336 3417 b)
361 3355 432 3407 Eece
457 3359 488 3404 ut
512 3352 698 3405 foeneraverit
712 3353 775 3405 mibi
797 3369 847 3422 per
861 3353 911 3406 hos
927 3353 964 3405 25
980 3368 1066 3405 annos
1091 3351 1252 3421 principium
1274 3349 1334 3416 jam
1354 3357 1420 3403 tuno
1439 3349 1593 3403 flrmiaainaa

225 3450 402 3505 persuasum:
426 3433 486 3484 ideo
507 3431 565 3485 soil.
590 3433 787 3485 mathematica
810 3447 909 3485 causas
930 3431 988 3484 fleri
1013 3433 1180 3485 naturalium
1205 3429 1287 3500 (qnod
1301 3430 1403 3500 dogma
1422 3429 1594 3483 Aristoteles

226 3521 270 3569 tet
282 3512 350 3566 loeis
365 3505 537 3573 vellicavit),
560 3511 625 3580 quin
639 3512 756 3564 Creator
769 3511 845 3564 Deus
867 3511 1065 3565 mathematica
1085 3519 1117 3565 ut
1130 3511 1298 3580 archetypos
1318 3525 1410 3562 seeum
1426 3509 1461 3562 ab
1476 3517 1594 3562 aeterno

226 3592 325 3648 babuit
341 3592 367 3644 in
383 3590 573 3644 abstractione
588 3589 789 3659 simplicissima
803 3598 832 3644 et
846 3590 947 3652 divina,
970 3590 1006 3643 ab
1022 3591 1088 3659 ipsis
1103 3592 1186 3643 etiem
1202 3588 1414 3659 quantitatibus.
1437 3587 1593 3642 materiali·

113 3711 123 3732 .
173 3698 179 3707 ·
227 3671 473 3726 teroonaideratie.
516 3669 682 3723 Aristoteles
698 3670 857 3724 Creatorem
880 3669 1001 3739 negarit,
1024 3672 1151 3723 mundum
1171 3679 1315 3722 aeternum
1336 3667 1451 3721 statuit:
1472 3684 1529 3720 non
1544 3667 1593 3721 mi·

226 3766 294 3813 rum.
310 3752 332 3802 ai
348 3750 517 3819 archetypos
539 3748 649 3815 rejecit:
673 3749 763 3802 fateor
784 3748 854 3801 enim
879 3749 984 3801 nnllam
999 3749 1053 3802 illis
1069 3751 1121 3803 rim
1146 3749 1267 3802 tirturam
1281 3747 1375 3808 fnisse,
1400 3748 1422 3799 si
1448 3763 1502 3799 non
1516 3746 1595 3800 Deua

226 3831 286 3899 ipse
302 3830 329 3881 in
345 3829 407 3881 illos
422 3829 595 3897 respexisset
611 3829 636 3881 in
652 3830 779 3881 creando.
822 3829 898 3899 Ergo
918 3829 1001 3881 etiam
1016 3829 1252 3882 eeeeutrieitatum
1267 3841 1370 3879 causae
1390 3843 1426 3879 ex
1447 3826 1499 3879 boo
1517 3825 1594 3896 prin·

226 3909 298 3978 eipio
314 3910 424 3961 tandem
440 3909 570 3961 inventae
584 3918 657 3969 sunt,
678 3924 792 3978 quarum
815 3907 1043 3977 inaequalitatem
1063 3909 1242 3961 vehementer
1262 3921 1374 3958 neeesse
1388 3914 1433 3958 eat
1452 3904 1593 3967 minitari,

226 3989 381 4061 quicunque
403 3990 436 4040 de
459 3987 490 4039 iia
513 3988 584 4041 aerio
608 3989 730 4057 cogitat:
765 3989 917 4057 quicunqne
940 4002 999 4040 cnm
1021 3988 1174 4041 Aristotele
1198 3989 1231 4039 de
1254 3986 1337 4038 rebus
1361 3985 1531 4039 coelestibus
1555 3986 1595 4038 aio

226 4068 349 4140 qaaerit:
375 4067 586 4128 Quareuoa,
611 4084 677 4137 quo
701 4068 852 4137 quilibet
872 4066 1024 4134 planeta
1046 4067 1224 4127 humilior,
1249 4082 1289 4118 ee
1311 4064 1478 4133 pluribus
1498 4065 1595 4120 orbi·

226 4150 289 4203 bns
310 4145 473 4198 vehitur?
514 4146 584 4198 Nam
599 4148 644 4216 qui
666 4148 693 4200 in
708 4147 760 4199 line
775 4146 962 4215 inquirendum
976 4146 1027 4198 aibi
1048 4147 1155 4214 putarit
1179 4146 1204 4198 in
1220 4145 1390 4198 astronomia
1404 4146 1445 4198 aui
1461 4145 1595 4214 temporis

226 4229 308 4298 inque
323 4224 504 4294 persuasione
527 4224 576 4276 ille
598 4225 671 4278 falas
685 4227 833 4278 eolidomm
847 4222 961 4284 orbium.
986 4225 1056 4278 idem
1071 4226 1151 4278 hodie
1167 4226 1189 4277 si
1204 4225 1319 4285 vireret.
1345 4233 1376 4277 et
1393 4240 1493 4292 puram
1508 4234 1595 4294 atqua

226 4306 376 4382 genuinam
399 4311 521 4357 nostram
542 4305 575 4356 de
597 4304 673 4358 coele
693 4306 843 4358 doctrinam
867 4313 1055 4380 eegnoaoeret.
1079 4305 1167 4359 multo
1188 4304 1307 4358 maxime
1332 4304 1385 4358 sibi
1407 4306 1595 4374 quaerendum

226 4386 416 4442 existimaret:
449 4382 563 4444 Quare
587 4401 666 4443 non.
704 4401 768 4453 qno
792 4383 946 4453 quilibet
968 4384 1115 4452 planeta
1143 4383 1313 4443 interior.
1342 4383 1406 4435 hoe
1426 4385 1596 4438 minorem

226 4467 337 4522 etiam
362 4461 664 4516 recontrioitatem
687 4461 810 4516 haberi
853 4464 948 4532 ltaque
964 4465 1088 4517 omnibus
1103 4463 1265 4522 rationibus.
1291 4478 1361 4532 quaa
1384 4462 1437 4531 ipsi
1452 4478 1505 4515 sna
1517 4463 1595 4533 prin·

227 4545 301 4615 oipia
317 4551 509 4613 ‹uggeroront
533 4541 689 4603 consumtis,
711 4543 760 4595 illa
776 4552 912 4610 perpetua
926 4560 1001 4604 rece,
1025 4543 1137 4605 Quare
1153 4559 1231 4604 non,
1254 4541 1276 4599 ai
1301 4543 1412 4595 tandem
1431 4543 1597 4596 edoceretur

228 4623 405 4682 Aristotelea,
427 4636 526 4673 eansaa
551 4620 633 4688 hqjua
648 4620 687 4674 rei
702 4622 902 4690 pulcherrimas
926 4633 956 4674 et
979 4623 1062 4691 plane
1077 4621 1249 4674 neoeasariaa
1272 4640 1307 4674 ex
1327 4622 1486 4683 harmoniis,
1511 4632 1544 4674 ut
1558 4638 1596 4675 ax

228 4703 383 4772 archetypo
405 4701 479 4753 reddi
501 4716 600 4767 ponae:
622 4710 690 4768 puto
714 4702 789 4754 illum
810 4700 967 4768 plenissimo
987 4717 1102 4755 usenau
1122 4710 1152 4754 et
1171 4701 1348 4771 archetypos.
1373 4709 1401 4753 et
1416 4700 1483 4770 quia
1497 4701 1596 4756 borum

230 4799 279 4852 por
293 4798 323 4834 se
338 4780 416 4834 nulla
430 4779 620 4842 offlraaiaeet,
645 4780 733 4834 Deum
754 4779 844 4834 mundi
867 4779 1048 4835 ambiteetnm
1068 4792 1242 4850 raoeptnrnm
1265 4781 1360 4836 mina
1404 4781 1483 4834 llaec
1507 4781 1597 4853 igitur
