3428 5542
657 275 972 371 cucumores
1418 303 1480 371 θοι

125 459 168 520 Et
190 467 292 521 tamen
315 457 370 520 illc
392 458 510 538 tragica
532 458 645 539 passim
670 459 698 521 in
713 460 842 523 Austris
865 460 921 522 sub
945 459 1009 541 ejus
1023 460 1143 523 nomine
1157 463 1331 542 palliantur.
1368 465 1483 527 Astro-

126 546 188 626 logi
211 546 357 622 dicerent,
382 547 485 628 vigere
508 547 703 610 directionem
728 549 793 628 ejus
817 550 861 610 M.
879 547 914 612 C.
929 550 978 644 vcd
1003 552 1065 621 00)
1089 559 1121 611 et
1145 547 1214 627 ticli.

196 704 243 754 llis
262 705 293 754 de
312 706 384 755 rebus
403 705 508 770 politicis
526 707 708 756 narrationibus
727 706 788 757 nihil
808 708 949 759 addendum
968 722 1110 767 censemnse
1130 716 1303 774 comparentur
1320 709 1440 760 historici.

195 774 277 837 Quem
296 790 377 843 supra,
388 776 448 827 dicit
459 776 593 841 Keplerus,
612 777 900 837 Zimmermannns,
919 780 1126 844 superintendens
1138 788 1193 830 erat
1215 782 1375 830 ecclesiaram
1385 780 1485 844 Scyrias

124 846 228 896 Lntluerl
252 846 312 897 fidei
339 847 508 908 addictarum,
534 848 592 898 inde
617 849 650 898 ab
676 863 741 898 anno
761 846 838 898 titt.
876 849 958 900 Natus
976 858 1015 900 eat
1038 866 1105 900 anno
1125 848 1195 900 tcto
1211 850 1356 909 Necstadii‚
1379 853 1405 900 iu
1423 852 1482 901 civl·

125 925 181 967 tate
205 917 434 983 wurtembergica,
468 927 495 968 et
518 917 652 969 Maestlino
678 921 772 983 pridem
800 922 911 971 amicitia
934 925 1080 984 conjunctus
1105 929 1174 981 erat,
1203 936 1258 972 cum
1282 929 1386 986 uterque
1411 920 1486 972 mmai

126 1002 171 1052 par
199 988 292 1053 aliquot
319 1002 398 1039 annos
424 988 607 1055 Heidelbergae
630 998 836 1049 commoraretur,
864 992 906 1042 ilie
930 1006 1002 1042 sacer
1027 995 1143 1058 principis
1173 1001 1256 1042 orator
1282 1001 1307 1042 et
1335 1006 1351 1042 a
1375 992 1485 1044 consillia

126 1059 317 1178 ecclsmsticisa,
342 1059 382 1110 bic
409 1060 551 1110 matheseos
576 1061 704 1124 prciessor.
741 1061 781 1110 De
807 1062 999 1113 Zimmermannl
1026 1064 1075 1114 filio
1102 1065 1180 1114 relert
1203 1064 1327 1128 Keplerus
1349 1062 1483 1115 asaiam

124 1144 154 1179 su
218 1143 277 1194 ps.
315 1128 342 1179 0.
1059 1168 1065 1187 ,
1529 1170 1533 1179 .

154 1144 291 1250 lmLiteiis
305 1200 406 1265 Kepleri
421 1202 445 1250 d.
460 1199 501 1250 15.
512 1198 597 1250 Martii
615 1194 742 1266 respondit
753 1200 953 1254 Maestlinus
971 1205 1080 1269 pluribus
1100 1205 1232 1270 ,postridie
1245 1202 1371 1268 celuim.
1386 1201 1481 1256 1⁶08*

124 1271 197 1334 Quae
216 1286 246 1322 ex
264 1272 302 1321 bis
323 1273 401 1321 literis
419 1271 468 1322 buc
486 1273 619 1337 pertinent,
638 1273 701 1323 baec
719 1280 789 1322 sunt:

195 1342 293 1392 Literni
306 1343 383 1400 Tuas,
398 1342 505 1393 Doctiss.
515 1344 568 1400 Vir,
588 1343 694 1394 Domine
708 1351 733 1394 et
747 1347 826 1395 amice
839 1345 965 1409 percbare,
986 1349 1072 1411 accepi
1084 1346 1143 1397 mibi
1155 1349 1324 1412 gradulmas3
1343 1347 1403 1396 mibi
1421 1360 1481 1412 quo-

123 1429 172 1478 que
189 1421 310 1479 pergrata
328 1421 367 1464 est
384 1415 548 1478 respondendi
568 1418 674 1465 occasio.
713 1414 763 1465 Sed
781 1417 927 1466 nbiiaciam
945 1418 1058 1467 initiuml
1096 1422 1136 1467 An
1153 1434 1203 1468 non
1222 1419 1254 1468 ab
1273 1433 1311 1479 eo,
1331 1419 1481 1483 quodsupsr

123 1487 222 1535 modum
240 1486 337 1550 ingenti
355 1487 482 1536 moestitia
500 1500 640 1536 cormeum
660 1486 748 1535 aiiiixit
763 1493 792 1536 -et
811 1487 892 1537 adbuc
912 1488 1019 1554 affligit?

195 1555 278 1605 Natus
297 1559 345 1607 init
361 1556 422 1605 mihi
440 1557 518 1612 filius,
545 1564 619 1606 natus
638 1564 676 1606 est
695 1559 771 1606 etiam
789 1557 842 1607 tibi.
880 1559 934 1607 Ah!
965 1559 1068 1610 Utinam
1086 1559 1180 1609 felicior
1196 1564 1253 1609 tuus
1273 1559 1379 1617 evadat,
1406 1566 1480 1625 etque

124 1636 149 1677 te
175 1634 295 1692 tunmqne
321 1630 434 1677 suavium
462 1629 534 1677 aliter
561 1628 693 1677 exhiberet.
732 1628 833 1692 Speravi
857 1630 998 1680 diuturnam
1020 1632 1097 1680 vitam
1120 1630 1189 1680 filioll
1212 1632 1275 1689 meir
1306 1630 1413 1681 conlisus
1436 1631 1479 1689 ini,
1501 1636 1503 1640 “

53 1750 60 1760 ,
123 1703 202 1763 ipsum
221 1701 357 1750 senectutis
376 1699 510 1763 aliqnando
535 1712 606 1748 meae
625 1713 684 1762 prae
703 1702 793 1750 ceteris
816 1702 877 1750 mele
894 1702 977 1751 liberis
994 1701 1046 1752 iore
1065 1701 1190 1752 baculum.
1227 1701 1330 1751 Pmmisi
1347 1701 1407 1750 mibi
1424 1701 1479 1765 plu·

123 1773 187 1820 rima
204 1770 236 1819 de
253 1771 320 1834 ipso;
341 1770 382 1820 aiii
400 1770 459 1819 mibi
478 1785 507 1819 ex
527 1772 608 1819 animo
627 1776 685 1820 sunt
703 1772 829 1835 gratulati.
867 1772 920 1838 Ego
933 1772 989 1822 Dec
1007 1787 1069 1836 quas
1086 1774 1248 1837 persolverem
1266 1774 1361 1838 gratim
1377 1774 1480 1831 nescivi,

123 1841 209 1893 sedulo
227 1847 312 1891 tamen
337 1842 514 1890 cruentissimis
535 1842 598 1890 votis
623 1842 703 1905 ipsum
727 1843 865 1893 sollicitari.
904 1844 995 1894 Verum
1017 1845 1078 1893 illud
1100 1858 1181 1893 meum
1200 1843 1319 1908 gaudium
1337 1843 1480 1893 diuturnum

122 1928 173 1963 non
191 1913 246 1960 fuit.
283 1911 350 1961 Nam
369 1911 403 1961 ed
421 1912 437 1960 5
456 1913 609 1975 septimanas
633 1925 683 1961 non
708 1915 833 1977 pervenit;
863 1917 954 1964 etenim
977 1916 1017 1964 die
1036 1911 1070 1981 Q,
1095 1916 1136 1978 qui
1155 1916 1202 1964 iisit
1220 1914 1262 1963 16.
1282 1914 1341 1963 reb.
1362 1915 1480 1978 epilepsis

123 1984 235 2034 laborare
255 1984 328 2046 cepit,
347 1983 409 2032 bora
427 1985 509 2032 noctis
528 1981 560 2042 ὃς
580 1981 638 2032 inde
655 1997 706 2048 seq.
727 1985 767 2034 die
787 1987 909 2034 continuis
927 1987 1071 2049 paroxismis
1088 1991 1169 2035 totum
1187 1985 1357 2049 corpusculum
1376 1996 1480 2036 enerra-

120 2066 175 2106 tum
193 2054 248 2110 init,
267 2060 296 2103 ut
314 2053 375 2104 bcra
393 2056 473 2104 noctis
496 2051 528 2101 to
545 2062 695 2118 postremum
714 2056 868 2105 exhalaverit
880 2057 999 2120 spiritum.
1039 2057 1093 2106 ab!
1121 2055 1169 2105 libi
1180 2071 1238 2106 mea
1249 2057 1294 2106 illa
1305 2055 1378 2119 spesi
1396 2070 1480 2107 means

121 2122 259 2193 gandium?
286 2124 345 2174 illae
364 2124 565 2189 gratulationes?
601 2125 630 2174 ln
648 2127 814 2184 moestitiam,
840 2126 980 2188 lachrymas
999 2134 1025 2178 et
1043 2127 1233 2190 insuperabilem
1251 2128 1377 2176 tristitiam
1396 2129 1482 2177 omnia

120 2207 180 2249 sunt
199 2195 317 2246 resoluta.
354 2195 437 2245 Natus
455 2197 502 2246 luit
519 2195 579 2244 rnibi
597 2196 661 2245 filius
680 2212 729 2245 non
748 2197 816 2246 filia:
849 2206 875 2246 et
893 2199 991 2262 quidem
1010 2214 1039 2249 eo
1058 2205 1167 2261 tempore
1184 2212 1232 2262 quc
1249 2199 1358 2247 maxima
1376 2209 1478 2262 exopta·

121 2283 212 2320 veram.
244 2265 343 2316 Nomen
362 2267 394 2316 ab
412 2269 526 2332 Augusto
544 2269 654 2331 principe
673 2270 772 2331 accepit
783 2270 933 2334 Augustum.
964 2272 1104 2335 Augustum
1122 2270 1231 2318 tntnmm
1248 2270 1352 2333 sperari.
1386 2269 1480 2319 Verum

121 2347 200 2390 morte
218 2343 244 2386 et
261 2339 359 2402 quidem
377 2338 523 2402 epileptica,
552 2338 622 2396 dira,
645 2339 707 2396 ista,
726 2353 790 2404 quae
809 2339 955 2390 ridebantur
973 2341 1117 2391 felicissima
1139 2340 1237 2397 cunina,
1265 2341 1291 2389 iu
1314 2338 1416 2389 nihilum
1434 2340 1479 2390 ab·

119 2414 208 2463 ierunt.

191 2479 242 2531 Sed
260 2493 307 2543 qno
326 2479 389 2529 abeo
408 2479 538 2530 affectibus
557 2486 584 2530 et
600 2481 825 2543 perturbationibus
853 2478 882 2543 (a
900 2481 1001 2546 quibus,
1028 2481 1049 2530 si
1075 2479 1147 2531 dena
1165 2481 1200 2531 eis
1218 2479 1313 2539 luem,
1337 2494 1377 2529 une
1396 2481 1436 2530 rix
1453 2487 1481 2531 et

119 2554 229 2618 proiecto
248 2553 288 2600 vix
304 2564 420 2601 revocare
438 2546 549 2614 possum)
568 2552 671 2600 nimium
693 2551 800 2601 inhians.
837 2555 964 2617 Augustus
984 2557 1023 2601 est
1040 2553 1066 2601 in
1083 2551 1188 2617 glorioso
1208 2559 1312 2617 angusto
1326 2550 1481 2614 Angelorum

120 2625 202 2685 choro,
222 2620 403 2685 compendiosa·
415 2623 456 2671 vic
474 2621 507 2671 ad
525 2623 551 2671 id
568 2623 634 2687 qnod
651 2623 819 2686 principaliter
837 2624 965 2687 speramus
984 2625 1102 2686 pervenit
1140 2625 1175 2671 At
1194 2638 1249 2689 ego,
1269 2624 1315 2673 etsi
1331 2624 1413 2672 omine
1430 2618 1479 2673 hcc

119 2695 306 2756 ncndcceptus
323 2707 391 2750 sum,
419 2707 490 2743 omen
513 2698 598 2743 umen
621 2694 688 2743 istud
710 2694 784 2758 longe
808 2694 882 2744 aliter
904 2693 963 2742 mihi
988 2694 1024 2742 ini
1043 2695 1226 2759 interpretatus.
1264 2693 1340 2743 Vivat
1358 2706 1416 2758 ergo
1434 2693 1478 2751 ibi,

119 2768 216 2816 fruatur
233 2764 320 2829 quibus
339 2778 384 2813 noa
403 2763 484 2814 adhuc
507 2765 595 2828 inape
617 2765 670 2827 ipse
693 2765 719 2814 in
743 2779 782 2824 se,
812 2766 871 2830 quia
888 2764 943 2815 Deo
968 2765 1006 2815 ita
1031 2767 1108 2814 visum
1132 2771 1182 2814 est:
1214 2765 1312 2814 interim
1336 2769 1422 2813 taum
1439 2763 1479 2813 sui

118 2850 237 2903 mannum
255 2834 403 2885 desiderium
419 2835 460 2884 hic
478 2835 538 2884 mibi
555 2835 661 2900 reliquit.
697 2835 868 2886 Veruntamen
893 2836 1008 2900 quoniam
1035 2835 1204 2885 animadverto
1227 2838 1306 2899 ipsum
1330 2834 1479 2899 longaevum

118 2910 158 2959 rix
175 2909 283 2959 tutorum
295 2907 370 2956 lucre
389 2900 455 2967 (vide
473 2919 549 2970 supra
565 2921 590 2969 p.
605 2904 678 2967 298),
697 2920 746 2972 ago
765 2905 820 2956 Deo
840 2908 952 2971 gratias,
970 2906 1035 2970 qnod
1053 2921 1102 2956 nen
1122 2906 1163 2957 diu
1180 2907 1225 2956 illa
1242 2920 1286 2970 spe
1304 2905 1340 2956 iui
1358 2904 1474 2957 laetatus.

41 2998 45 3005 ·
118 2979 239 3029 Dominus
258 2977 342 3034 dedit,
370 2976 492 3026 Dominus
510 2978 625 3033 abstulit,
651 2979 684 3026 eit
708 2992 799 3028 nomen
817 2977 918 3027 Domini
945 2975 998 3040 (Ab
1016 2990 1091 3043 qnam
1109 2991 1185 3044 aegre
1203 2977 1267 3027 baec
1286 2991 1316 3027 ex
1333 2975 1478 3040 perturbato

119 3051 193 3101 corde
218 3043 390 3114 prorumpunt)
408 3048 584 3128 benedictum.
621 3048 715 3100 Verum
739 3049 785 3099 liat
807 3049 920 3099 voluntas
946 3058 1004 3106 tua,
1032 3048 1152 3099 Domine!
1193 3048 1268 3101 Plura
1294 3048 1401 3098 scribere
1428 3061 1479 3097 non

116 3136 246 3244 lminam
264 3190 374 3240 adalia.
412 3189 587 3239 Tricesimum
614 3203 644 3239 ex
667 3188 745 3239 literis
763 3190 813 3239 tuis
831 3191 931 3254 percepi
948 3191 1066 3240 nuncium
1090 3191 1121 3241 de
1140 3195 1218 3241 morte
1238 3188 1300 3240 Rev.
1319 3188 1374 3239 Viri
1391 3189 1424 3238 D.
1442 3186 1476 3240 D.

117 3263 191 3314 wilh.
210 3261 411 3312 Zimmerrnanni.
448 3260 490 3311 Ab
507 3265 626 3325 quantam
645 3259 751 3310 ecclesia
769 3260 818 3310 Dei
835 3261 882 3311 boc
901 3262 990 3311 amisso
1012 3260 1069 3312 Viro
1088 3263 1147 3312 iecit
1161 3261 1301 3324 iacturam!
1338 3260 1407 3310 Deus
1427 3259 1477 3311 cle·

117 3341 214 3385 menter
232 3336 285 3395 ejus
303 3333 462 3390 misereatur,
490 3338 516 3380 et
534 3330 659 3381 inlocum
682 3332 758 3395 ipsius
784 3333 808 3381 ei
826 3331 900 3381 alium
919 3332 1032 3387 fidelem,
1058 3334 1100 3396 qui
1125 3334 1179 3397 pari
1204 3332 1351 3381 dexteritate
1374 3332 1477 3395 praesit.
1571 3390 1575 3397 Ι

117 3407 260 3457 substituat.
296 3404 363 3453 Dum
382 3418 413 3453 ex
429 3404 506 3453 literis
524 3404 574 3452 tuis
592 3410 696 3452 mortem
713 3403 786 3464 hujus
804 3403 847 3452 viri
866 3403 966 3468 collegis
993 3404 1054 3453 meis
1072 3404 1197 3459 referrem,
1216 3418 1301 3458 omnes
1318 3402 1478 3453 vehementer

514 3475 947 3595 ..m
975 3545 1477 3608 ...

143 3561 387 3611 eum,qu11psum
473 3561 512 3596 em
540 3560 571 3595 ex
671 3561 756 3594 en
852 3561 865 3594 r
924 3561 974 3600 ,ο
1028 3561 1082 3596 arc

135 3635 148 3669 r
193 3625 312 3669 acturum.

119 3634 262 3750 pcame
287 3689 318 3739 de
344 3692 469 3737 cometa
492 3686 540 3734 dici
559 3686 657 3746 scribis,
684 3699 762 3749 nuper
786 3686 862 3734 edam
882 3684 981 3735 aliunde
1003 3686 1093 3735 adme
1111 3687 1280 3737 delatasnnt.
1317 3684 1410 3736 Verum
1429 3698 1476 3751 ego

120 3767 243 3811 cometam
268 3759 362 3811 nullum
386 3757 444 3806 vidi.
481 3757 599 3806 Existimo
622 3764 706 3806 autem
733 3753 769 3816 (id
791 3756 856 3820 quod
874 3770 904 3805 ex
922 3756 1114 3807 circumstantiis
1133 3756 1236 3823 colligo,
1262 3756 1321 3806 dum
1345 3756 1476 3821 diligenter

118 3847 169 3897 qna
186 3838 258 3896 parts
282 3831 344 3881 coeli
368 3830 434 3878 visus
458 3830 532 3878 inerit
551 3825 731 3892 explorarem),
758 3829 818 3877 istos
845 3827 956 3876 homines
979 3828 1106 3877 vicinitate
1125 3827 1148 3890 li
1167 3835 1193 3879 et
1212 3821 1236 3893 Ω
1255 3828 1373 3892 deceptos
1392 3828 1474 3887 itu'asa,

118 3904 219 3969 quaudo
237 3904 352 3952 nimirum
371 3892 396 3966 Ω
415 3900 539 3950 interdurn
556 3914 600 3963 per
617 3898 695 3948 nubes
714 3899 825 3949 caudata
842 3901 895 3948 nisa
912 3898 967 3948 init

188 3974 409 4038 astrologiam
426 3971 498 4021 rideo
515 3978 542 4021 te
560 3985 610 4019 non
628 3970 743 4032 abjicere.
781 3971 815 4018 At
833 3984 880 4019 nec
899 3983 931 4018 ea
948 3970 1054 4033 priorum
1071 3983 1182 4020 mearum
1193 3969 1320 4020 literarum
1337 3969 1384 4019 luit
1395 3982 1475 4021 mens.

119 4044 170 4096 Sed
189 4060 247 4110 ego,
265 4059 312 4095 nec
330 4058 380 4092 non
400 4043 441 4092 aiii
460 4056 557 4099 mecum
575 4041 732 4090 vehementer
751 4041 865 4091 admirati
883 4045 956 4099 sunt,
981 4055 1031 4106 qua
1048 4055 1074 4090 re
1091 4042 1118 4090 in
1136 4040 1295 4108 Prognosticc
1313 4041 1386 4103 buius
1407 4036 1475 4091 abac

40 4136 43 4140 ·
119 4131 175 4168 eam
193 4124 325 4180 tantopere
344 4112 526 4178 exagitaverit?
563 4112 709 4177 Respondes
726 4112 765 4161 his
783 4112 874 4171 literis,
902 4118 927 4161 te
945 4122 995 4161 non
1013 4112 1188 4177 astrologiam,
1211 4113 1256 4163 sed
1272 4112 1373 4163 inutilia
1390 4112 1474 4162 demo·

118 4204 173 4239 runs
190 4187 354 4238 numeralium
374 4187 541 4234 inscumenta
559 4190 633 4248 atqne
653 4184 683 4232 de
701 4183 804 4247 speciali
821 4182 991 4247 praedictione
1009 4190 1167 4248 arrogantem
1187 4186 1396 4248 praesumtionem
1414 4197 1473 4233 con·

120 4261 202 4310 intare
220 4257 266 4309 bs.
304 4260 338 4307 At
362 4256 423 4305 mibi
445 4256 592 4306 videbantur
608 4257 658 4305 ista
676 4256 702 4303 in
721 4255 797 4305 alium
815 4260 950 4305 tractatum
967 4255 1117 4305 reservanda
1133 4254 1216 4316 inisse,
1237 4257 1329 4321 inquo
1348 4252 1475 4305 cumsolis

119 4332 220 4382 eruditis
240 4329 360 4393 disputari
377 4334 468 4390 posset.
506 4327 555 4377 Hic
573 4342 597 4376 n.
618 4341 675 4376 cum
692 4327 787 4376 ruscea
810 4326 882 4389 plebe
901 4333 927 4375 et
945 4325 1042 4383 idiotis,
1069 4340 1086 4376 a
1109 4326 1197 4390 quibus
1219 4342 1268 4376 non
1293 4339 1412 4391 “rogans
1430 4323 1475 4375 illa

117 4403 277 4468 praesumtio,
297 4400 342 4450 sed
360 4399 519 4464 prognostica
537 4399 568 4448 de
586 4398 743 4462 proventibus
763 4398 830 4455 anni,
850 4397 881 4446 de
899 4396 969 4446 bellis
988 4403 1096 4462 atquae
1114 4398 1235 4460 eiusmodi
1252 4402 1318 4454 sunt,
1338 4401 1473 4460 expectan-

118 4484 160 4524 tur
178 4480 223 4523 aut
240 4475 394 4536 spectantur,
414 4471 504 4535 agitur.
541 4469 640 4519 Etenim
657 4469 696 4517 bia
714 4469 801 4534 ignota
819 4475 878 4517 sunt
895 4468 1059 4517 fundamenta
1075 4469 1198 4518 rationum
1218 4465 1251 4516 12
1264 4467 1390 4518 domorum
1403 4466 1474 4525 coeli,

120 4545 292 4609 triplicitatnm
312 4541 357 4592 dtc.
395 4538 445 4590 Sed
464 4541 494 4590 de
512 4540 550 4589 bis
569 4542 645 4590 etiam
664 4541 769 4604 quiesco.
806 4538 884 4588 Vides
903 4554 942 4588 me
960 4546 1069 4588 mentem
1087 4545 1156 4589 tuam
1175 4554 1224 4589 nou
1242 4541 1410 4604 impugnasse,
1429 4536 1474 4588 aad

118 4617 185 4682 qnod
202 4615 263 4665 mihi
280 4614 400 4673 rideatur,
421 4627 477 4662 eam
495 4613 662 4675 impertinenti
681 4612 735 4660 loco
753 4611 829 4660 fuisse
847 4612 1006 4675 propositam,
1025 4611 1139 4660 nimirum
1157 4611 1246 4661 saitem
1264 4611 1290 4659 iu
1307 4611 1473 4675 prognostico,

118 4702 183 4753 qnae
202 4687 293 4736 durant
310 4699 387 4735 unum
405 4698 510 4742 mnus,
531 4698 587 4733 cum
605 4684 657 4733 alia
674 4684 781 4746 scripta,
801 4683 887 4747 quibus
905 4681 949 4731 illa
967 4683 1073 4732 materia
1091 4682 1241 4732 commodius
1258 4683 1362 4731 tactui
1379 4681 1472 4744 potuis·

118 4766 165 4818 set,
184 4760 234 4808 siut
311 4763 378 4807 etna.
1565 4783 1573 4799 .

190 4828 231 4882 De
250 4772 365 4896 pgrpm
389 4825 610 4881 astronomica
637 4831 680 4879 tuo
702 4822 861 4877 uehementer
888 4822 969 4876 laeter
995 4821 1056 4875 mibi
1077 4822 1112 4875 ad
1133 4828 1160 4874 te
1178 4819 1300 4874 scribendi
1318 4822 1473 4896 occsdouens
