3428 5542
826 106 840 140 l

711 329 744 382 rs
760 330 833 380 nom
853 331 1016 397 analogicis.
1478 332 1564 400 353-

184 489 324 570 planetas
348 490 386 550 ad
411 496 508 550 ortum
532 490 579 551 vel
604 507 744 550 occasum
768 489 940 569 dirigendos
962 509 1104 569 persnas
1129 490 1314 567 latitudines,
1340 494 1541 558 consideratis

183 577 231 640 his
246 578 366 658 quidem
391 578 419 638 iu
443 578 617 653 directione,
647 578 765 659 quando
779 579 904 658 planeta
928 579 976 640 vel
991 581 1105 642 oriatur
1127 581 1176 641 vel
1190 581 1321 645 occidat.
1366 581 1455 652 Quod
1470 602 1540 646 vero

185 667 263 728 alios
286 667 506 745 significatores
530 666 658 740 attinet,
686 674 720 728 ut
743 668 873 741 Lunam,
903 667 969 746 jam
999 669 1081 729 aliud
1110 688 1148 730 ex
1170 669 1410 747 Regiomontano
1435 671 1540 733 dicen-

186 756 269 829 dum,
295 756 376 817 eliud
401 755 484 818 mihi.
522 755 781 834 Regiomontanus
805 775 858 836 per
873 756 1115 836 significatorem,
1141 759 1259 837 quando
1275 759 1301 820 is
1324 760 1418 821 habet
1433 761 1540 822 latitu-

184 844 302 916 dinem,
337 844 419 908 ducit
443 845 584 917 circulum
607 845 780 924 positionis,
815 865 938 925 eumque
963 847 1103 909 circulum
1127 848 1245 908 omnino
1269 850 1478 909 accommodat
1501 851 1540 911 ad

187 932 401 1012 significatoris
435 932 634 996 latitudinem.
681 934 755 995 Inde
788 927 999 1014 promissorem
1032 935 1071 996 ad
1103 935 1181 998 hunc
1210 936 1349 997 circulum
1380 938 1540 1017 positionis
1583 966 1593 978 ·

182 1021 308 1101 adducit
330 1041 433 1084 rursus
456 1041 511 1101 per
534 1042 620 1084 suam
644 1023 834 1102 promissoris
859 1024 1010 1103 propriam
1033 1023 1232 1098 latitudinem,
1259 1026 1432 1087 considerat
1452 1027 1540 1100 enirn,

182 1129 252 1173 cnm
275 1131 333 1193 quo
356 1112 452 1189 gradu
483 1111 599 1172 zodiaci
628 1111 793 1190 promissor
817 1112 920 1174 veniat
947 1113 976 1173 in
1005 1113 1082 1174 hunc
1113 1113 1256 1174 circulum
1279 1115 1449 1194 positionis.
1497 1115 1539 1176 Et

183 1200 241 1262 boc
269 1201 306 1261 de
331 1219 454 1279 corpore
485 1200 691 1279 promissoris,
724 1202 772 1261 vel
796 1201 860 1280 ejus
884 1203 1024 1281 opposito
1048 1202 1146 1275 radio,
1181 1203 1229 1282 qui
1263 1212 1402 1280 censetur
1430 1204 1540 1266 habere

183 1289 374 1367 latitudinem
398 1290 567 1370 oppositam
591 1289 668 1350 citra
691 1290 938 1352 controversiam.
984 1291 1051 1371 Ego
1080 1311 1151 1352 vero
1180 1292 1298 1371 quando
1323 1293 1440 1354 invenio
1474 1293 1538 1355 Lu·

183 1378 521 1457 uam-significatricem
555 1377 583 1438 iu
608 1380 827 1456 septentrione,
862 1380 992 1440 Martem
1016 1381 1226 1459 promissorem
1246 1389 1346 1443 autem
1371 1381 1400 1441 in
1426 1389 1538 1456 austro,

183 1468 250 1529 dico
274 1467 470 1528 directionem
501 1486 568 1528 esse
601 1468 732 1541 latnem3
767 1468 863 1547 dirigo
893 1467 1001 1547 quippe
1030 1488 1086 1530 non
1115 1487 1169 1547 per
1201 1469 1328 1530 circulos
1356 1471 1539 1549 positionum

181 1563 376 1618 transeuntes
400 1574 453 1636 per
476 1557 708 1635 significatorenr
733 1558 790 1631 nisi
813 1558 842 1618 in
866 1556 1019 1618 horizonte
1043 1566 1075 1619 et
1088 1557 1262 1630 meridiano,
1287 1558 1335 1637 qui
1359 1559 1418 1636 ipsi
1441 1560 1538 1639 signi·

180 1645 320 1709 ficatores
344 1652 430 1717 sunt;
461 1653 493 1706 et
512 1654 586 1723 puto
610 1646 668 1706 vim
689 1646 876 1725 significandi
899 1646 999 1706 inesse
1024 1645 1097 1707 solis
1121 1647 1294 1724 corporibus
1313 1645 1396 1708 Solis
1420 1656 1451 1710 et
1473 1650 1539 1710 Lu·

180 1753 249 1796 nae.
295 1732 553 1812 Regiomoutanus
577 1753 647 1795 vero
673 1735 811 1797 diffundit
831 1734 908 1798 hano
932 1735 992 1795 vim
1014 1753 1068 1814 per
1086 1733 1227 1796 circulum
1241 1735 1410 1815 positionis,
1436 1743 1537 1798 trans-

181 1829 301 1885 euntem
324 1840 378 1901 per
400 1823 475 1884 haec
500 1841 636 1902 corpora.

271 1911 342 1972 Jam
366 1911 444 1991 qnod
468 1911 579 1973 attinet
602 1920 743 1991 aspectus
767 1912 990 1991 promissomm,
1016 1912 1124 1990 triplex
1149 1919 1197 1972 est
1212 1912 1317 1972 modus
1341 1911 1538 1973 considerau-

180 2000 238 2063 dae
263 1999 440 2062 latitudinis.
485 2000 551 2061 Aut
573 2002 651 2061 enim
674 2001 802 2063 circulus
817 2020 942 2080 magnus
966 2008 1070 2082 potest
1093 2000 1222 2061 transire
1238 2019 1291 2079 per
1306 2001 1539 2079 significatorem

180 2098 215 2152 et
236 2089 458 2170 promissorem,
489 2089 572 2150 etin
597 2109 632 2150 eo
652 2089 785 2151 ‘extendi
811 2098 967 2169 aspectus;
1001 2097 1054 2150 aut
1081 2089 1209 2150 circulus
1233 2109 1357 2167 magnus
1387 2091 1537 2153 transiens

180 2197 236 2260 per
259 2178 471 2256 promissorem
495 2188 581 2239 secat
604 2179 774 2258 eclipticam
798 2179 827 2239 in
853 2180 926 2240 locis
946 2200 965 2238 a
987 2179 1169 2258 promissore
1193 2179 1376 2239 distantibus
1401 2181 1538 2260 utrinque

181 2267 350 2348 quadrante
374 2266 553 2346 exhibetque
578 2267 679 2328 radios
704 2275 887 2348 aspectuum.
933 2269 998 2328 Aut
1021 2266 1147 2347 denique
1171 2276 1274 2328 centro
1299 2267 1397 2345 posito
1422 2269 1451 2329 iu
1467 2271 1537 2330 cor'-

178 2374 254 2438 pore
277 2355 469 2435 promissoris
494 2363 525 2417 et
548 2356 757 2435 amplitudine,
783 2366 925 2436 quantam
947 2356 1083 2435 postulat
1097 2363 1249 2434 aspectus,
1274 2356 1421 2417 ducuntur
1435 2357 1539 2418 circuli

180 2453 322 2506 secantes
347 2444 517 2523 eclipticam
555 2454 587 2505 et
619 2446 814 2507 ostendentes
844 2453 986 2525 punctum
1009 2444 1181 2524 eclipticae,
1217 2444 1328 2524 inquo
1361 2444 1540 2507 terminatur

181 2543 342 2614 aspectus3
371 2533 466 2612 primo
490 2534 577 2594 modo
602 2553 658 2595 non
679 2533 799 2596 memini
823 2553 1000 2614 quemquam
1022 2533 1076 2595 uti.
1123 2532 1165 2594 Et
1189 2541 1287 2594 tamen
1312 2533 1383 2595 mihi
1406 2533 1539 2595 nonnihil

179 2621 361 2693 verisimilis,
386 2629 457 2683 tunc
481 2624 598 2702 quando
623 2624 807 2702 significator
831 2623 923 2683 habet
947 2622 1146 2695 latitudinem,
1172 2629 1206 2683 ut
1229 2621 1255 2682 si
1274 2622 1362 2682 Luna
1385 2623 1425 2683 sit
1440 2623 1537 2702 sigui-

179 2711 308 2773 ilcatrix.
355 2708 511 2772 Secundus
537 2712 641 2772 modus
665 2711 970 2791 estRegiomoutani,
996 2712 1074 2789 apud
1094 2730 1182 2791 quem
1205 2710 1324 2771 sextilis
1348 2729 1465 2791 semper
1480 2712 1537 2773 ha-

180 2800 234 2863 bet
257 2799 412 2861 dimidium
436 2800 606 2862 latitudinis
630 2802 710 2880 ejus,
735 2821 823 2881 quam
847 2801 941 2862 habet
963 2819 1070 2879 corpus
1093 2799 1300 2879 promissoris,
1328 2800 1424 2861 trinus
1448 2800 1538 2861 dimi-

179 2889 263 2950 dium
286 2887 454 2950 latitudinis
479 2890 645 2968 oppositae,
672 2891 836 2969 quadratus
856 2890 1047 2951 latitudinem
1062 2889 1183 2949 nullam.
1232 2887 1352 2948 Tertius
1373 2889 1445 2950 mihi
1463 2909 1536 2969 pro-

179 2979 273 3040 batur
296 2986 380 3049 tunc,
406 2979 524 3057 quando
549 2978 669 3040 horinon
693 2980 740 3040 vel
764 2979 947 3041 meridianus
976 2985 1024 3038 est
1056 2977 1249 3056 significator.
1297 2976 1359 3038 Sed
1383 2978 1455 3040 mihi
1479 2978 1538 3056 ipsi

179 3085 241 3129 non
265 3064 437 3127 satisfacio:
463 3066 533 3146 quin
556 3068 656 3146 potius
681 3077 751 3129 tunc
775 3069 803 3128 in
829 3058 1085 3146 speculationibus
1108 3065 1242 3147 physicis
1261 3066 1448 3145 suspiciones
1463 3085 1537 3128 con-

180 3155 270 3236 cipio,
305 3155 410 3235 quasi
441 3173 535 3216 vana
567 3156 617 3218 sit
644 3174 775 3234 magna
801 3176 888 3237 pars
922 3155 1174 3217 directionum.
1221 3154 1353 3215 Primum
1385 3157 1478 3230 euim,
1512 3156 1538 3216 si

180 3245 271 3308 Luna
285 3252 334 3305 est
347 3242 555 3322 significatrix,
576 3246 722 3324 quomodo
737 3245 766 3306 in
782 3264 816 3307 eo
832 3246 942 3307 circulo
963 3263 1071 3322 magno
1090 3244 1198 3305 dicitur
1213 3244 1313 3304 venire
1328 3244 1367 3305 ad
1383 3255 1538 3323 aspectum

180 3333 335 3415 planetae,
359 3330 390 3392 iu
414 3351 470 3412 quo
495 3352 553 3394 non
577 3334 711 3395 incedit?
736 3335 780 3395 At
800 3334 827 3395 iu
844 3335 924 3395 nullo
940 3333 1029 3394 trium
1046 3332 1183 3411 superius
1207 3333 1423 3394 recensitorum
1440 3335 1539 3396 circn-

182 3423 279 3485 lorum
303 3420 424 3482 incedit.
470 3420 563 3484 Esset
584 3422 677 3502 igitur
700 3423 804 3484 modus
829 3431 954 3502 quartus
979 3421 1141 3501 quaerendi
1167 3421 1243 3481 huuc
1259 3421 1411 3492 circulum,
1436 3423 1538 3502 inquo

180 3518 326 3591 aspectus
349 3509 439 3583 inest,
465 3519 497 3571 et
519 3511 545 3571 is
570 3511 661 3573 etiarn
685 3513 845 3590 perplexus
870 3520 901 3572 et
921 3510 1088 3587 ambiguus.
1136 3509 1298 3570 Ducendus
1318 3510 1427 3589 quippe
1451 3511 1538 3573 utin

178 3600 271 3662 modo
298 3598 388 3661 tertio
422 3599 534 3661 circum
565 3601 778 3679 promissorem
802 3600 943 3675 circulus,
976 3600 1070 3660 donec
1094 3605 1179 3659 secet
1206 3598 1286 3659 viam
1309 3599 1412 3659 Lunae
1442 3600 1538 3677 signi-

177 3688 325 3752 ficatricis
348 3687 518 3766 genuinam.
564 3690 660 3768 Atqui
684 3709 831 3769 quaenam
855 3689 930 3750 haec
944 3688 1059 3749 viarum
1074 3688 1194 3769 propria
1209 3686 1333 3748 Lunae?
1378 3687 1447 3749 Non
1463 3687 1537 3748 diri·
1586 3735 1589 3741 .

178 3777 263 3860 gitur
285 3777 372 3838 Luna
394 3795 448 3856 per
471 3776 581 3839 itinera
603 3779 710 3840 diurna
733 3779 866 3858 propria,
895 3777 949 3838 sed
972 3796 1025 3856 per
1049 3776 1158 3836 itinera
1187 3775 1292 3836 diurne
1316 3774 1407 3838 Solis.
1453 3775 1536 3855 Ergo

177 3868 257 3930 haee
281 3866 459 3927 viaLunae
484 3868 665 3928 assumenda
689 3869 747 3929 erit
771 3867 887 3940 fictitia,
913 3867 938 3927 si
963 3885 1068 3945 nempe
1093 3884 1215 3926 manens
1239 3865 1267 3925 in
1292 3865 1398 3926 eadem
1422 3885 1442 3926 a
1464 3863 1536 3926 Sole

178 3954 418 4018 distantiarum
442 3954 514 4016 Sole
539 3955 716 4017 circumiret.
765 3956 846 4018 Tunc
875 3974 947 4035 ergo
975 3954 1057 4035 prius
1087 3963 1170 4015 esset
1192 3954 1344 4014 ducendus
1373 3954 1538 4032 parallelus

178 4044 340 4124 eclipticas
370 4061 555 4123 percorpus
584 4045 812 4124 significatoris,
848 4045 954 4106 deinde
978 4053 1012 4105 ut
1039 4043 1121 4122 prius
1151 4042 1284 4104 secanda
1307 4043 1380 4103 haec
1405 4042 1472 4123 via,
1505 4051 1539 4104 ut

176 4135 277 4196 sectio
300 4133 398 4194 locum
422 4134 604 4208 ostenderet,
631 4133 680 4195 ubi
704 4135 882 4196 terminatur
913 4141 1065 4213 aspectus.
1111 4131 1207 4212 Atqui
1236 4150 1341 4211 parum
1366 4133 1538 4194 verisimili-

178 4222 295 4286 tudinis
318 4223 400 4283 inest
422 4220 452 4283 in
476 4222 533 4284 hoc
556 4223 653 4284 modo.
700 4222 799 4293 Quam
823 4224 922 4299 euim,·
936 4241 1059 4303 quaeso,
1084 4222 1143 4283 vim
1160 4221 1297 4283 obtineat
1311 4222 1362 4282 via
1378 4223 1536 4300 quaedam,

176 4331 235 4395 per
258 4330 348 4392 quam
370 4312 457 4374 Luna
480 4331 538 4372 non
563 4311 689 4385 incedit,
724 4313 778 4374 sed
801 4313 939 4374 incedere
963 4312 1106 4390 tingitur?
1153 4313 1255 4389 Atque
1280 4312 1336 4372 hac
1361 4312 1538 4373 considera-

175 4403 262 4464 tione
286 4408 382 4462 toturn
398 4401 551 4479 negotium
566 4400 680 4473 Lunae,
706 4411 739 4462 ut
754 4400 975 4481 significatricis
992 4400 1175 4478 dirigendae,
1201 4408 1374 4478 suspectum
1391 4399 1538 4459 redditur.

176 4488 298 4553 Deinde
314 4488 429 4569 oincio,
456 4507 522 4550 curu
541 4508 606 4550 meo
618 4490 765 4551 horizonti
780 4500 812 4551 et
826 4491 1005 4561 meridiano,
1030 4497 1093 4549 tum
1109 4487 1342 4566 Regiomontani
1357 4487 1537 4566 positionum

176 4576 299 4642 circulis
323 4578 585 4658 significatoribus,
611 4587 746 4640 autnon
770 4599 859 4659 posse
884 4587 1026 4658 aspectus
1049 4578 1264 4656 promissorum
1285 4595 1351 4637 esse
1366 4576 1536 4656 promisso-

175 4688 238 4743 res,
264 4674 319 4728 ant
340 4672 473 4729 tractum
495 4667 604 4747 requiri
627 4669 770 4746 temporis
795 4668 964 4747 longissimi
988 4667 1026 4728 ad
1047 4686 1135 4727 unam
1155 4666 1359 4739 directionem,
1386 4665 1443 4725 iuro
1459 4684 1536 4744 qua-

177 4757 301 4819 dratam
334 4755 550 4829 radiationem‚
584 4776 637 4818 seu
666 4757 728 4835 ejus
758 4756 952 4819 directionem
975 4756 1093 4818 omnino
1112 4762 1299 4835 perpetuam
1327 4773 1404 4816 esse.
1451 4755 1533 4816 Nam

175 4864 255 4910 unns
279 4851 312 4907 et
333 4844 415 4907 idem
437 4845 603 4925 promissor
624 4845 740 4908 radium
763 4847 911 4922 sextilem,
941 4846 1122 4927 quadratum
1141 4845 1194 4907 bc.
1219 4843 1330 4906 circulo
1353 4838 1537 4905 circumfun-

238 4941 339 5001 τηιιιι
353 4949 453 5000 opes-r.
1292 4946 1325 5000 2³
