<?xml version="1.0" encoding="UTF-8"?>
<!DOCTYPE html PUBLIC "-//W3C//DTD XHTML 1.0 Transitional//EN"
    "http://www.w3.org/TR/xhtml1/DTD/xhtml1-transitional.dtd">
<html xmlns="http://www.w3.org/1999/xhtml" xml:lang="en" lang="en">
 <head>
  <title>
</title>
<meta http-equiv="Content-Type" content="text/html;charset=utf-8" />
  <meta name='ocr-system' content='tesseract 3.04.00' />
  <meta name='ocr-capabilities' content='ocr_page ocr_carea ocr_par ocr_line ocrx_word'/>
</head>
<body>
  <div class='ocr_page' id='page_1' title='image "./joanniskepleria10frisgoog_0321.png"; bbox 0 0 3428 5542; ppageno 0'>
   <div class='ocr_carea' id='block_1_1' title="bbox 182 321 1124 401">
    <p class='ocr_par' dir='ltr' id='par_1_1' title="bbox 182 321 1124 401">
     <span class='ocr_line' id='line_1_1' title="bbox 182 321 1124 401; baseline 0.005 -18"><span class='ocrx_word' id='word_1_1' title='bbox 182 321 249 396; x_wconf 71' lang='lat'>298</span> <span class='ocrx_word' id='word_1_2' title='bbox 612 334 715 386; x_wconf 72' lang='lat' dir='ltr'>literas</span> <span class='ocrx_word' id='word_1_3' title='bbox 732 328 836 400; x_wconf 60' lang='grc' dir='ltr'>ΚΜ</span> <span class='ocrx_word' id='word_1_4' title='bbox 854 336 1005 401; x_wconf 69' lang='lat' dir='ltr'>summoue</span> <span class='ocrx_word' id='word_1_5' title='bbox 1022 340 1124 388; x_wconf 72' lang='lat' dir='ltr'>mutum</span> 
     </span>
    </p>
   </div>
   <div class='ocr_carea' id='block_1_2' title="bbox 178 488 1544 1551">
    <p class='ocr_par' dir='ltr' id='par_1_2' title="bbox 178 488 1544 1551">
     <span class='ocr_line' id='line_1_2' title="bbox 179 488 1542 576; baseline 0.001 -25"><span class='ocrx_word' id='word_1_6' title='bbox 179 489 330 553; x_wconf 77' lang='lat' dir='ltr'>Henrlcua</span> <span class='ocrx_word' id='word_1_7' title='bbox 353 491 432 554; x_wconf 92' lang='lat' dir='ltr'>diem</span> <span class='ocrx_word' id='word_1_8' title='bbox 459 493 540 557; x_wconf 88' lang='lat' dir='ltr'>iuter</span> <span class='ocrx_word' id='word_1_9' title='bbox 567 492 619 558; x_wconf 74' lang='lat'>23.</span> <span class='ocrx_word' id='word_1_10' title='bbox 645 501 677 556; x_wconf 89' lang='lat' dir='ltr'>et</span> <span class='ocrx_word' id='word_1_11' title='bbox 700 492 754 558; x_wconf 73' lang='lat'>24.</span> <span class='ocrx_word' id='word_1_12' title='bbox 779 496 849 559; x_wconf 90' lang='lat' dir='ltr'>Jan.</span> <span class='ocrx_word' id='word_1_13' title='bbox 875 494 922 559; x_wconf 87' lang='lat' dir='ltr'>St.</span> <span class='ocrx_word' id='word_1_14' title='bbox 949 496 1001 569; x_wconf 90' lang='lat' dir='ltr'>V.‚</span> <span class='ocrx_word' id='word_1_15' title='bbox 1024 497 1114 575; x_wconf 91' lang='lat' dir='ltr'>paulo</span> <span class='ocrx_word' id='word_1_16' title='bbox 1137 503 1209 576; x_wconf 88' lang='lat' dir='ltr'>post</span> <span class='ocrx_word' id='word_1_17' title='bbox 1231 495 1260 555; x_wconf 92' lang='lat' dir='ltr'>b.</span> <span class='ocrx_word' id='word_1_18' title='bbox 1289 488 1329 555; x_wconf 74' lang='lat' dir='ltr'>l²</span> <span class='ocrx_word' id='word_1_19' title='bbox 1351 488 1542 553; x_wconf 72' lang='lat' dir='ltr'>sommam.</span> 
     </span>
     <span class='ocr_line' id='line_1_3' title="bbox 181 577 1542 664; baseline 0 -24"><span class='ocrx_word' id='word_1_20' title='bbox 181 577 243 641; x_wconf 87' lang='lat' dir='ltr'>Sed</span> <span class='ocrx_word' id='word_1_21' title='bbox 258 581 296 640; x_wconf 84' lang='lat' dir='ltr'>de</span> <span class='ocrx_word' id='word_1_22' title='bbox 311 587 373 642; x_wconf 93' lang='lat' dir='ltr'>tuo.</span> <span class='ocrx_word' id='word_1_23' title='bbox 414 581 458 645; x_wconf 87' lang='lat' dir='ltr'>M.</span> <span class='ocrx_word' id='word_1_24' title='bbox 476 580 513 645; x_wconf 81' lang='lat'>0.</span> <span class='ocrx_word' id='word_1_25' title='bbox 530 580 656 655; x_wconf 54' lang='lat'>28⁰2.</span> <span class='ocrx_word' id='word_1_26' title='bbox 672 584 745 646; x_wconf 86' lang='lat' dir='ltr'>Asc.</span> <span class='ocrx_word' id='word_1_27' title='bbox 762 582 824 646; x_wconf 80' lang='lat'>27⁰</span> <span class='ocrx_word' id='word_1_28' title='bbox 834 591 878 659; x_wconf 58' lang='lat' dir='ltr'>s,</span> <span class='ocrx_word' id='word_1_29' title='bbox 902 593 1013 655; x_wconf 68' lang='lat' dir='ltr'>dante</span> <span class='ocrx_word' id='word_1_30' title='bbox 1034 585 1204 664; x_wconf 88' lang='lat' dir='ltr'>septimam,</span> <span class='ocrx_word' id='word_1_31' title='bbox 1222 584 1297 644; x_wconf 78' lang='lat' dir='ltr'>forte</span> <span class='ocrx_word' id='word_1_32' title='bbox 1313 581 1406 643; x_wconf 90' lang='lat' dir='ltr'>etiam</span> <span class='ocrx_word' id='word_1_33' title='bbox 1420 578 1450 640; x_wconf 93' lang='lat' dir='ltr'>in</span> <span class='ocrx_word' id='word_1_34' title='bbox 1468 578 1542 650; x_wconf 84' lang='lat' dir='ltr'>vll,</span> 
     </span>
     <span class='ocr_line' id='line_1_4' title="bbox 179 668 1541 746; baseline -0.001 -18"><span class='ocrx_word' id='word_1_35' title='bbox 179 670 214 729; x_wconf 85' lang='lat' dir='ltr'>rit</span> <span class='ocrx_word' id='word_1_36' title='bbox 235 668 325 746; x_wconf 86' lang='lat' dir='ltr'>paulo</span> <span class='ocrx_word' id='word_1_37' title='bbox 349 673 494 733; x_wconf 89' lang='lat' dir='ltr'>maturius</span> <span class='ocrx_word' id='word_1_38' title='bbox 518 672 669 738; x_wconf 85' lang='lat' dir='ltr'>acciderit.</span> <span class='ocrx_word' id='word_1_39' title='bbox 718 671 920 735; x_wconf 87' lang='lat' dir='ltr'>Constellatio</span> <span class='ocrx_word' id='word_1_40' title='bbox 945 673 1132 735; x_wconf 86' lang='lat' dir='ltr'>validissima</span> <span class='ocrx_word' id='word_1_41' title='bbox 1156 681 1213 734; x_wconf 91' lang='lat' dir='ltr'>est.</span> <span class='ocrx_word' id='word_1_42' title='bbox 1260 671 1356 732; x_wconf 82' lang='lat' dir='ltr'>Aiunt</span> <span class='ocrx_word' id='word_1_43' title='bbox 1388 675 1541 730; x_wconf 86' lang='lat' dir='ltr'>cometam</span> 
     </span>
     <span class='ocr_line' id='line_1_5' title="bbox 180 755 1541 840; baseline 0.002 -27"><span class='ocrx_word' id='word_1_44' title='bbox 180 756 276 819; x_wconf 86' lang='lat' dir='ltr'>videri</span> <span class='ocrx_word' id='word_1_45' title='bbox 294 757 361 836; x_wconf 90' lang='lat' dir='ltr'>jam</span> <span class='ocrx_word' id='word_1_46' title='bbox 385 778 438 840; x_wconf 92' lang='lat' dir='ltr'>per</span> <span class='ocrx_word' id='word_1_47' title='bbox 453 756 472 823; x_wconf 81' lang='lat'><strong>3</strong></span> <span class='ocrx_word' id='word_1_48' title='bbox 488 761 685 840; x_wconf 88' lang='lat' dir='ltr'>septimanas.</span> <span class='ocrx_word' id='word_1_49' title='bbox 724 761 757 823; x_wconf 93' lang='lat' dir='ltr'>ld</span> <span class='ocrx_word' id='word_1_50' title='bbox 783 763 807 822; x_wconf 90' lang='lat' dir='ltr'>si</span> <span class='ocrx_word' id='word_1_51' title='bbox 824 770 881 834; x_wconf 85' lang='lat' dir='ltr'>eet,</span> <span class='ocrx_word' id='word_1_52' title='bbox 906 781 963 823; x_wconf 92' lang='lat' dir='ltr'>non</span> <span class='ocrx_word' id='word_1_53' title='bbox 987 781 1094 840; x_wconf 81' lang='lat' dir='ltr'>nempe</span> <span class='ocrx_word' id='word_1_54' title='bbox 1110 761 1180 829; x_wconf 88' lang='lat' dir='ltr'>vidi,</span> <span class='ocrx_word' id='word_1_55' title='bbox 1204 779 1262 820; x_wconf 92' lang='lat' dir='ltr'>nou</span> <span class='ocrx_word' id='word_1_56' title='bbox 1278 757 1392 831; x_wconf 90' lang='lat' dir='ltr'>dubito,</span> <span class='ocrx_word' id='word_1_57' title='bbox 1412 757 1483 835; x_wconf 80' lang='lat' dir='ltr'>quin</span> <span class='ocrx_word' id='word_1_58' title='bbox 1499 755 1541 816; x_wconf 84' lang='lat' dir='ltr'>ab</span> 
     </span>
     <span class='ocr_line' id='line_1_6' title="bbox 180 840 1541 931; baseline -0.001 -26"><span class='ocrx_word' id='word_1_59' title='bbox 180 842 239 905; x_wconf 89' lang='lat' dir='ltr'>illis</span> <span class='ocrx_word' id='word_1_60' title='bbox 264 842 445 925; x_wconf 85' lang='lat' dir='ltr'>3planetia,</span> <span class='ocrx_word' id='word_1_61' title='bbox 471 850 623 911; x_wconf 84' lang='lat' dir='ltr'>stantibus</span> <span class='ocrx_word' id='word_1_62' title='bbox 645 850 685 925; x_wconf 63' lang='grc' dir='ltr'>Ἃ,</span> <span class='ocrx_word' id='word_1_63' title='bbox 710 859 736 921; x_wconf 76' lang='lat'>&lt;5</span> <span class='ocrx_word' id='word_1_64' title='bbox 759 850 788 912; x_wconf 92' lang='lat' dir='ltr'>in</span> <span class='ocrx_word' id='word_1_65' title='bbox 812 851 986 931; x_wconf 89' lang='lat' dir='ltr'>propinquo,</span> <span class='ocrx_word' id='word_1_66' title='bbox 1012 847 1123 924; x_wconf 60' lang='grc' dir='ltr'>ΔΜ</span> <span class='ocrx_word' id='word_1_67' title='bbox 1144 840 1391 924; x_wconf 68' lang='lat' dir='ltr'>diuturno,.[lb‚</span> <span class='ocrx_word' id='word_1_68' title='bbox 1419 853 1445 914; x_wconf 79' lang='grc' dir='ltr'>ο·</span> <span class='ocrx_word' id='word_1_69' title='bbox 1469 846 1541 923; x_wconf 86' lang='lat' dir='ltr'>pla-</span> 
     </span>
     <span class='ocr_line' id='line_1_7' title="bbox 179 932 1544 1018; baseline -0.001 -24"><span class='ocrx_word' id='word_1_70' title='bbox 179 932 239 994; x_wconf 90' lang='lat' dir='ltr'>tico</span> <span class='ocrx_word' id='word_1_71' title='bbox 256 934 312 1007; x_wconf 87' lang='lat'>(?).</span> <span class='ocrx_word' id='word_1_72' title='bbox 359 934 432 997; x_wconf 93' lang='lat' dir='ltr'>Sum</span> <span class='ocrx_word' id='word_1_73' title='bbox 448 938 525 998; x_wconf 93' lang='lat' dir='ltr'>enim</span> <span class='ocrx_word' id='word_1_74' title='bbox 551 939 579 999; x_wconf 94' lang='lat' dir='ltr'>in</span> <span class='ocrx_word' id='word_1_75' title='bbox 604 959 641 1000; x_wconf 89' lang='lat' dir='ltr'>ea</span> <span class='ocrx_word' id='word_1_76' title='bbox 660 938 808 1018; x_wconf 88' lang='lat' dir='ltr'>opinione,</span> <span class='ocrx_word' id='word_1_77' title='bbox 834 938 892 1001; x_wconf 89' lang='lat' dir='ltr'>etsi</span> <span class='ocrx_word' id='word_1_78' title='bbox 916 949 1033 1001; x_wconf 86' lang='lat' dir='ltr'>cometa</span> <span class='ocrx_word' id='word_1_79' title='bbox 1057 939 1164 1018; x_wconf 83' lang='lat' dir='ltr'>aliquis</span> <span class='ocrx_word' id='word_1_80' title='bbox 1179 938 1227 999; x_wconf 91' lang='lat' dir='ltr'>vel</span> <span class='ocrx_word' id='word_1_81' title='bbox 1242 936 1309 1016; x_wconf 89' lang='lat' dir='ltr'>ipsa</span> <span class='ocrx_word' id='word_1_82' title='bbox 1324 935 1417 997; x_wconf 85' lang='lat' dir='ltr'>Terra</span> <span class='ocrx_word' id='word_1_83' title='bbox 1441 932 1544 1010; x_wconf 80' lang='lat' dir='ltr'>major</span> 
     </span>
     <span class='ocr_line' id='line_1_8' title="bbox 179 1018 1543 1100; baseline 0 -18"><span class='ocrx_word' id='word_1_84' title='bbox 179 1021 229 1095; x_wconf 91' lang='lat' dir='ltr'>sit,</span> <span class='ocrx_word' id='word_1_85' title='bbox 255 1031 287 1084; x_wconf 90' lang='lat' dir='ltr'>et</span> <span class='ocrx_word' id='word_1_86' title='bbox 310 1023 477 1086; x_wconf 88' lang='lat' dir='ltr'>altissimus</span> <span class='ocrx_word' id='word_1_87' title='bbox 497 1027 600 1096; x_wconf 92' lang='lat' dir='ltr'>etiam,</span> <span class='ocrx_word' id='word_1_88' title='bbox 625 1027 784 1090; x_wconf 91' lang='lat' dir='ltr'>dummodo</span> <span class='ocrx_word' id='word_1_89' title='bbox 801 1037 911 1100; x_wconf 88' lang='lat' dir='ltr'>currat,</span> <span class='ocrx_word' id='word_1_90' title='bbox 936 1028 1047 1089; x_wconf 85' lang='lat' dir='ltr'>Terrae</span> <span class='ocrx_word' id='word_1_91' title='bbox 1068 1027 1202 1089; x_wconf 80' lang='lat' dir='ltr'>sobolem</span> <span class='ocrx_word' id='word_1_92' title='bbox 1222 1046 1299 1088; x_wconf 89' lang='lat' dir='ltr'>esse.</span> <span class='ocrx_word' id='word_1_93' title='bbox 1339 1022 1420 1086; x_wconf 87' lang='lat' dir='ltr'>Cur?</span> <span class='ocrx_word' id='word_1_94' title='bbox 1457 1018 1543 1090; x_wconf 75' lang='lat' dir='ltr'>Quis</span> 
     </span>
     <span class='ocr_line' id='line_1_9' title="bbox 180 1108 1541 1196; baseline -0.001 -25"><span class='ocrx_word' id='word_1_95' title='bbox 180 1129 308 1190; x_wconf 78' lang='lat' dir='ltr'>semper,</span> <span class='ocrx_word' id='word_1_96' title='bbox 333 1113 567 1194; x_wconf 70' lang='lat' dir='ltr'>quotiescunque</span> <span class='ocrx_word' id='word_1_97' title='bbox 591 1126 662 1178; x_wconf 88' lang='lat' dir='ltr'>suut</span> <span class='ocrx_word' id='word_1_98' title='bbox 676 1127 820 1190; x_wconf 87' lang='lat' dir='ltr'>cometae,</span> <span class='ocrx_word' id='word_1_99' title='bbox 845 1118 1013 1196; x_wconf 83' lang='lat' dir='ltr'>praecessit</span> <span class='ocrx_word' id='word_1_100' title='bbox 1034 1118 1123 1196; x_wconf 92' lang='lat' dir='ltr'>paulo</span> <span class='ocrx_word' id='word_1_101' title='bbox 1144 1125 1214 1176; x_wconf 90' lang='lat' dir='ltr'>ante</span> <span class='ocrx_word' id='word_1_102' title='bbox 1239 1114 1340 1175; x_wconf 89' lang='lat' dir='ltr'>valida</span> <span class='ocrx_word' id='word_1_103' title='bbox 1362 1108 1394 1188; x_wconf 74' lang='lat' dir='ltr'>b,</span> <span class='ocrx_word' id='word_1_104' title='bbox 1416 1111 1541 1184; x_wconf 75' lang='lat' dir='ltr'>licon·</span> 
     </span>
     <span class='ocr_line' id='line_1_10' title="bbox 179 1198 1542 1283; baseline 0.001 -23"><span class='ocrx_word' id='word_1_105' title='bbox 179 1200 325 1279; x_wconf 83' lang='lat' dir='ltr'>figuratio,</span> <span class='ocrx_word' id='word_1_106' title='bbox 352 1212 406 1263; x_wconf 91' lang='lat' dir='ltr'>aut</span> <span class='ocrx_word' id='word_1_107' title='bbox 429 1204 645 1283; x_wconf 74' lang='lat' dir='ltr'>aequipollens,</span> <span class='ocrx_word' id='word_1_108' title='bbox 670 1215 704 1266; x_wconf 94' lang='lat' dir='ltr'>nt</span> <span class='ocrx_word' id='word_1_109' title='bbox 727 1224 794 1266; x_wconf 93' lang='lat' dir='ltr'>cum</span> <span class='ocrx_word' id='word_1_110' title='bbox 818 1205 1126 1275; x_wconf 72' lang='lat' dir='ltr'>deststatiouarius,</span> <span class='ocrx_word' id='word_1_111' title='bbox 1153 1213 1215 1265; x_wconf 90' lang='lat' dir='ltr'>tum</span> <span class='ocrx_word' id='word_1_112' title='bbox 1239 1204 1317 1264; x_wconf 90' lang='lat' dir='ltr'>enim</span> <span class='ocrx_word' id='word_1_113' title='bbox 1341 1202 1421 1261; x_wconf 86' lang='lat' dir='ltr'>vires</span> <span class='ocrx_word' id='word_1_114' title='bbox 1445 1198 1542 1260; x_wconf 85' lang='lat' dir='ltr'>babet</span> 
     </span>
     <span class='ocr_line' id='line_1_11' title="bbox 178 1282 1542 1372; baseline -0.001 -24"><span class='ocrx_word' id='word_1_115' title='bbox 178 1294 212 1348; x_wconf 90' lang='lat' dir='ltr'>nt</span> <span class='ocrx_word' id='word_1_116' title='bbox 235 1288 378 1368; x_wconf 91' lang='lat' dir='ltr'>superior,</span> <span class='ocrx_word' id='word_1_117' title='bbox 405 1310 435 1350; x_wconf 92' lang='lat' dir='ltr'>re</span> <span class='ocrx_word' id='word_1_118' title='bbox 459 1310 532 1353; x_wconf 88' lang='lat' dir='ltr'>vera</span> <span class='ocrx_word' id='word_1_119' title='bbox 555 1293 670 1354; x_wconf 88' lang='lat' dir='ltr'>tardus.</span> <span class='ocrx_word' id='word_1_120' title='bbox 692 1282 696 1291; x_wconf 61' lang='grc'><strong>’</strong></span> <span class='ocrx_word' id='word_1_121' title='bbox 719 1291 921 1372; x_wconf 87' lang='lat' dir='ltr'>Coutignratio</span> <span class='ocrx_word' id='word_1_122' title='bbox 946 1303 1063 1368; x_wconf 86' lang='lat' dir='ltr'>autem,</span> <span class='ocrx_word' id='word_1_123' title='bbox 1088 1300 1121 1354; x_wconf 89' lang='lat' dir='ltr'>ut</span> <span class='ocrx_word' id='word_1_124' title='bbox 1144 1292 1241 1365; x_wconf 89' lang='lat' dir='ltr'>nosti,</span> <span class='ocrx_word' id='word_1_125' title='bbox 1267 1299 1299 1351; x_wconf 85' lang='lat' dir='ltr'>et</span> <span class='ocrx_word' id='word_1_126' title='bbox 1322 1295 1466 1368; x_wconf 86' lang='lat' dir='ltr'>aspectus</span> <span class='ocrx_word' id='word_1_127' title='bbox 1490 1294 1542 1346; x_wconf 86' lang='lat' dir='ltr'>est</span> 
     </span>
     <span class='ocr_line' id='line_1_12' title="bbox 178 1374 1541 1460; baseline -0.001 -23"><span class='ocrx_word' id='word_1_128' title='bbox 178 1376 209 1438; x_wconf 89' lang='lat' dir='ltr'>in</span> <span class='ocrx_word' id='word_1_129' title='bbox 233 1376 336 1450; x_wconf 85' lang='lat' dir='ltr'>Terra,</span> <span class='ocrx_word' id='word_1_130' title='bbox 361 1397 418 1439; x_wconf 91' lang='lat' dir='ltr'>nun</span> <span class='ocrx_word' id='word_1_131' title='bbox 443 1380 473 1441; x_wconf 95' lang='lat' dir='ltr'>in</span> <span class='ocrx_word' id='word_1_132' title='bbox 498 1381 581 1444; x_wconf 85' lang='lat' dir='ltr'>coelo</span> <span class='ocrx_word' id='word_1_133' title='bbox 606 1381 687 1444; x_wconf 88' lang='lat' dir='ltr'>alibi.</span> <span class='ocrx_word' id='word_1_134' title='bbox 735 1383 815 1443; x_wconf 89' lang='lat' dir='ltr'>Vide</span> <span class='ocrx_word' id='word_1_135' title='bbox 846 1392 946 1445; x_wconf 88' lang='lat' dir='ltr'>autem</span> <span class='ocrx_word' id='word_1_136' title='bbox 975 1382 1185 1460; x_wconf 82' lang='lat' dir='ltr'>cognationem</span> <span class='ocrx_word' id='word_1_137' title='bbox 1208 1379 1385 1440; x_wconf 88' lang='lat' dir='ltr'>thematum.</span> <span class='ocrx_word' id='word_1_138' title='bbox 1431 1374 1541 1438; x_wconf 82' lang='lat' dir='ltr'>Habes</span> 
     </span>
     <span class='ocr_line' id='line_1_13' title="bbox 180 1462 1541 1551; baseline -0.001 -26"><span class='ocrx_word' id='word_1_139' title='bbox 180 1472 212 1526; x_wconf 89' lang='lat' dir='ltr'>tu</span> <span class='ocrx_word' id='word_1_140' title='bbox 236 1462 359 1542; x_wconf 59' lang='grc' dir='ltr'>ἅΘῤ,</span> <span class='ocrx_word' id='word_1_141' title='bbox 386 1467 477 1530; x_wconf 83' lang='lat' dir='ltr'>babet</span> <span class='ocrx_word' id='word_1_142' title='bbox 500 1479 531 1530; x_wconf 89' lang='lat' dir='ltr'>et</span> <span class='ocrx_word' id='word_1_143' title='bbox 554 1471 614 1543; x_wconf 92' lang='lat' dir='ltr'>ille,</span> <span class='ocrx_word' id='word_1_144' title='bbox 641 1479 764 1551; x_wconf 89' lang='lat' dir='ltr'>uterque</span> <span class='ocrx_word' id='word_1_145' title='bbox 790 1474 811 1547; x_wconf 60' lang='lat' dir='ltr'>b</span> <span class='ocrx_word' id='word_1_146' title='bbox 834 1472 1044 1549; x_wconf 82' lang='lat' dir='ltr'>posteriorem,</span> <span class='ocrx_word' id='word_1_147' title='bbox 1071 1471 1163 1530; x_wconf 88' lang='lat' dir='ltr'>habes</span> <span class='ocrx_word' id='word_1_148' title='bbox 1187 1478 1218 1529; x_wconf 92' lang='lat' dir='ltr'>tu</span> <span class='ocrx_word' id='word_1_149' title='bbox 1242 1463 1359 1540; x_wconf 67' lang='grc' dir='ltr'>ΔΒ),</span> <span class='ocrx_word' id='word_1_150' title='bbox 1388 1465 1483 1525; x_wconf 87' lang='lat' dir='ltr'>babet</span> <span class='ocrx_word' id='word_1_151' title='bbox 1505 1474 1541 1533; x_wconf 79' lang='lat' dir='ltr'>ct</span> 
     </span>
    </p>
   </div>
   <div class='ocr_carea' id='block_1_3' title="bbox 59 1549 1540 1637">
    <p class='ocr_par' dir='ltr' id='par_1_3' title="bbox 59 1549 1540 1637">
     <span class='ocr_line' id='line_1_14' title="bbox 59 1549 1540 1637; baseline 0.003 -26"><span class='ocrx_word' id='word_1_152' title='bbox 59 1602 61 1611; x_wconf 91' lang='lat'>.</span> <span class='ocrx_word' id='word_1_153' title='bbox 178 1552 229 1614; x_wconf 75' lang='lat' dir='ltr'>tue</span> <span class='ocrx_word' id='word_1_154' title='bbox 253 1554 316 1614; x_wconf 70' lang='lat' dir='ltr'>rere</span> <span class='ocrx_word' id='word_1_155' title='bbox 341 1550 450 1629; x_wconf 74' lang='lat' dir='ltr'>ab).</span> <span class='ocrx_word' id='word_1_156' title='bbox 475 1556 567 1619; x_wconf 73' lang='lat' dir='ltr'>naues</span> <span class='ocrx_word' id='word_1_157' title='bbox 592 1569 623 1619; x_wconf 80' lang='lat' dir='ltr'>tu</span> <span class='ocrx_word' id='word_1_158' title='bbox 648 1560 710 1620; x_wconf 73' lang='lat' dir='ltr'>ere</span> <span class='ocrx_word' id='word_1_159' title='bbox 732 1557 863 1637; x_wconf 64' lang='lat' dir='ltr'>mou),</span> <span class='ocrx_word' id='word_1_160' title='bbox 888 1561 981 1620; x_wconf 78' lang='lat' dir='ltr'>natet</span> <span class='ocrx_word' id='word_1_161' title='bbox 1005 1560 1109 1621; x_wconf 68' lang='lat' dir='ltr'>eritis.</span> <span class='ocrx_word' id='word_1_162' title='bbox 1150 1557 1276 1619; x_wconf 82' lang='lat' dir='ltr'>ubiubi</span> <span class='ocrx_word' id='word_1_163' title='bbox 1300 1551 1334 1628; x_wconf 73' lang='lat' dir='ltr'>t,</span> <span class='ocrx_word' id='word_1_164' title='bbox 1361 1553 1418 1632; x_wconf 82' lang='lat' dir='ltr'>ipsi</span> <span class='ocrx_word' id='word_1_165' title='bbox 1440 1549 1540 1629; x_wconf 57' lang='lat' dir='ltr'>(nu,</span> 
     </span>
    </p>
   </div>
   <div class='ocr_carea' id='block_1_4' title="bbox 173 1639 1541 3231">
    <p class='ocr_par' dir='ltr' id='par_1_4' title="bbox 173 1639 1541 3231">
     <span class='ocr_line' id='line_1_15' title="bbox 178 1639 1541 1727; baseline -0.002 -24"><span class='ocrx_word' id='word_1_166' title='bbox 178 1640 227 1704; x_wconf 90' lang='lat' dir='ltr'>ubi</span> <span class='ocrx_word' id='word_1_167' title='bbox 251 1642 307 1704; x_wconf 93' lang='lat' dir='ltr'>tibi</span> <span class='ocrx_word' id='word_1_168' title='bbox 333 1645 370 1716; x_wconf 88' lang='lat'>),</span> <span class='ocrx_word' id='word_1_169' title='bbox 397 1643 453 1721; x_wconf 90' lang='lat' dir='ltr'>ipsi</span> <span class='ocrx_word' id='word_1_170' title='bbox 477 1644 526 1718; x_wconf 77' lang='lat' dir='ltr'>ll,</span> <span class='ocrx_word' id='word_1_171' title='bbox 553 1647 601 1708; x_wconf 95' lang='lat' dir='ltr'>ubi</span> <span class='ocrx_word' id='word_1_172' title='bbox 627 1647 681 1709; x_wconf 87' lang='lat' dir='ltr'>tibi</span> <span class='ocrx_word' id='word_1_173' title='bbox 707 1647 751 1721; x_wconf 73' lang='lat' dir='ltr'>Q,</span> <span class='ocrx_word' id='word_1_174' title='bbox 784 1649 839 1727; x_wconf 89' lang='lat' dir='ltr'>ipsi</span> <span class='ocrx_word' id='word_1_175' title='bbox 864 1653 904 1718; x_wconf 69' lang='lat' dir='ltr'>it.</span> <span class='ocrx_word' id='word_1_176' title='bbox 954 1639 1033 1709; x_wconf 83' lang='lat' dir='ltr'>Sunt</span> <span class='ocrx_word' id='word_1_177' title='bbox 1055 1646 1140 1708; x_wconf 87' lang='lat' dir='ltr'>vobis</span> <span class='ocrx_word' id='word_1_178' title='bbox 1166 1645 1190 1718; x_wconf 72' lang='grc' dir='ltr'><strong>ῼ</strong></span> <span class='ocrx_word' id='word_1_179' title='bbox 1215 1644 1383 1723; x_wconf 88' lang='lat' dir='ltr'>oppositae.</span> <span class='ocrx_word' id='word_1_180' title='bbox 1430 1640 1541 1701; x_wconf 84' lang='lat' dir='ltr'>Habes</span> 
     </span>
     <span class='ocr_line' id='line_1_16' title="bbox 179 1728 1538 1810; baseline -0.004 -18"><span class='ocrx_word' id='word_1_181' title='bbox 179 1740 212 1792; x_wconf 89' lang='lat' dir='ltr'>tu</span> <span class='ocrx_word' id='word_1_182' title='bbox 234 1730 274 1805; x_wconf 73' lang='lat' dir='ltr'>li,</span> <span class='ocrx_word' id='word_1_183' title='bbox 299 1739 324 1801; x_wconf 72' lang='lat' dir='ltr'>d</span> <span class='ocrx_word' id='word_1_184' title='bbox 348 1732 471 1807; x_wconf 84' lang='lat' dir='ltr'>viciuos,</span> <span class='ocrx_word' id='word_1_185' title='bbox 498 1742 529 1795; x_wconf 92' lang='lat' dir='ltr'>et</span> <span class='ocrx_word' id='word_1_186' title='bbox 552 1735 612 1795; x_wconf 91' lang='lat' dir='ltr'>ille.</span> <span class='ocrx_word' id='word_1_187' title='bbox 659 1735 719 1798; x_wconf 92' lang='lat' dir='ltr'>Ubi</span> <span class='ocrx_word' id='word_1_188' title='bbox 743 1737 798 1797; x_wconf 94' lang='lat' dir='ltr'>tibi</span> <span class='ocrx_word' id='word_1_189' title='bbox 822 1736 865 1810; x_wconf 70' lang='lat' dir='ltr'>ll,</span> <span class='ocrx_word' id='word_1_190' title='bbox 890 1738 953 1798; x_wconf 83' lang='lat' dir='ltr'>lere</span> <span class='ocrx_word' id='word_1_191' title='bbox 977 1737 1020 1798; x_wconf 91' lang='lat' dir='ltr'>illi</span> <span class='ocrx_word' id='word_1_192' title='bbox 1044 1745 1079 1806; x_wconf 76' lang='lat' dir='ltr'>d.</span> <span class='ocrx_word' id='word_1_193' title='bbox 1128 1735 1244 1795; x_wconf 86' lang='lat' dir='ltr'>Deinde</span> <span class='ocrx_word' id='word_1_194' title='bbox 1268 1731 1400 1803; x_wconf 90' lang='lat' dir='ltr'>memini,</span> <span class='ocrx_word' id='word_1_195' title='bbox 1423 1728 1538 1809; x_wconf 87' lang='lat' dir='ltr'>pleris-</span> 
     </span>
     <span class='ocr_line' id='line_1_17' title="bbox 178 1822 1540 1903; baseline 0 -23"><span class='ocrx_word' id='word_1_196' title='bbox 178 1838 234 1900; x_wconf 83' lang='lat' dir='ltr'>que</span> <span class='ocrx_word' id='word_1_197' title='bbox 258 1829 375 1881; x_wconf 89' lang='lat' dir='ltr'>tuorum</span> <span class='ocrx_word' id='word_1_198' title='bbox 400 1841 468 1883; x_wconf 88' lang='lat' dir='ltr'>esse</span> <span class='ocrx_word' id='word_1_199' title='bbox 492 1823 604 1903; x_wconf 88' lang='lat' dir='ltr'>aliquid</span> <span class='ocrx_word' id='word_1_200' title='bbox 627 1823 657 1885; x_wconf 94' lang='lat' dir='ltr'>in</span> <span class='ocrx_word' id='word_1_201' title='bbox 681 1825 812 1903; x_wconf 86' lang='lat' dir='ltr'>septima</span> <span class='ocrx_word' id='word_1_202' title='bbox 835 1826 915 1887; x_wconf 85' lang='lat' dir='ltr'>mali.</span> <span class='ocrx_word' id='word_1_203' title='bbox 953 1826 1018 1886; x_wconf 88' lang='lat' dir='ltr'>Hoc</span> <span class='ocrx_word' id='word_1_204' title='bbox 1042 1826 1135 1885; x_wconf 88' lang='lat' dir='ltr'>etiam</span> <span class='ocrx_word' id='word_1_205' title='bbox 1159 1824 1207 1884; x_wconf 92' lang='lat' dir='ltr'>bic</span> <span class='ocrx_word' id='word_1_206' title='bbox 1231 1830 1294 1882; x_wconf 90' lang='lat' dir='ltr'>est:</span> <span class='ocrx_word' id='word_1_207' title='bbox 1319 1822 1404 1882; x_wconf 84' lang='lat' dir='ltr'>Mars</span> <span class='ocrx_word' id='word_1_208' title='bbox 1428 1832 1540 1896; x_wconf 70' lang='lat' dir='ltr'>nempe</span> 
     </span>
     <span class='ocr_line' id='line_1_18' title="bbox 176 1907 1541 1993; baseline -0.001 -25"><span class='ocrx_word' id='word_1_209' title='bbox 176 1926 269 1987; x_wconf 85' lang='lat' dir='ltr'>prope</span> <span class='ocrx_word' id='word_1_210' title='bbox 293 1908 463 1987; x_wconf 82' lang='lat' dir='ltr'>septimam.</span> <span class='ocrx_word' id='word_1_211' title='bbox 510 1911 557 1971; x_wconf 76' lang='lat' dir='ltr'>Ex</span> <span class='ocrx_word' id='word_1_212' title='bbox 581 1931 616 1974; x_wconf 88' lang='lat' dir='ltr'>eu</span> <span class='ocrx_word' id='word_1_213' title='bbox 640 1922 687 1974; x_wconf 87' lang='lat' dir='ltr'>est</span> <span class='ocrx_word' id='word_1_214' title='bbox 711 1913 853 1986; x_wconf 88' lang='lat' dir='ltr'>nonnihil,</span> <span class='ocrx_word' id='word_1_215' title='bbox 879 1916 956 1993; x_wconf 92' lang='lat' dir='ltr'>quod</span> <span class='ocrx_word' id='word_1_216' title='bbox 981 1914 1060 1974; x_wconf 91' lang='lat' dir='ltr'>illius</span> <span class='ocrx_word' id='word_1_217' title='bbox 1079 1911 1161 1972; x_wconf 86' lang='lat' dir='ltr'>vitae</span> <span class='ocrx_word' id='word_1_218' title='bbox 1176 1919 1317 1972; x_wconf 85' lang='lat' dir='ltr'>metuam.</span> <span class='ocrx_word' id='word_1_219' title='bbox 1354 1909 1434 1970; x_wconf 87' lang='lat' dir='ltr'>Nam</span> <span class='ocrx_word' id='word_1_220' title='bbox 1451 1907 1541 1968; x_wconf 82' lang='lat' dir='ltr'>Luna</span> 
     </span>
     <span class='ocr_line' id='line_1_19' title="bbox 176 1996 1538 2080; baseline 0 -24"><span class='ocrx_word' id='word_1_221' title='bbox 176 1996 277 2076; x_wconf 87' lang='lat' dir='ltr'>plena,</span> <span class='ocrx_word' id='word_1_222' title='bbox 302 2006 333 2058; x_wconf 91' lang='lat' dir='ltr'>et</span> <span class='ocrx_word' id='word_1_223' title='bbox 356 1997 407 2058; x_wconf 88' lang='lat' dir='ltr'>via</span> <span class='ocrx_word' id='word_1_224' title='bbox 432 1999 531 2060; x_wconf 87' lang='lat' dir='ltr'>lactea</span> <span class='ocrx_word' id='word_1_225' title='bbox 555 2002 721 2062; x_wconf 84' lang='lat' dir='ltr'>ascendens</span> <span class='ocrx_word' id='word_1_226' title='bbox 746 2011 777 2063; x_wconf 86' lang='lat' dir='ltr'>et</span> <span class='ocrx_word' id='word_1_227' title='bbox 800 2004 884 2063; x_wconf 87' lang='lat' dir='ltr'>Mars</span> <span class='ocrx_word' id='word_1_228' title='bbox 909 2003 937 2063; x_wconf 94' lang='lat' dir='ltr'>iu</span> <span class='ocrx_word' id='word_1_229' title='bbox 962 2003 1026 2080; x_wconf 92' lang='lat' dir='ltr'>ejus</span> <span class='ocrx_word' id='word_1_230' title='bbox 1050 2001 1198 2080; x_wconf 88' lang='lat' dir='ltr'>opposito,</span> <span class='ocrx_word' id='word_1_231' title='bbox 1224 2010 1256 2060; x_wconf 90' lang='lat' dir='ltr'>et</span> <span class='ocrx_word' id='word_1_232' title='bbox 1279 1998 1332 2060; x_wconf 90' lang='lat' dir='ltr'>Sol</span> <span class='ocrx_word' id='word_1_233' title='bbox 1356 2007 1420 2058; x_wconf 91' lang='lat' dir='ltr'>tam</span> <span class='ocrx_word' id='word_1_234' title='bbox 1443 2013 1538 2075; x_wconf 86' lang='lat' dir='ltr'>prae·</span> 
     </span>
     <span class='ocr_line' id='line_1_20' title="bbox 177 2080 1540 2165; baseline -0.002 -18"><span class='ocrx_word' id='word_1_235' title='bbox 177 2085 239 2147; x_wconf 78' lang='lat' dir='ltr'>ciac</span> <span class='ocrx_word' id='word_1_236' title='bbox 263 2085 292 2146; x_wconf 91' lang='lat' dir='ltr'>iu</span> <span class='ocrx_word' id='word_1_237' title='bbox 319 2080 470 2165; x_wconf 83' lang='lat' dir='ltr'>triaug&#39;ulo</span> <span class='ocrx_word' id='word_1_238' title='bbox 494 2085 632 2164; x_wconf 84' lang='lat' dir='ltr'>Saturni,</span> <span class='ocrx_word' id='word_1_239' title='bbox 662 2091 801 2153; x_wconf 83' lang='lat' dir='ltr'>videntur</span> <span class='ocrx_word' id='word_1_240' title='bbox 824 2092 946 2154; x_wconf 88' lang='lat' dir='ltr'>cerebro</span> <span class='ocrx_word' id='word_1_241' title='bbox 969 2098 1001 2150; x_wconf 93' lang='lat' dir='ltr'>et</span> <span class='ocrx_word' id='word_1_242' title='bbox 1024 2090 1117 2151; x_wconf 88' lang='lat' dir='ltr'>oculis</span> <span class='ocrx_word' id='word_1_243' title='bbox 1141 2087 1266 2149; x_wconf 86' lang='lat' dir='ltr'>nocituri</span> <span class='ocrx_word' id='word_1_244' title='bbox 1291 2095 1323 2148; x_wconf 89' lang='lat' dir='ltr'>et</span> <span class='ocrx_word' id='word_1_245' title='bbox 1345 2084 1540 2165; x_wconf 87' lang='lat' dir='ltr'>epilepticum</span> 
     </span>
     <span class='ocr_line' id='line_1_21' title="bbox 177 2173 1539 2259; baseline -0.001 -25"><span class='ocrx_word' id='word_1_246' title='bbox 177 2173 355 2253; x_wconf 86' lang='lat' dir='ltr'>significare.</span> <span class='ocrx_word' id='word_1_247' title='bbox 403 2176 532 2236; x_wconf 82' lang='lat' dir='ltr'>Faciunt</span> <span class='ocrx_word' id='word_1_248' title='bbox 555 2178 647 2239; x_wconf 87' lang='lat' dir='ltr'>etiam</span> <span class='ocrx_word' id='word_1_249' title='bbox 669 2180 847 2259; x_wconf 81' lang='lat' dir='ltr'>praecipitio</span> <span class='ocrx_word' id='word_1_250' title='bbox 872 2181 1031 2242; x_wconf 85' lang='lat' dir='ltr'>obnoxium</span> <span class='ocrx_word' id='word_1_251' title='bbox 1056 2189 1107 2239; x_wconf 89' lang='lat' dir='ltr'>aut</span> <span class='ocrx_word' id='word_1_252' title='bbox 1131 2178 1262 2255; x_wconf 87' lang='lat' dir='ltr'>gibbum.</span> <span class='ocrx_word' id='word_1_253' title='bbox 1310 2175 1370 2236; x_wconf 85' lang='lat' dir='ltr'>Sed</span> <span class='ocrx_word' id='word_1_254' title='bbox 1395 2174 1539 2251; x_wconf 88' lang='lat' dir='ltr'>triangu-</span> 
     </span>
     <span class='ocr_line' id='line_1_22' title="bbox 176 2259 1539 2348; baseline -0.001 -25"><span class='ocrx_word' id='word_1_255' title='bbox 176 2263 224 2323; x_wconf 87' lang='lat' dir='ltr'>lus</span> <span class='ocrx_word' id='word_1_256' title='bbox 247 2260 328 2324; x_wconf 86' lang='lat' dir='ltr'>Solis</span> <span class='ocrx_word' id='word_1_257' title='bbox 352 2263 451 2324; x_wconf 88' lang='lat' dir='ltr'>omnia</span> <span class='ocrx_word' id='word_1_258' title='bbox 475 2265 606 2344; x_wconf 86' lang='lat' dir='ltr'>mitigat.</span> <span class='ocrx_word' id='word_1_259' title='bbox 653 2267 721 2329; x_wconf 81' lang='lat' dir='ltr'>Erit</span> <span class='ocrx_word' id='word_1_260' title='bbox 744 2287 872 2348; x_wconf 84' lang='lat' dir='ltr'>pareus,</span> <span class='ocrx_word' id='word_1_261' title='bbox 898 2277 1008 2340; x_wconf 84' lang='lat' dir='ltr'>tenax,</span> <span class='ocrx_word' id='word_1_262' title='bbox 1034 2287 1071 2327; x_wconf 85' lang='lat' dir='ltr'>ex</span> <span class='ocrx_word' id='word_1_263' title='bbox 1096 2269 1116 2338; x_wconf 64' lang='lat' dir='ltr'>b</span> <span class='ocrx_word' id='word_1_264' title='bbox 1140 2276 1172 2327; x_wconf 90' lang='lat' dir='ltr'>et</span> <span class='ocrx_word' id='word_1_265' title='bbox 1196 2262 1236 2341; x_wconf 78' lang='grc' dir='ltr'>Θ</span> <span class='ocrx_word' id='word_1_266' title='bbox 1261 2265 1289 2324; x_wconf 90' lang='lat' dir='ltr'>in</span> <span class='ocrx_word' id='word_1_267' title='bbox 1315 2259 1395 2338; x_wconf 67' lang='lat' dir='ltr'>Ab,</span> <span class='ocrx_word' id='word_1_268' title='bbox 1421 2261 1539 2340; x_wconf 79' lang='lat' dir='ltr'>egregii</span> 
     </span>
     <span class='ocr_line' id='line_1_23' title="bbox 175 2350 1538 2436; baseline -0.001 -25"><span class='ocrx_word' id='word_1_269' title='bbox 175 2351 287 2429; x_wconf 85' lang='lat' dir='ltr'>ingenii</span> <span class='ocrx_word' id='word_1_270' title='bbox 320 2358 352 2411; x_wconf 87' lang='lat' dir='ltr'>et</span> <span class='ocrx_word' id='word_1_271' title='bbox 379 2353 518 2430; x_wconf 85' lang='lat' dir='ltr'>prolirndi</span> <span class='ocrx_word' id='word_1_272' title='bbox 551 2363 640 2435; x_wconf 85' lang='lat' dir='ltr'>atque</span> <span class='ocrx_word' id='word_1_273' title='bbox 679 2357 839 2430; x_wconf 87' lang='lat' dir='ltr'>laboriosi,</span> <span class='ocrx_word' id='word_1_274' title='bbox 873 2365 995 2436; x_wconf 90' lang='lat' dir='ltr'>propter</span> <span class='ocrx_word' id='word_1_275' title='bbox 1024 2357 1149 2415; x_wconf 90' lang='lat' dir='ltr'>eundem</span> <span class='ocrx_word' id='word_1_276' title='bbox 1181 2363 1344 2432; x_wconf 75' lang='lat' dir='ltr'>aspectum.</span> <span class='ocrx_word' id='word_1_277' title='bbox 1394 2350 1538 2430; x_wconf 86' lang='lat' dir='ltr'>Optimus</span> 
     </span>
     <span class='ocr_line' id='line_1_24' title="bbox 175 2439 1540 2516; baseline 0.001 -17"><span class='ocrx_word' id='word_1_278' title='bbox 175 2439 301 2509; x_wconf 79' lang='lat' dir='ltr'>artilex,</span> <span class='ocrx_word' id='word_1_279' title='bbox 338 2440 376 2501; x_wconf 91' lang='lat' dir='ltr'>ob</span> <span class='ocrx_word' id='word_1_280' title='bbox 400 2448 426 2510; x_wconf 76' lang='lat'>0·</span> <span class='ocrx_word' id='word_1_281' title='bbox 450 2441 535 2516; x_wconf 88' lang='lat' dir='ltr'>iuIl</span> <span class='ocrx_word' id='word_1_282' title='bbox 571 2453 602 2504; x_wconf 94' lang='lat' dir='ltr'>et</span> <span class='ocrx_word' id='word_1_283' title='bbox 626 2446 752 2506; x_wconf 88' lang='lat' dir='ltr'>confinio</span> <span class='ocrx_word' id='word_1_284' title='bbox 777 2445 900 2507; x_wconf 86' lang='lat' dir='ltr'>solstitii</span> <span class='ocrx_word' id='word_1_285' title='bbox 925 2446 953 2506; x_wconf 91' lang='lat' dir='ltr'>in</span> <span class='ocrx_word' id='word_1_286' title='bbox 978 2445 1048 2506; x_wconf 90' lang='lat' dir='ltr'>Vll.</span> <span class='ocrx_word' id='word_1_287' title='bbox 1096 2442 1310 2506; x_wconf 87' lang='lat' dir='ltr'>Contentiosus</span> <span class='ocrx_word' id='word_1_288' title='bbox 1335 2448 1366 2502; x_wconf 91' lang='lat' dir='ltr'>et</span> <span class='ocrx_word' id='word_1_289' title='bbox 1390 2441 1540 2500; x_wconf 73' lang='lat' dir='ltr'>factiosus</span> 
     </span>
     <span class='ocr_line' id='line_1_25' title="bbox 175 2527 1537 2613; baseline -0.001 -25"><span class='ocrx_word' id='word_1_290' title='bbox 175 2529 214 2589; x_wconf 89' lang='lat' dir='ltr'>eb</span> <span class='ocrx_word' id='word_1_291' title='bbox 238 2527 278 2589; x_wconf 90' lang='lat' dir='ltr'>id.</span> <span class='ocrx_word' id='word_1_292' title='bbox 327 2529 419 2590; x_wconf 83' lang='lat' dir='ltr'>Tales</span> <span class='ocrx_word' id='word_1_293' title='bbox 450 2540 520 2592; x_wconf 93' lang='lat' dir='ltr'>suut</span> <span class='ocrx_word' id='word_1_294' title='bbox 547 2532 720 2613; x_wconf 89' lang='lat' dir='ltr'>plemmque</span> <span class='ocrx_word' id='word_1_295' title='bbox 753 2534 983 2596; x_wconf 83' lang='lat' dir='ltr'>bombardorum</span> <span class='ocrx_word' id='word_1_296' title='bbox 1014 2531 1151 2593; x_wconf 86' lang='lat' dir='ltr'>studiosi.</span> <span class='ocrx_word' id='word_1_297' title='bbox 1200 2530 1261 2592; x_wconf 91' lang='lat' dir='ltr'>Sed</span> <span class='ocrx_word' id='word_1_298' title='bbox 1284 2531 1460 2590; x_wconf 77' lang='lat' dir='ltr'>victurusue</span> <span class='ocrx_word' id='word_1_299' title='bbox 1484 2527 1537 2599; x_wconf 90' lang='lat' dir='ltr'>sit,</span> 
     </span>
     <span class='ocr_line' id='line_1_26' title="bbox 178 2615 1536 2701; baseline -0.003 -23"><span class='ocrx_word' id='word_1_300' title='bbox 178 2616 294 2690; x_wconf 80' lang='lat' dir='ltr'>dubito,</span> <span class='ocrx_word' id='word_1_301' title='bbox 318 2625 442 2696; x_wconf 86' lang='lat' dir='ltr'>propter</span> <span class='ocrx_word' id='word_1_302' title='bbox 465 2619 495 2680; x_wconf 89' lang='lat' dir='ltr'>id</span> <span class='ocrx_word' id='word_1_303' title='bbox 520 2621 625 2700; x_wconf 86' lang='lat' dir='ltr'>ipsum.</span> <span class='ocrx_word' id='word_1_304' title='bbox 671 2622 704 2683; x_wconf 84' lang='lat' dir='ltr'>Si</span> <span class='ocrx_word' id='word_1_305' title='bbox 729 2630 829 2683; x_wconf 89' lang='lat' dir='ltr'>tamen</span> <span class='ocrx_word' id='word_1_306' title='bbox 855 2623 948 2695; x_wconf 87' lang='lat' dir='ltr'>vivat,</span> <span class='ocrx_word' id='word_1_307' title='bbox 974 2641 1099 2701; x_wconf 89' lang='lat' dir='ltr'>maguus</span> <span class='ocrx_word' id='word_1_308' title='bbox 1124 2620 1233 2680; x_wconf 85' lang='lat' dir='ltr'>evadet</span> <span class='ocrx_word' id='word_1_309' title='bbox 1257 2638 1339 2678; x_wconf 88' lang='lat' dir='ltr'>vere.</span> <span class='ocrx_word' id='word_1_310' title='bbox 1378 2615 1481 2676; x_wconf 83' lang='lat' dir='ltr'>Habet</span> <span class='ocrx_word' id='word_1_311' title='bbox 1504 2636 1536 2675; x_wconf 93' lang='lat' dir='ltr'>u.</span> 
     </span>
     <span class='ocr_line' id='line_1_27' title="bbox 175 2705 1538 2789; baseline -0.001 -23"><span class='ocrx_word' id='word_1_312' title='bbox 175 2705 358 2785; x_wconf 82' lang='lat' dir='ltr'>triangulum</span> <span class='ocrx_word' id='word_1_313' title='bbox 374 2705 518 2784; x_wconf 62' lang='grc' dir='ltr'><strong>ΒᾙΘζῖ,</strong></span> <span class='ocrx_word' id='word_1_314' title='bbox 543 2710 683 2788; x_wconf 90' lang='lat' dir='ltr'>quisunt</span> <span class='ocrx_word' id='word_1_315' title='bbox 706 2711 864 2773; x_wconf 78' lang='lat' dir='ltr'>fortissimi</span> <span class='ocrx_word' id='word_1_316' title='bbox 889 2718 1041 2789; x_wconf 87' lang='lat' dir='ltr'>aspectus.</span> <span class='ocrx_word' id='word_1_317' title='bbox 1090 2712 1195 2787; x_wconf 88' lang='lat' dir='ltr'>ltaque</span> <span class='ocrx_word' id='word_1_318' title='bbox 1220 2708 1297 2780; x_wconf 87' lang='lat' dir='ltr'>vide,</span> <span class='ocrx_word' id='word_1_319' title='bbox 1323 2705 1392 2784; x_wconf 90' lang='lat' dir='ltr'>quid</span> <span class='ocrx_word' id='word_1_320' title='bbox 1418 2706 1538 2765; x_wconf 82' lang='lat' dir='ltr'>futurus</span> 
     </span>
     <span class='ocr_line' id='line_1_28' title="bbox 174 2788 1537 2878; baseline -0.001 -22"><span class='ocrx_word' id='word_1_321' title='bbox 174 2794 342 2856; x_wconf 84' lang='lat' dir='ltr'>December</span> <span class='ocrx_word' id='word_1_322' title='bbox 365 2796 408 2856; x_wconf 87' lang='lat' dir='ltr'>ait</span> <span class='ocrx_word' id='word_1_323' title='bbox 431 2798 587 2867; x_wconf 88' lang='lat' dir='ltr'>allaturus,</span> <span class='ocrx_word' id='word_1_324' title='bbox 614 2818 680 2860; x_wconf 92' lang='lat' dir='ltr'>cum</span> <span class='ocrx_word' id='word_1_325' title='bbox 705 2810 774 2878; x_wconf 91' lang='lat' dir='ltr'>post</span> <span class='ocrx_word' id='word_1_326' title='bbox 799 2800 1050 2860; x_wconf 85' lang='lat' dir='ltr'>humectationem</span> <span class='ocrx_word' id='word_1_327' title='bbox 1074 2820 1093 2859; x_wconf 90' lang='lat' dir='ltr'>a</span> <span class='ocrx_word' id='word_1_328' title='bbox 1107 2798 1137 2872; x_wconf 60' lang='grc' dir='ltr'>Β,</span> <span class='ocrx_word' id='word_1_329' title='bbox 1160 2804 1336 2858; x_wconf 87' lang='lat' dir='ltr'>transeunte</span> <span class='ocrx_word' id='word_1_330' title='bbox 1360 2813 1414 2873; x_wconf 90' lang='lat' dir='ltr'>per</span> <span class='ocrx_word' id='word_1_331' title='bbox 1436 2791 1469 2865; x_wconf 80' lang='lat'>7,</span> <span class='ocrx_word' id='word_1_332' title='bbox 1494 2788 1537 2869; x_wconf 80' lang='grc' dir='ltr'>Θ</span> 
     </span>
     <span class='ocr_line' id='line_1_29' title="bbox 173 2880 1536 2960; baseline -0.001 -16"><span class='ocrx_word' id='word_1_333' title='bbox 173 2892 248 2954; x_wconf 77' lang='lat' dir='ltr'>etd</span> <span class='ocrx_word' id='word_1_334' title='bbox 273 2885 425 2946; x_wconf 81' lang='lat' dir='ltr'>ferventes</span> <span class='ocrx_word' id='word_1_335' title='bbox 439 2887 613 2948; x_wconf 86' lang='lat' dir='ltr'>succedunt.</span> <span class='ocrx_word' id='word_1_336' title='bbox 661 2887 695 2949; x_wconf 92' lang='lat' dir='ltr'>Si</span> <span class='ocrx_word' id='word_1_337' title='bbox 711 2889 836 2950; x_wconf 86' lang='lat' dir='ltr'>nebulae</span> <span class='ocrx_word' id='word_1_338' title='bbox 860 2899 956 2960; x_wconf 92' lang='lat' dir='ltr'>erunt,</span> <span class='ocrx_word' id='word_1_339' title='bbox 983 2896 1014 2947; x_wconf 94' lang='lat' dir='ltr'>ut</span> <span class='ocrx_word' id='word_1_340' title='bbox 1039 2888 1137 2960; x_wconf 92' lang='lat' dir='ltr'>credo,</span> <span class='ocrx_word' id='word_1_341' title='bbox 1162 2886 1213 2946; x_wconf 78' lang='lat' dir='ltr'>vix</span> <span class='ocrx_word' id='word_1_342' title='bbox 1236 2885 1335 2944; x_wconf 82' lang='lat' dir='ltr'>iulans</span> <span class='ocrx_word' id='word_1_343' title='bbox 1361 2883 1400 2944; x_wconf 90' lang='lat' dir='ltr'>ab</span> <span class='ocrx_word' id='word_1_344' title='bbox 1415 2880 1536 2960; x_wconf 85' lang='lat' dir='ltr'>epilep-</span> 
     </span>
     <span class='ocr_line' id='line_1_30' title="bbox 174 2971 1537 3056; baseline -0.002 -24"><span class='ocrx_word' id='word_1_345' title='bbox 174 2973 221 3033; x_wconf 84' lang='lat' dir='ltr'>sia</span> <span class='ocrx_word' id='word_1_346' title='bbox 254 2972 330 3033; x_wconf 87' lang='lat' dir='ltr'>liber</span> <span class='ocrx_word' id='word_1_347' title='bbox 363 2974 439 3046; x_wconf 89' lang='lat' dir='ltr'>erit;</span> <span class='ocrx_word' id='word_1_348' title='bbox 482 2983 552 3035; x_wconf 90' lang='lat' dir='ltr'>sunt</span> <span class='ocrx_word' id='word_1_349' title='bbox 579 2996 609 3035; x_wconf 88' lang='lat' dir='ltr'>n.</span> <span class='ocrx_word' id='word_1_350' title='bbox 640 2976 713 3037; x_wconf 86' lang='lat' dir='ltr'>baec</span> <span class='ocrx_word' id='word_1_351' title='bbox 743 2979 882 3056; x_wconf 82' lang='lat' dir='ltr'>analoga.</span> <span class='ocrx_word' id='word_1_352' title='bbox 930 2976 1010 3037; x_wconf 89' lang='lat' dir='ltr'>Sane</span> <span class='ocrx_word' id='word_1_353' title='bbox 1044 2976 1129 3036; x_wconf 86' lang='lat' dir='ltr'>Jovis</span> <span class='ocrx_word' id='word_1_354' title='bbox 1158 2974 1235 3035; x_wconf 88' lang='lat' dir='ltr'>situs</span> <span class='ocrx_word' id='word_1_355' title='bbox 1268 2991 1325 3032; x_wconf 91' lang='lat' dir='ltr'>non</span> <span class='ocrx_word' id='word_1_356' title='bbox 1356 2971 1537 3042; x_wconf 87' lang='lat' dir='ltr'>bonusest,</span> 
     </span>
     <span class='ocr_line' id='line_1_31' title="bbox 175 3058 1537 3142; baseline -0.001 -21"><span class='ocrx_word' id='word_1_357' title='bbox 175 3079 232 3122; x_wconf 89' lang='lat' dir='ltr'>nou</span> <span class='ocrx_word' id='word_1_358' title='bbox 257 3060 375 3140; x_wconf 90' lang='lat' dir='ltr'>quidem</span> <span class='ocrx_word' id='word_1_359' title='bbox 398 3067 567 3142; x_wconf 88' lang='lat' dir='ltr'>propterIl</span> <span class='ocrx_word' id='word_1_360' title='bbox 591 3072 719 3142; x_wconf 90' lang='lat' dir='ltr'>tangens</span> <span class='ocrx_word' id='word_1_361' title='bbox 748 3085 832 3126; x_wconf 88' lang='lat' dir='ltr'>sumn</span> <span class='ocrx_word' id='word_1_362' title='bbox 857 3084 976 3126; x_wconf 89' lang='lat' dir='ltr'>casum:</span> <span class='ocrx_word' id='word_1_363' title='bbox 1011 3083 1079 3124; x_wconf 90' lang='lat' dir='ltr'>uam</span> <span class='ocrx_word' id='word_1_364' title='bbox 1109 3063 1241 3123; x_wconf 84' lang='lat' dir='ltr'>illustres</span> <span class='ocrx_word' id='word_1_365' title='bbox 1267 3079 1332 3121; x_wconf 91' lang='lat' dir='ltr'>cum</span> <span class='ocrx_word' id='word_1_366' title='bbox 1360 3059 1428 3137; x_wconf 84' lang='lat' dir='ltr'>ipso</span> <span class='ocrx_word' id='word_1_367' title='bbox 1457 3058 1537 3119; x_wconf 80' lang='lat' dir='ltr'>lixae</span> 
     </span>
     <span class='ocr_line' id='line_1_32' title="bbox 174 3145 1537 3231; baseline -0.003 -23"><span class='ocrx_word' id='word_1_368' title='bbox 174 3156 258 3223; x_wconf 86' lang='lat' dir='ltr'>sunt,</span> <span class='ocrx_word' id='word_1_369' title='bbox 289 3148 367 3210; x_wconf 91' lang='lat' dir='ltr'>uude</span> <span class='ocrx_word' id='word_1_370' title='bbox 392 3162 513 3230; x_wconf 87' lang='lat' dir='ltr'>propter</span> <span class='ocrx_word' id='word_1_371' title='bbox 537 3152 593 3213; x_wconf 86' lang='lat' dir='ltr'>hoc</span> <span class='ocrx_word' id='word_1_372' title='bbox 617 3161 724 3231; x_wconf 91' lang='lat' dir='ltr'>potens</span> <span class='ocrx_word' id='word_1_373' title='bbox 748 3162 813 3226; x_wconf 89' lang='lat' dir='ltr'>est;</span> <span class='ocrx_word' id='word_1_374' title='bbox 846 3153 900 3214; x_wconf 92' lang='lat' dir='ltr'>sed</span> <span class='ocrx_word' id='word_1_375' title='bbox 924 3161 1104 3231; x_wconf 90' lang='lat' dir='ltr'>propterea,</span> <span class='ocrx_word' id='word_1_376' title='bbox 1130 3151 1200 3228; x_wconf 90' lang='lat' dir='ltr'>quia</span> <span class='ocrx_word' id='word_1_377' title='bbox 1222 3149 1336 3210; x_wconf 87' lang='lat' dir='ltr'>decidit</span> <span class='ocrx_word' id='word_1_378' title='bbox 1359 3147 1398 3207; x_wconf 89' lang='lat' dir='ltr'>ab</span> <span class='ocrx_word' id='word_1_379' title='bbox 1422 3145 1537 3224; x_wconf 88' lang='lat' dir='ltr'>angulo</span> 
     </span>
    </p>
   </div>
   <div class='ocr_carea' id='block_1_5' title="bbox 60 3234 1537 3405">
    <p class='ocr_par' dir='ltr' id='par_1_5' title="bbox 60 3234 1537 3405">
     <span class='ocr_line' id='line_1_33' title="bbox 62 3234 1537 3320; baseline -0.005 -20"><span class='ocrx_word' id='word_1_380' title='bbox 62 3293 67 3300; x_wconf 91' lang='lat'>.</span> <span class='ocrx_word' id='word_1_381' title='bbox 173 3246 206 3298; x_wconf 81' lang='lat' dir='ltr'>at</span> <span class='ocrx_word' id='word_1_382' title='bbox 227 3236 404 3317; x_wconf 87' lang='lat' dir='ltr'>opprimitur</span> <span class='ocrx_word' id='word_1_383' title='bbox 427 3260 444 3299; x_wconf 89' lang='lat' dir='ltr'>a</span> <span class='ocrx_word' id='word_1_384' title='bbox 468 3236 489 3316; x_wconf 73' lang='lat' dir='ltr'>li</span> <span class='ocrx_word' id='word_1_385' title='bbox 513 3241 575 3301; x_wconf 89' lang='lat' dir='ltr'>alto</span> <span class='ocrx_word' id='word_1_386' title='bbox 603 3241 753 3320; x_wconf 89' lang='lat' dir='ltr'>triangulo</span> <span class='ocrx_word' id='word_1_387' title='bbox 783 3242 883 3314; x_wconf 82' lang='lat' dir='ltr'>brevi,</span> <span class='ocrx_word' id='word_1_388' title='bbox 917 3241 994 3320; x_wconf 84' lang='lat' dir='ltr'>qnod</span> <span class='ocrx_word' id='word_1_389' title='bbox 1023 3239 1205 3318; x_wconf 88' lang='lat' dir='ltr'>aequipollet</span> <span class='ocrx_word' id='word_1_390' title='bbox 1241 3237 1400 3316; x_wconf 85' lang='lat' dir='ltr'>quadrato.</span> <span class='ocrx_word' id='word_1_391' title='bbox 1449 3234 1537 3294; x_wconf 83' lang='lat' dir='ltr'>llaec</span> 
     </span>
     <span class='ocr_line' id='line_1_34' title="bbox 60 3322 1536 3405; baseline -0.003 -19"><span class='ocrx_word' id='word_1_392' title='bbox 60 3385 64 3393; x_wconf 86' lang='grc'>,</span> <span class='ocrx_word' id='word_1_393' title='bbox 174 3332 207 3386; x_wconf 87' lang='lat' dir='ltr'>et</span> <span class='ocrx_word' id='word_1_394' title='bbox 229 3325 397 3405; x_wconf 88' lang='lat' dir='ltr'>hujusmodi</span> <span class='ocrx_word' id='word_1_395' title='bbox 424 3328 501 3389; x_wconf 88' lang='lat' dir='ltr'>bona</span> <span class='ocrx_word' id='word_1_396' title='bbox 524 3337 555 3389; x_wconf 90' lang='lat' dir='ltr'>et</span> <span class='ocrx_word' id='word_1_397' title='bbox 571 3331 699 3391; x_wconf 89' lang='lat' dir='ltr'>naturali</span> <span class='ocrx_word' id='word_1_398' title='bbox 724 3332 841 3392; x_wconf 91' lang='lat' dir='ltr'>ratione</span> <span class='ocrx_word' id='word_1_399' title='bbox 857 3331 1002 3402; x_wconf 89' lang='lat' dir='ltr'>dicuntur,</span> <span class='ocrx_word' id='word_1_400' title='bbox 1028 3328 1086 3389; x_wconf 91' lang='lat' dir='ltr'>etsi</span> <span class='ocrx_word' id='word_1_401' title='bbox 1110 3345 1167 3386; x_wconf 92' lang='lat' dir='ltr'>non</span> <span class='ocrx_word' id='word_1_402' title='bbox 1192 3325 1221 3385; x_wconf 90' lang='lat' dir='ltr'>iu</span> <span class='ocrx_word' id='word_1_403' title='bbox 1246 3325 1346 3404; x_wconf 88' lang='lat' dir='ltr'>specie</span> <span class='ocrx_word' id='word_1_404' title='bbox 1371 3322 1536 3402; x_wconf 87' lang='lat' dir='ltr'>quidquam</span> 
     </span>
    </p>
   </div>
   <div class='ocr_carea' id='block_1_6' title="bbox 138 3410 1536 4825">
    <p class='ocr_par' dir='ltr' id='par_1_6' title="bbox 138 3410 1536 4825">
     <span class='ocr_line' id='line_1_35' title="bbox 175 3410 1536 3495; baseline -0.002 -21"><span class='ocrx_word' id='word_1_405' title='bbox 175 3413 294 3475; x_wconf 89' lang='lat' dir='ltr'>dicitur.</span> <span class='ocrx_word' id='word_1_406' title='bbox 342 3414 435 3476; x_wconf 85' lang='lat' dir='ltr'>Aliud</span> <span class='ocrx_word' id='word_1_407' title='bbox 459 3416 626 3495; x_wconf 81' lang='lat' dir='ltr'>exemplum</span> <span class='ocrx_word' id='word_1_408' title='bbox 650 3420 824 3481; x_wconf 84' lang='lat' dir='ltr'>meililioli.</span> <span class='ocrx_word' id='word_1_409' title='bbox 872 3420 930 3479; x_wconf 85' lang='lat' dir='ltr'>Eat</span> <span class='ocrx_word' id='word_1_410' title='bbox 963 3419 990 3477; x_wconf 91' lang='lat' dir='ltr'>in</span> <span class='ocrx_word' id='word_1_411' title='bbox 1020 3437 1087 3477; x_wconf 87' lang='lat' dir='ltr'>mea</span> <span class='ocrx_word' id='word_1_412' title='bbox 1117 3427 1149 3475; x_wconf 94' lang='lat' dir='ltr'>et</span> <span class='ocrx_word' id='word_1_413' title='bbox 1171 3415 1264 3492; x_wconf 84' lang='lat' dir='ltr'>ipsius</span> <span class='ocrx_word' id='word_1_414' title='bbox 1289 3413 1450 3473; x_wconf 79' lang='lat' dir='ltr'>nativitate</span> <span class='ocrx_word' id='word_1_415' title='bbox 1476 3410 1536 3472; x_wconf 87' lang='lat' dir='ltr'>tri·</span> 
     </span>
     <span class='ocr_line' id='line_1_36' title="bbox 174 3498 1536 3587; baseline -0.003 -24"><span class='ocrx_word' id='word_1_416' title='bbox 174 3503 302 3582; x_wconf 81' lang='lat' dir='ltr'>angulus</span> <span class='ocrx_word' id='word_1_417' title='bbox 324 3503 412 3564; x_wconf 84' lang='lat' dir='ltr'>Jovis</span> <span class='ocrx_word' id='word_1_418' title='bbox 435 3514 467 3566; x_wconf 89' lang='lat' dir='ltr'>et</span> <span class='ocrx_word' id='word_1_419' title='bbox 490 3503 622 3580; x_wconf 90' lang='lat' dir='ltr'>Saturni,</span> <span class='ocrx_word' id='word_1_420' title='bbox 646 3507 723 3569; x_wconf 84' lang='lat' dir='ltr'>Jove</span> <span class='ocrx_word' id='word_1_421' title='bbox 747 3507 964 3587; x_wconf 87' lang='lat' dir='ltr'>posterioribus</span> <span class='ocrx_word' id='word_1_422' title='bbox 987 3506 1015 3566; x_wconf 90' lang='lat' dir='ltr'>in</span> <span class='ocrx_word' id='word_1_423' title='bbox 1032 3504 1185 3584; x_wconf 88' lang='lat' dir='ltr'>gradibus.</span> <span class='ocrx_word' id='word_1_424' title='bbox 1234 3501 1290 3563; x_wconf 90' lang='lat' dir='ltr'>Ubi</span> <span class='ocrx_word' id='word_1_425' title='bbox 1316 3501 1386 3561; x_wconf 88' lang='lat' dir='ltr'>mibi</span> <span class='ocrx_word' id='word_1_426' title='bbox 1401 3521 1465 3561; x_wconf 89' lang='lat' dir='ltr'>asc.</span> <span class='ocrx_word' id='word_1_427' title='bbox 1492 3498 1536 3560; x_wconf 89' lang='lat' dir='ltr'>illi</span> 
     </span>
     <span class='ocr_line' id='line_1_37' title="bbox 174 3585 1535 3675; baseline -0.004 -22"><span class='ocrx_word' id='word_1_428' title='bbox 174 3591 269 3664; x_wconf 84' lang='lat' dir='ltr'>Mars,</span> <span class='ocrx_word' id='word_1_429' title='bbox 295 3592 343 3653; x_wconf 93' lang='lat' dir='ltr'>ubi</span> <span class='ocrx_word' id='word_1_430' title='bbox 368 3593 438 3654; x_wconf 91' lang='lat' dir='ltr'>mibi</span> <span class='ocrx_word' id='word_1_431' title='bbox 462 3594 558 3662; x_wconf 85' lang='lat' dir='ltr'>Luna,</span> <span class='ocrx_word' id='word_1_432' title='bbox 589 3595 631 3655; x_wconf 89' lang='lat' dir='ltr'>illi</span> <span class='ocrx_word' id='word_1_433' title='bbox 656 3595 789 3675; x_wconf 88' lang='lat' dir='ltr'>Jupiter,</span> <span class='ocrx_word' id='word_1_434' title='bbox 815 3596 864 3656; x_wconf 93' lang='lat' dir='ltr'>ubi</span> <span class='ocrx_word' id='word_1_435' title='bbox 889 3595 959 3657; x_wconf 93' lang='lat' dir='ltr'>mihi</span> <span class='ocrx_word' id='word_1_436' title='bbox 984 3595 1082 3666; x_wconf 88' lang='lat' dir='ltr'>Mara,</span> <span class='ocrx_word' id='word_1_437' title='bbox 1116 3592 1158 3653; x_wconf 93' lang='lat' dir='ltr'>illi</span> <span class='ocrx_word' id='word_1_438' title='bbox 1183 3587 1218 3666; x_wconf 56' lang='grc' dir='ltr'>[κ</span> <span class='ocrx_word' id='word_1_439' title='bbox 1256 3590 1306 3651; x_wconf 93' lang='lat' dir='ltr'>ubi</span> <span class='ocrx_word' id='word_1_440' title='bbox 1330 3590 1403 3649; x_wconf 89' lang='lat' dir='ltr'>mibi</span> <span class='ocrx_word' id='word_1_441' title='bbox 1426 3589 1470 3650; x_wconf 80' lang='grc' dir='ltr'>Μ.</span> <span class='ocrx_word' id='word_1_442' title='bbox 1496 3585 1535 3650; x_wconf 81' lang='grc'>0.</span> 
     </span>
     <span class='ocr_line' id='line_1_38' title="bbox 173 3676 1533 3763; baseline -0.002 -23"><span class='ocrx_word' id='word_1_443' title='bbox 173 3680 231 3761; x_wconf 91' lang='lat' dir='ltr'>ipsi</span> <span class='ocrx_word' id='word_1_444' title='bbox 256 3683 285 3758; x_wconf 68' lang='lat' dir='ltr'>ti.</span> <span class='ocrx_word' id='word_1_445' title='bbox 308 3728 313 3735; x_wconf 69' lang='grc'><em>,</em></span> <span class='ocrx_word' id='word_1_446' title='bbox 333 3680 400 3760; x_wconf 82' lang='lat' dir='ltr'>Ego</span> <span class='ocrx_word' id='word_1_447' title='bbox 425 3681 520 3743; x_wconf 89' lang='lat' dir='ltr'>babeo</span> <span class='ocrx_word' id='word_1_448' title='bbox 544 3676 647 3753; x_wconf 61' lang='lat' dir='ltr'>[Jdd</span> <span class='ocrx_word' id='word_1_449' title='bbox 672 3687 732 3745; x_wconf 84' lang='lat' dir='ltr'>iere</span> <span class='ocrx_word' id='word_1_450' title='bbox 757 3686 913 3763; x_wconf 90' lang='lat' dir='ltr'>partilem,</span> <span class='ocrx_word' id='word_1_451' title='bbox 952 3684 1002 3743; x_wconf 89' lang='lat' dir='ltr'>ille</span> <span class='ocrx_word' id='word_1_452' title='bbox 1036 3682 1128 3743; x_wconf 89' lang='lat' dir='ltr'>babet</span> <span class='ocrx_word' id='word_1_453' title='bbox 1156 3683 1259 3748; x_wconf 61' lang='lat' dir='ltr'>Mb</span> <span class='ocrx_word' id='word_1_454' title='bbox 1289 3680 1349 3739; x_wconf 86' lang='lat' dir='ltr'>l&#39;ere</span> <span class='ocrx_word' id='word_1_455' title='bbox 1379 3677 1533 3755; x_wconf 87' lang='lat' dir='ltr'>partilem.</span> 
     </span>
     <span class='ocr_line' id='line_1_39' title="bbox 138 3766 1535 3852; baseline -0.001 -23"><span class='ocrx_word' id='word_1_456' title='bbox 138 3836 140 3845; x_wconf 31' lang='lat'>¹</span> <span class='ocrx_word' id='word_1_457' title='bbox 172 3768 267 3830; x_wconf 87' lang='lat' dir='ltr'>Plura</span> <span class='ocrx_word' id='word_1_458' title='bbox 290 3768 398 3849; x_wconf 87' lang='lat' dir='ltr'>requiri</span> <span class='ocrx_word' id='word_1_459' title='bbox 431 3782 558 3848; x_wconf 88' lang='lat' dir='ltr'>possunt</span> <span class='ocrx_word' id='word_1_460' title='bbox 586 3773 764 3850; x_wconf 79' lang='lat' dir='ltr'>hujusmodi.</span> <span class='ocrx_word' id='word_1_461' title='bbox 813 3775 918 3852; x_wconf 87' lang='lat' dir='ltr'>ltaque</span> <span class='ocrx_word' id='word_1_462' title='bbox 943 3774 1029 3833; x_wconf 90' lang='lat' dir='ltr'>Luna</span> <span class='ocrx_word' id='word_1_463' title='bbox 1059 3772 1086 3831; x_wconf 91' lang='lat' dir='ltr'>in</span> <span class='ocrx_word' id='word_1_464' title='bbox 1121 3770 1267 3847; x_wconf 84' lang='lat' dir='ltr'>quadrato</span> <span class='ocrx_word' id='word_1_465' title='bbox 1291 3766 1427 3837; x_wconf 76' lang='lat' dir='ltr'>Saturni,</span> <span class='ocrx_word' id='word_1_466' title='bbox 1463 3778 1535 3846; x_wconf 85' lang='lat' dir='ltr'>post</span> 
     </span>
     <span class='ocr_line' id='line_1_40' title="bbox 174 3851 1534 3933; baseline -0.003 -15"><span class='ocrx_word' id='word_1_467' title='bbox 174 3861 251 3930; x_wconf 75' lang='lat'>86,</span> <span class='ocrx_word' id='word_1_468' title='bbox 278 3858 382 3919; x_wconf 89' lang='lat' dir='ltr'>Venus</span> <span class='ocrx_word' id='word_1_469' title='bbox 406 3859 483 3921; x_wconf 89' lang='lat' dir='ltr'>inter</span> <span class='ocrx_word' id='word_1_470' title='bbox 506 3851 576 3929; x_wconf 73' lang='lat' dir='ltr'>[ld</span> <span class='ocrx_word' id='word_1_471' title='bbox 600 3870 631 3922; x_wconf 90' lang='lat' dir='ltr'>et</span> <span class='ocrx_word' id='word_1_472' title='bbox 656 3858 729 3933; x_wconf 62' lang='grc' dir='ltr'>θῇ,</span> <span class='ocrx_word' id='word_1_473' title='bbox 752 3862 920 3922; x_wconf 87' lang='lat' dir='ltr'>Mercurius</span> <span class='ocrx_word' id='word_1_474' title='bbox 945 3861 972 3921; x_wconf 92' lang='lat' dir='ltr'>in</span> <span class='ocrx_word' id='word_1_475' title='bbox 1000 3861 1079 3921; x_wconf 91' lang='lat' dir='ltr'>trino</span> <span class='ocrx_word' id='word_1_476' title='bbox 1104 3867 1129 3927; x_wconf 74' lang='lat' dir='ltr'>d</span> <span class='ocrx_word' id='word_1_477' title='bbox 1153 3856 1300 3917; x_wconf 89' lang='lat' dir='ltr'>hominem</span> <span class='ocrx_word' id='word_1_478' title='bbox 1316 3853 1534 3929; x_wconf 82' lang='lat' dir='ltr'>durumsigui·</span> 
     </span>
     <span class='ocr_line' id='line_1_41' title="bbox 172 3944 1533 4027; baseline -0.003 -22"><span class='ocrx_word' id='word_1_479' title='bbox 172 3946 284 4018; x_wconf 83' lang='lat' dir='ltr'>ficunt,</span> <span class='ocrx_word' id='word_1_480' title='bbox 308 3966 374 4007; x_wconf 90' lang='lat' dir='ltr'>cum</span> <span class='ocrx_word' id='word_1_481' title='bbox 399 3948 448 4025; x_wconf 88' lang='lat' dir='ltr'>qui</span> <span class='ocrx_word' id='word_1_482' title='bbox 473 3951 599 4010; x_wconf 86' lang='lat' dir='ltr'>affectus</span> <span class='ocrx_word' id='word_1_483' title='bbox 624 3950 770 4011; x_wconf 88' lang='lat' dir='ltr'>denotant</span> <span class='ocrx_word' id='word_1_484' title='bbox 791 3951 932 4027; x_wconf 89' lang='lat' dir='ltr'>planetae</span> <span class='ocrx_word' id='word_1_485' title='bbox 957 3967 1061 4009; x_wconf 91' lang='lat' dir='ltr'>omnes</span> <span class='ocrx_word' id='word_1_486' title='bbox 1087 3948 1147 4006; x_wconf 85' lang='lat' dir='ltr'>sint</span> <span class='ocrx_word' id='word_1_487' title='bbox 1171 3947 1199 4005; x_wconf 93' lang='lat' dir='ltr'>in</span> <span class='ocrx_word' id='word_1_488' title='bbox 1225 3954 1349 4021; x_wconf 88' lang='lat' dir='ltr'>aspectu</span> <span class='ocrx_word' id='word_1_489' title='bbox 1374 3944 1533 4004; x_wconf 88' lang='lat' dir='ltr'>malcrum.</span> 
     </span>
     <span class='ocr_line' id='line_1_42' title="bbox 172 4033 1535 4115; baseline -0.001 -21"><span class='ocrx_word' id='word_1_490' title='bbox 172 4033 278 4095; x_wconf 79' lang='lat' dir='ltr'>Metuo</span> <span class='ocrx_word' id='word_1_491' title='bbox 302 4033 394 4094; x_wconf 85' lang='lat' dir='ltr'>etiam</span> <span class='ocrx_word' id='word_1_492' title='bbox 418 4036 513 4114; x_wconf 91' lang='lat' dir='ltr'>ipsius</span> <span class='ocrx_word' id='word_1_493' title='bbox 537 4038 630 4098; x_wconf 86' lang='lat' dir='ltr'>oculis</span> <span class='ocrx_word' id='word_1_494' title='bbox 656 4037 694 4098; x_wconf 92' lang='lat' dir='ltr'>ob</span> <span class='ocrx_word' id='word_1_495' title='bbox 721 4042 759 4111; x_wconf 92' lang='lat'>),</span> <span class='ocrx_word' id='word_1_496' title='bbox 796 4046 896 4098; x_wconf 89' lang='lat' dir='ltr'>metuo</span> <span class='ocrx_word' id='word_1_497' title='bbox 920 4059 938 4096; x_wconf 91' lang='lat' dir='ltr'>a</span> <span class='ocrx_word' id='word_1_498' title='bbox 961 4035 1178 4115; x_wconf 86' lang='lat' dir='ltr'>praecipitibus</span> <span class='ocrx_word' id='word_1_499' title='bbox 1202 4033 1322 4093; x_wconf 85' lang='lat' dir='ltr'>casibus</span> <span class='ocrx_word' id='word_1_500' title='bbox 1347 4033 1385 4090; x_wconf 89' lang='lat' dir='ltr'>ob</span> <span class='ocrx_word' id='word_1_501' title='bbox 1410 4039 1535 4093; x_wconf 83' lang='lat' dir='ltr'>stantes</span> 
     </span>
     <span class='ocr_line' id='line_1_43' title="bbox 172 4124 1534 4205; baseline -0.002 -21"><span class='ocrx_word' id='word_1_502' title='bbox 172 4131 237 4184; x_wconf 82' lang='lat' dir='ltr'>tres</span> <span class='ocrx_word' id='word_1_503' title='bbox 259 4124 409 4203; x_wconf 84' lang='lat' dir='ltr'>planetas.</span> <span class='ocrx_word' id='word_1_504' title='bbox 457 4124 498 4186; x_wconf 83' lang='lat' dir='ltr'>Et</span> <span class='ocrx_word' id='word_1_505' title='bbox 522 4126 591 4205; x_wconf 89' lang='lat' dir='ltr'>qnia</span> <span class='ocrx_word' id='word_1_506' title='bbox 615 4127 720 4186; x_wconf 89' lang='lat' dir='ltr'>Venus</span> <span class='ocrx_word' id='word_1_507' title='bbox 745 4135 775 4187; x_wconf 89' lang='lat' dir='ltr'>et</span> <span class='ocrx_word' id='word_1_508' title='bbox 802 4127 997 4198; x_wconf 89' lang='lat' dir='ltr'>)lab0rant,</span> <span class='ocrx_word' id='word_1_509' title='bbox 1033 4125 1099 4184; x_wconf 91' lang='lat' dir='ltr'>ideo</span> <span class='ocrx_word' id='word_1_510' title='bbox 1131 4133 1220 4182; x_wconf 91' lang='lat' dir='ltr'>natus</span> <span class='ocrx_word' id='word_1_511' title='bbox 1252 4133 1299 4181; x_wconf 88' lang='lat' dir='ltr'>est</span> <span class='ocrx_word' id='word_1_512' title='bbox 1330 4130 1534 4182; x_wconf 83' lang='lat' dir='ltr'>monstrosus.</span> 
     </span>
     <span class='ocr_line' id='line_1_44' title="bbox 172 4209 1534 4293; baseline -0.003 -19"><span class='ocrx_word' id='word_1_513' title='bbox 172 4211 341 4274; x_wconf 73' lang='lat' dir='ltr'>Membrum</span> <span class='ocrx_word' id='word_1_514' title='bbox 364 4231 391 4273; x_wconf 92' lang='lat' dir='ltr'>n.</span> <span class='ocrx_word' id='word_1_515' title='bbox 418 4213 511 4287; x_wconf 89' lang='lat' dir='ltr'>virile,</span> <span class='ocrx_word' id='word_1_516' title='bbox 538 4236 556 4273; x_wconf 90' lang='lat' dir='ltr'>a</span> <span class='ocrx_word' id='word_1_517' title='bbox 581 4213 605 4285; x_wconf 73' lang='lat' dir='ltr'>Q</span> <span class='ocrx_word' id='word_1_518' title='bbox 631 4224 662 4275; x_wconf 90' lang='lat' dir='ltr'>et</span> <span class='ocrx_word' id='word_1_519' title='bbox 686 4217 709 4286; x_wconf 92' lang='lat'><strong>)</strong></span> <span class='ocrx_word' id='word_1_520' title='bbox 734 4215 949 4293; x_wconf 76' lang='lat' dir='ltr'>significatum,</span> <span class='ocrx_word' id='word_1_521' title='bbox 974 4224 1022 4274; x_wconf 88' lang='lat' dir='ltr'>est</span> <span class='ocrx_word' id='word_1_522' title='bbox 1045 4213 1142 4271; x_wconf 79' lang='lat' dir='ltr'>instar</span> <span class='ocrx_word' id='word_1_523' title='bbox 1163 4209 1272 4271; x_wconf 85' lang='lat' dir='ltr'>Judaei</span> <span class='ocrx_word' id='word_1_524' title='bbox 1298 4218 1455 4283; x_wconf 89' lang='lat' dir='ltr'>retectum,</span> <span class='ocrx_word' id='word_1_525' title='bbox 1481 4229 1534 4270; x_wconf 87' lang='lat' dir='ltr'>re·</span> 
     </span>
     <span class='ocr_line' id='line_1_45' title="bbox 173 4297 1532 4381; baseline -0.003 -18"><span class='ocrx_word' id='word_1_526' title='bbox 173 4310 304 4377; x_wconf 89' lang='lat' dir='ltr'>tortum,</span> <span class='ocrx_word' id='word_1_527' title='bbox 328 4311 360 4363; x_wconf 94' lang='lat' dir='ltr'>et</span> <span class='ocrx_word' id='word_1_528' title='bbox 384 4301 460 4362; x_wconf 81' lang='lat' dir='ltr'>inira</span> <span class='ocrx_word' id='word_1_529' title='bbox 486 4311 629 4381; x_wconf 87' lang='lat' dir='ltr'>agnatum</span> <span class='ocrx_word' id='word_1_530' title='bbox 653 4312 773 4375; x_wconf 90' lang='lat' dir='ltr'>scroto,</span> <span class='ocrx_word' id='word_1_531' title='bbox 799 4312 915 4364; x_wconf 89' lang='lat' dir='ltr'>meatus</span> <span class='ocrx_word' id='word_1_532' title='bbox 940 4304 1041 4364; x_wconf 87' lang='lat' dir='ltr'>urinae</span> <span class='ocrx_word' id='word_1_533' title='bbox 1067 4301 1161 4374; x_wconf 85' lang='lat' dir='ltr'>elius,</span> <span class='ocrx_word' id='word_1_534' title='bbox 1187 4317 1274 4378; x_wconf 89' lang='lat' dir='ltr'>quarn</span> <span class='ocrx_word' id='word_1_535' title='bbox 1298 4300 1410 4359; x_wconf 87' lang='lat' dir='ltr'>ceteris</span> <span class='ocrx_word' id='word_1_536' title='bbox 1433 4297 1532 4360; x_wconf 88' lang='lat' dir='ltr'>bomi-</span> 
     </span>
     <span class='ocr_line' id='line_1_46' title="bbox 172 4387 1532 4470; baseline -0.002 -18"><span class='ocrx_word' id='word_1_537' title='bbox 172 4391 270 4452; x_wconf 88' lang='lat' dir='ltr'>nibus.</span> <span class='ocrx_word' id='word_1_538' title='bbox 319 4391 428 4452; x_wconf 84' lang='lat' dir='ltr'>Totum</span> <span class='ocrx_word' id='word_1_539' title='bbox 451 4391 652 4470; x_wconf 88' lang='lat' dir='ltr'>compositum</span> <span class='ocrx_word' id='word_1_540' title='bbox 685 4393 776 4452; x_wconf 86' lang='lat' dir='ltr'>babet</span> <span class='ocrx_word' id='word_1_541' title='bbox 810 4393 935 4453; x_wconf 84' lang='lat' dir='ltr'>sormam</span> <span class='ocrx_word' id='word_1_542' title='bbox 969 4390 1131 4452; x_wconf 85' lang='lat' dir='ltr'>testudinis</span> <span class='ocrx_word' id='word_1_543' title='bbox 1154 4397 1258 4449; x_wconf 88' lang='lat' dir='ltr'>coetae</span> <span class='ocrx_word' id='word_1_544' title='bbox 1286 4387 1314 4448; x_wconf 92' lang='lat' dir='ltr'>in</span> <span class='ocrx_word' id='word_1_545' title='bbox 1340 4388 1532 4458; x_wconf 82' lang='lat' dir='ltr'>domuncula,</span> 
     </span>
     <span class='ocr_line' id='line_1_47' title="bbox 171 4476 1536 4559; baseline -0.003 -17"><span class='ocrx_word' id='word_1_546' title='bbox 171 4497 249 4559; x_wconf 83' lang='lat' dir='ltr'>quae</span> <span class='ocrx_word' id='word_1_547' title='bbox 274 4492 344 4540; x_wconf 84' lang='lat' dir='ltr'>aunt</span> <span class='ocrx_word' id='word_1_548' title='bbox 367 4478 469 4540; x_wconf 82' lang='lat' dir='ltr'>uxoria</span> <span class='ocrx_word' id='word_1_549' title='bbox 494 4498 578 4540; x_wconf 86' lang='lat' dir='ltr'>meae</span> <span class='ocrx_word' id='word_1_550' title='bbox 604 4479 741 4541; x_wconf 89' lang='lat' dir='ltr'>deliciae.</span> <span class='ocrx_word' id='word_1_551' title='bbox 789 4480 850 4542; x_wconf 91' lang='lat' dir='ltr'>Sed</span> <span class='ocrx_word' id='word_1_552' title='bbox 874 4482 962 4558; x_wconf 87' lang='lat' dir='ltr'>plura</span> <span class='ocrx_word' id='word_1_553' title='bbox 989 4478 1046 4558; x_wconf 91' lang='lat' dir='ltr'>ipsi</span> <span class='ocrx_word' id='word_1_554' title='bbox 1069 4477 1257 4538; x_wconf 91' lang='lat' dir='ltr'>incommoda</span> <span class='ocrx_word' id='word_1_555' title='bbox 1284 4476 1365 4537; x_wconf 89' lang='lat' dir='ltr'>circa</span> <span class='ocrx_word' id='word_1_556' title='bbox 1388 4477 1443 4537; x_wconf 82' lang='lat' dir='ltr'>illa</span> <span class='ocrx_word' id='word_1_557' title='bbox 1466 4479 1536 4539; x_wconf 80' lang='lat' dir='ltr'>loca</span> 
     </span>
     <span class='ocr_line' id='line_1_48' title="bbox 172 4559 1534 4647; baseline 0 -18"><span class='ocrx_word' id='word_1_558' title='bbox 172 4567 321 4629; x_wconf 82' lang='lat' dir='ltr'>evenient.</span> <span class='ocrx_word' id='word_1_559' title='bbox 370 4567 394 4637; x_wconf 74' lang='lat'>9</span> <span class='ocrx_word' id='word_1_560' title='bbox 420 4567 449 4628; x_wconf 94' lang='lat' dir='ltr'>in</span> <span class='ocrx_word' id='word_1_561' title='bbox 472 4559 543 4637; x_wconf 73' lang='lat' dir='ltr'>[id</span> <span class='ocrx_word' id='word_1_562' title='bbox 569 4567 766 4647; x_wconf 88' lang='lat' dir='ltr'>impetuosum</span> <span class='ocrx_word' id='word_1_563' title='bbox 790 4577 822 4629; x_wconf 91' lang='lat' dir='ltr'>et</span> <span class='ocrx_word' id='word_1_564' title='bbox 845 4568 1019 4629; x_wconf 90' lang='lat' dir='ltr'>indomitum</span> <span class='ocrx_word' id='word_1_565' title='bbox 1052 4566 1215 4643; x_wconf 80' lang='lat' dir='ltr'>siguificat,</span> <span class='ocrx_word' id='word_1_566' title='bbox 1246 4565 1404 4638; x_wconf 54' lang='lat' dir='ltr'>dium&amp;</span> <span class='ocrx_word' id='word_1_567' title='bbox 1429 4566 1534 4645; x_wconf 77' lang='lat' dir='ltr'>agilli-</span> 
     </span>
     <span class='ocr_line' id='line_1_49' title="bbox 173 4654 1534 4735; baseline -0.001 -17"><span class='ocrx_word' id='word_1_568' title='bbox 173 4675 263 4730; x_wconf 92' lang='lat' dir='ltr'>mum,</span> <span class='ocrx_word' id='word_1_569' title='bbox 288 4656 474 4717; x_wconf 85' lang='lat' dir='ltr'>celerrimum</span> <span class='ocrx_word' id='word_1_570' title='bbox 490 4667 522 4717; x_wconf 93' lang='lat' dir='ltr'>et</span> <span class='ocrx_word' id='word_1_571' title='bbox 536 4657 732 4735; x_wconf 87' lang='lat' dir='ltr'>ingeniosum.</span> <span class='ocrx_word' id='word_1_572' title='bbox 779 4656 838 4718; x_wconf 84' lang='lat' dir='ltr'>Est</span> <span class='ocrx_word' id='word_1_573' title='bbox 861 4678 889 4717; x_wconf 93' lang='lat' dir='ltr'>u.</span> <span class='ocrx_word' id='word_1_574' title='bbox 915 4661 936 4733; x_wconf 62' lang='lat' dir='ltr'>d</span> <span class='ocrx_word' id='word_1_575' title='bbox 961 4657 988 4716; x_wconf 91' lang='lat' dir='ltr'>in</span> <span class='ocrx_word' id='word_1_576' title='bbox 1015 4654 1123 4716; x_wconf 92' lang='lat' dir='ltr'>illustri</span> <span class='ocrx_word' id='word_1_577' title='bbox 1138 4654 1431 4715; x_wconf 59' lang='lat' dir='ltr'>constellationem</span> <span class='ocrx_word' id='word_1_578' title='bbox 1454 4666 1487 4719; x_wconf 90' lang='lat' dir='ltr'>et</span> <span class='ocrx_word' id='word_1_579' title='bbox 1503 4654 1534 4717; x_wconf 89' lang='lat' dir='ltr'>in</span> 
     </span>
     <span class='ocr_line' id='line_1_50' title="bbox 172 4744 1533 4825; baseline 0.001 -19"><span class='ocrx_word' id='word_1_580' title='bbox 172 4745 261 4806; x_wconf 90' lang='lat' dir='ltr'>domo</span> <span class='ocrx_word' id='word_1_581' title='bbox 293 4753 412 4825; x_wconf 90' lang='lat' dir='ltr'>quarta.</span> <span class='ocrx_word' id='word_1_582' title='bbox 459 4746 546 4807; x_wconf 83' lang='lat' dir='ltr'>Facit</span> <span class='ocrx_word' id='word_1_583' title='bbox 578 4752 610 4806; x_wconf 91' lang='lat' dir='ltr'>et</span> <span class='ocrx_word' id='word_1_584' title='bbox 641 4746 833 4808; x_wconf 88' lang='lat' dir='ltr'>temerarium</span> <span class='ocrx_word' id='word_1_585' title='bbox 858 4756 890 4807; x_wconf 91' lang='lat' dir='ltr'>et</span> <span class='ocrx_word' id='word_1_586' title='bbox 921 4744 1106 4824; x_wconf 85' lang='lat' dir='ltr'>populariter</span> <span class='ocrx_word' id='word_1_587' title='bbox 1138 4744 1245 4803; x_wconf 91' lang='lat' dir='ltr'>bonum</span> <span class='ocrx_word' id='word_1_588' title='bbox 1276 4752 1366 4822; x_wconf 90' lang='lat' dir='ltr'>atque</span> <span class='ocrx_word' id='word_1_589' title='bbox 1400 4745 1533 4807; x_wconf 77' lang='lat' dir='ltr'>facilem.</span> 
     </span>
    </p>
   </div>
   <div class='ocr_carea' id='block_1_7' title="bbox 0 0 1718 5542">
    <p class='ocr_par' dir='ltr' id='par_1_7' title="bbox 0 0 1718 5542">
     <span class='ocr_line' id='line_1_51' title="bbox 0 0 1718 5542; baseline 0 3"><span class='ocrx_word' id='word_1_590' title='bbox 0 0 1718 5542; x_wconf 95' lang='lat' dir='ltr'> </span> 
     </span>
    </p>
   </div>
  </div>
 </body>
</html>
