<?xml version="1.0" encoding="UTF-8"?>
<!DOCTYPE html PUBLIC "-//W3C//DTD XHTML 1.0 Transitional//EN"
    "http://www.w3.org/TR/xhtml1/DTD/xhtml1-transitional.dtd">
<html xmlns="http://www.w3.org/1999/xhtml" xml:lang="en" lang="en">
 <head>
  <title>
</title>
<meta http-equiv="Content-Type" content="text/html;charset=utf-8" />
  <meta name='ocr-system' content='tesseract 3.04.00' />
  <meta name='ocr-capabilities' content='ocr_page ocr_carea ocr_par ocr_line ocrx_word'/>
</head>
<body>
  <div class='ocr_page' id='page_1' title='image "./joanniskepleria10frisgoog_0264.png"; bbox 0 0 3428 5542; ppageno 0'>
   <div class='ocr_carea' id='block_1_1' title="bbox 699 309 1477 383">
    <p class='ocr_par' dir='ltr' id='par_1_1' title="bbox 699 309 1477 383">
     <span class='ocr_line' id='line_1_1' title="bbox 699 309 1477 383; baseline 0.005 -22"><span class='ocrx_word' id='word_1_1' title='bbox 699 318 786 363; x_wconf 78' lang='lat' dir='ltr'><strong>conus</strong></span> <span class='ocrx_word' id='word_1_2' title='bbox 803 309 901 365; x_wconf 81' lang='lat' dir='ltr'><strong>Ursam·</strong></span> <span class='ocrx_word' id='word_1_3' title='bbox 1410 313 1477 383; x_wconf 75' lang='grc'><strong>243</strong></span> 
     </span>
    </p>
   </div>
   <div class='ocr_carea' id='block_1_2' title="bbox 107 466 1554 4979">
    <p class='ocr_par' dir='ltr' id='par_1_2' title="bbox 117 466 1478 993">
     <span class='ocr_line' id='line_1_2' title="bbox 117 466 1477 557; baseline 0.013 -32"><span class='ocrx_word' id='word_1_4' title='bbox 117 466 156 526; x_wconf 90' lang='lat' dir='ltr'><strong>ad</strong></span> <span class='ocrx_word' id='word_1_5' title='bbox 180 475 371 529; x_wconf 72' lang='lat' dir='ltr'><strong>astronomos</strong></span> <span class='ocrx_word' id='word_1_6' title='bbox 393 467 552 531; x_wconf 80' lang='lat' dir='ltr'><strong>Eudoxum</strong></span> <span class='ocrx_word' id='word_1_7' title='bbox 575 476 607 529; x_wconf 91' lang='lat' dir='ltr'><strong>et</strong></span> <span class='ocrx_word' id='word_1_8' title='bbox 631 467 791 550; x_wconf 84' lang='lat' dir='ltr'><strong>Calippum</strong></span> <span class='ocrx_word' id='word_1_9' title='bbox 814 488 869 531; x_wconf 91' lang='lat' dir='ltr'><strong>uos</strong></span> <span class='ocrx_word' id='word_1_10' title='bbox 893 469 1056 551; x_wconf 82' lang='lat' dir='ltr'>ablegavit,</span> <span class='ocrx_word' id='word_1_11' title='bbox 1082 480 1114 533; x_wconf 91' lang='lat' dir='ltr'><strong>et</strong></span> <span class='ocrx_word' id='word_1_12' title='bbox 1136 473 1273 553; x_wconf 88' lang='lat' dir='ltr'><strong>quamvis</strong></span> <span class='ocrx_word' id='word_1_13' title='bbox 1295 475 1326 536; x_wconf 91' lang='lat' dir='ltr'><strong>iu</strong></span> <span class='ocrx_word' id='word_1_14' title='bbox 1351 475 1477 557; x_wconf 83' lang='lat' dir='ltr'><strong>quibus-</strong></span> 
     </span>
     <span class='ocr_line' id='line_1_3' title="bbox 117 553 1478 642; baseline 0.012 -28"><span class='ocrx_word' id='word_1_15' title='bbox 117 553 187 615; x_wconf 83' lang='lat' dir='ltr'><strong>dam</strong></span> <span class='ocrx_word' id='word_1_16' title='bbox 212 555 428 632; x_wconf 72' lang='lat' dir='ltr'>dissentientes</span> <span class='ocrx_word' id='word_1_17' title='bbox 452 557 579 631; x_wconf 88' lang='lat' dir='ltr'><strong>videret,</strong></span> <span class='ocrx_word' id='word_1_18' title='bbox 607 566 749 638; x_wconf 89' lang='lat' dir='ltr'><strong>utrosque</strong></span> <span class='ocrx_word' id='word_1_19' title='bbox 773 557 868 620; x_wconf 93' lang='lat' dir='ltr'><strong>voluit</strong></span> <span class='ocrx_word' id='word_1_20' title='bbox 891 559 929 620; x_wconf 93' lang='lat' dir='ltr'><strong>ob</strong></span> <span class='ocrx_word' id='word_1_21' title='bbox 953 559 1117 622; x_wconf 83' lang='lat' dir='ltr'><strong>adhibitam</strong></span> <span class='ocrx_word' id='word_1_22' title='bbox 1137 561 1324 642; x_wconf 80' lang='lat' dir='ltr'><strong>diligentiam</strong></span> <span class='ocrx_word' id='word_1_23' title='bbox 1348 571 1380 626; x_wconf 91' lang='lat' dir='ltr'><strong>et</strong></span> <span class='ocrx_word' id='word_1_24' title='bbox 1393 582 1478 633; x_wconf 80' lang='lat' dir='ltr'><strong>com-</strong></span> 
     </span>
     <span class='ocr_line' id='line_1_4' title="bbox 117 642 1478 737; baseline 0.009 -33"><span class='ocrx_word' id='word_1_25' title='bbox 117 642 300 705; x_wconf 86' lang='lat' dir='ltr'><strong>municatam</strong></span> <span class='ocrx_word' id='word_1_26' title='bbox 323 653 457 706; x_wconf 91' lang='lat' dir='ltr'><strong>motuum</strong></span> <span class='ocrx_word' id='word_1_27' title='bbox 481 645 650 709; x_wconf 85' lang='lat' dir='ltr'><strong>doctrinam</strong></span> <span class='ocrx_word' id='word_1_28' title='bbox 673 648 860 709; x_wconf 89' lang='lat' dir='ltr'><strong>venerandos</strong></span> <span class='ocrx_word' id='word_1_29' title='bbox 885 655 917 709; x_wconf 90' lang='lat' dir='ltr'><strong>et</strong></span> <span class='ocrx_word' id='word_1_30' title='bbox 939 649 1094 722; x_wconf 87' lang='lat' dir='ltr'><strong>amandos,</strong></span> <span class='ocrx_word' id='word_1_31' title='bbox 1118 651 1299 713; x_wconf 91' lang='lat' dir='ltr'><strong>audiendum</strong></span> <span class='ocrx_word' id='word_1_32' title='bbox 1322 672 1404 729; x_wconf 86' lang='lat' dir='ltr'><strong>vero,</strong></span> <span class='ocrx_word' id='word_1_33' title='bbox 1428 654 1478 737; x_wconf 89' lang='lat' dir='ltr'><strong>qui</strong></span> 
     </span>
     <span class='ocr_line' id='line_1_5' title="bbox 117 732 1477 816; baseline 0.01 -23"><span class='ocrx_word' id='word_1_34' title='bbox 117 750 205 811; x_wconf 90' lang='lat' dir='ltr'><strong>quam</strong></span> <span class='ocrx_word' id='word_1_35' title='bbox 229 732 399 795; x_wconf 89' lang='lat' dir='ltr'><strong>rectissime</strong></span> <span class='ocrx_word' id='word_1_36' title='bbox 422 753 485 796; x_wconf 89' lang='lat' dir='ltr'><strong>rem</strong></span> <span class='ocrx_word' id='word_1_37' title='bbox 509 735 676 814; x_wconf 82' lang='lat' dir='ltr'><strong>expediret.</strong></span> <span class='ocrx_word' id='word_1_38' title='bbox 723 736 824 798; x_wconf 86' lang='lat' dir='ltr'><strong>Aliter</strong></span> <span class='ocrx_word' id='word_1_39' title='bbox 848 755 920 816; x_wconf 89' lang='lat' dir='ltr'><strong>ergo</strong></span> <span class='ocrx_word' id='word_1_40' title='bbox 949 736 1045 799; x_wconf 88' lang='lat' dir='ltr'><strong>sensit</strong></span> <span class='ocrx_word' id='word_1_41' title='bbox 1068 737 1253 803; x_wconf 88' lang='lat' dir='ltr'><strong>Aristoteles</strong></span> <span class='ocrx_word' id='word_1_42' title='bbox 1282 740 1319 801; x_wconf 89' lang='lat' dir='ltr'><strong>de</strong></span> <span class='ocrx_word' id='word_1_43' title='bbox 1342 750 1477 807; x_wconf 84' lang='lat' dir='ltr'><strong>veterum</strong></span> 
     </span>
     <span class='ocr_line' id='line_1_6' title="bbox 117 822 1475 906; baseline 0.009 -24"><span class='ocrx_word' id='word_1_44' title='bbox 117 822 233 882; x_wconf 89' lang='lat' dir='ltr'><strong>illorum</strong></span> <span class='ocrx_word' id='word_1_45' title='bbox 257 829 495 885; x_wconf 84' lang='lat' dir='ltr'><strong>astronomorum</strong></span> <span class='ocrx_word' id='word_1_46' title='bbox 520 824 641 904; x_wconf 93' lang='lat' dir='ltr'><strong>(quibus</strong></span> <span class='ocrx_word' id='word_1_47' title='bbox 666 824 716 905; x_wconf 91' lang='lat' dir='ltr'><strong>qui</strong></span> <span class='ocrx_word' id='word_1_48' title='bbox 739 823 835 885; x_wconf 90' lang='lat' dir='ltr'><strong>secuti</strong></span> <span class='ocrx_word' id='word_1_49' title='bbox 859 835 930 887; x_wconf 91' lang='lat' dir='ltr'><strong>suut</strong></span> <span class='ocrx_word' id='word_1_50' title='bbox 957 845 1015 886; x_wconf 92' lang='lat' dir='ltr'><strong>uon</strong></span> <span class='ocrx_word' id='word_1_51' title='bbox 1039 826 1233 906; x_wconf 83' lang='lat' dir='ltr'><strong>ignobiliores</strong></span> <span class='ocrx_word' id='word_1_52' title='bbox 1265 829 1362 905; x_wconf 84' lang='lat' dir='ltr'><strong>luere)</strong></span> <span class='ocrx_word' id='word_1_53' title='bbox 1387 831 1475 894; x_wconf 89' lang='lat' dir='ltr'><strong>labo·</strong></span> 
     </span>
     <span class='ocr_line' id='line_1_7' title="bbox 118 910 959 993; baseline 0.005 -22"><span class='ocrx_word' id='word_1_54' title='bbox 118 910 199 971; x_wconf 89' lang='lat' dir='ltr'><strong>ribus</strong></span> <span class='ocrx_word' id='word_1_55' title='bbox 223 919 254 971; x_wconf 91' lang='lat' dir='ltr'><strong>et</strong></span> <span class='ocrx_word' id='word_1_56' title='bbox 277 912 520 990; x_wconf 88' lang='lat' dir='ltr'><strong>praeclarissimo</strong></span> <span class='ocrx_word' id='word_1_57' title='bbox 543 913 713 992; x_wconf 90' lang='lat' dir='ltr'><strong>proposito,</strong></span> <span class='ocrx_word' id='word_1_58' title='bbox 739 933 830 993; x_wconf 88' lang='lat' dir='ltr'><strong>quam</strong></span> <span class='ocrx_word' id='word_1_59' title='bbox 852 913 959 977; x_wconf 85' lang='lat' dir='ltr'><strong>Ursus.</strong></span> 
     </span>
    </p>

    <p class='ocr_par' dir='ltr' id='par_1_3' title="bbox 115 995 1476 2859">
     <span class='ocr_line' id='line_1_8' title="bbox 205 995 1475 1085; baseline 0.008 -25"><span class='ocrx_word' id='word_1_60' title='bbox 205 995 323 1069; x_wconf 81' lang='lat' dir='ltr'><strong>Quarto</strong></span> <span class='ocrx_word' id='word_1_61' title='bbox 348 1000 465 1061; x_wconf 90' lang='lat' dir='ltr'><strong>videtur</strong></span> <span class='ocrx_word' id='word_1_62' title='bbox 490 1009 665 1081; x_wconf 88' lang='lat' dir='ltr'><strong>argumento</strong></span> <span class='ocrx_word' id='word_1_63' title='bbox 689 1021 822 1082; x_wconf 90' lang='lat' dir='ltr'><strong>pugnare</strong></span> <span class='ocrx_word' id='word_1_64' title='bbox 846 1020 900 1081; x_wconf 89' lang='lat' dir='ltr'><strong>pro</strong></span> <span class='ocrx_word' id='word_1_65' title='bbox 920 1022 975 1064; x_wconf 88' lang='lat' dir='ltr'><strong>sua</strong></span> <span class='ocrx_word' id='word_1_66' title='bbox 989 1003 1153 1085; x_wconf 75' lang='lat' dir='ltr'><strong>sententia,</strong></span> <span class='ocrx_word' id='word_1_67' title='bbox 1179 1023 1236 1065; x_wconf 91' lang='lat' dir='ltr'><strong>non</strong></span> <span class='ocrx_word' id='word_1_68' title='bbox 1258 1024 1325 1068; x_wconf 90' lang='lat' dir='ltr'><strong>esse</strong></span> <span class='ocrx_word' id='word_1_69' title='bbox 1341 1026 1475 1078; x_wconf 84' lang='lat' dir='ltr'><strong>necesse,</strong></span> 
     </span>
     <span class='ocr_line' id='line_1_9' title="bbox 118 1088 1476 1172; baseline 0.009 -24"><span class='ocrx_word' id='word_1_70' title='bbox 118 1096 152 1149; x_wconf 89' lang='lat' dir='ltr'><strong>ut</strong></span> <span class='ocrx_word' id='word_1_71' title='bbox 175 1107 265 1149; x_wconf 88' lang='lat' dir='ltr'><strong>verae</strong></span> <span class='ocrx_word' id='word_1_72' title='bbox 288 1088 351 1150; x_wconf 90' lang='lat' dir='ltr'><strong>sint</strong></span> <span class='ocrx_word' id='word_1_73' title='bbox 375 1091 595 1153; x_wconf 83' lang='lat' dir='ltr'><strong>astronomicae</strong></span> <span class='ocrx_word' id='word_1_74' title='bbox 620 1091 819 1172; x_wconf 88' lang='lat' dir='ltr'><strong>hypotheses;</strong></span> <span class='ocrx_word' id='word_1_75' title='bbox 849 1110 919 1153; x_wconf 91' lang='lat' dir='ltr'><strong>uam</strong></span> <span class='ocrx_word' id='word_1_76' title='bbox 943 1091 1134 1154; x_wconf 76' lang='lat' dir='ltr'><strong>crassissima</strong></span> <span class='ocrx_word' id='word_1_77' title='bbox 1163 1093 1193 1154; x_wconf 92' lang='lat' dir='ltr'><strong>in</strong></span> <span class='ocrx_word' id='word_1_78' title='bbox 1218 1094 1355 1156; x_wconf 91' lang='lat' dir='ltr'><strong>omuibus</strong></span> <span class='ocrx_word' id='word_1_79' title='bbox 1379 1096 1476 1161; x_wconf 89' lang='lat' dir='ltr'><strong>adhuc</strong></span> 
     </span>
     <span class='ocr_line' id='line_1_10' title="bbox 118 1177 1475 1267; baseline 0.009 -30"><span class='ocrx_word' id='word_1_80' title='bbox 118 1177 334 1260; x_wconf 82' lang='lat' dir='ltr'><strong>hypothesibus</strong></span> <span class='ocrx_word' id='word_1_81' title='bbox 358 1179 492 1240; x_wconf 86' lang='lat' dir='ltr'><strong>absurda</strong></span> <span class='ocrx_word' id='word_1_82' title='bbox 515 1179 656 1242; x_wconf 89' lang='lat' dir='ltr'><strong>residere.</strong></span> <span class='ocrx_word' id='word_1_83' title='bbox 705 1180 819 1241; x_wconf 90' lang='lat' dir='ltr'><strong>Verum</strong></span> <span class='ocrx_word' id='word_1_84' title='bbox 846 1180 893 1254; x_wconf 94' lang='lat' dir='ltr'><strong>id,</strong></span> <span class='ocrx_word' id='word_1_85' title='bbox 929 1180 1006 1260; x_wconf 89' lang='lat' dir='ltr'><strong>quod</strong></span> <span class='ocrx_word' id='word_1_86' title='bbox 1031 1190 1079 1242; x_wconf 90' lang='lat' dir='ltr'><strong>est</strong></span> <span class='ocrx_word' id='word_1_87' title='bbox 1106 1181 1257 1261; x_wconf 90' lang='lat' dir='ltr'><strong>ignotum,</strong></span> <span class='ocrx_word' id='word_1_88' title='bbox 1290 1185 1400 1264; x_wconf 89' lang='lat' dir='ltr'><strong>probat</strong></span> <span class='ocrx_word' id='word_1_89' title='bbox 1421 1203 1475 1267; x_wconf 88' lang='lat' dir='ltr'><strong>per</strong></span> 
     </span>
     <span class='ocr_line' id='line_1_11' title="bbox 117 1266 1475 1348; baseline 0.007 -20"><span class='ocrx_word' id='word_1_90' title='bbox 117 1266 198 1329; x_wconf 90' lang='lat' dir='ltr'><strong>aliud</strong></span> <span class='ocrx_word' id='word_1_91' title='bbox 223 1267 310 1344; x_wconf 87' lang='lat' dir='ltr'><strong>louge</strong></span> <span class='ocrx_word' id='word_1_92' title='bbox 336 1267 488 1330; x_wconf 86' lang='lat' dir='ltr'><strong>incertius.</strong></span> <span class='ocrx_word' id='word_1_93' title='bbox 536 1269 649 1330; x_wconf 86' lang='lat' dir='ltr'><strong>Verum</strong></span> <span class='ocrx_word' id='word_1_94' title='bbox 673 1269 791 1348; x_wconf 91' lang='lat' dir='ltr'><strong>quidem</strong></span> <span class='ocrx_word' id='word_1_95' title='bbox 816 1276 872 1344; x_wconf 87' lang='lat' dir='ltr'><strong>est,</strong></span> <span class='ocrx_word' id='word_1_96' title='bbox 898 1269 924 1330; x_wconf 94' lang='lat' dir='ltr'><strong>si</strong></span> <span class='ocrx_word' id='word_1_97' title='bbox 948 1270 1109 1332; x_wconf 89' lang='lat' dir='ltr'><strong>absurdum</strong></span> <span class='ocrx_word' id='word_1_98' title='bbox 1132 1279 1165 1331; x_wconf 87' lang='lat' dir='ltr'><strong>et</strong></span> <span class='ocrx_word' id='word_1_99' title='bbox 1180 1270 1289 1333; x_wconf 87' lang='lat' dir='ltr'><strong>falsum</strong></span> <span class='ocrx_word' id='word_1_100' title='bbox 1312 1271 1345 1335; x_wconf 91' lang='lat' dir='ltr'><strong>id</strong></span> <span class='ocrx_word' id='word_1_101' title='bbox 1359 1275 1475 1338; x_wconf 87' lang='lat' dir='ltr'><strong>censeri</strong></span> 
     </span>
     <span class='ocr_line' id='line_1_12' title="bbox 118 1355 1475 1446; baseline 0.006 -29"><span class='ocrx_word' id='word_1_102' title='bbox 118 1355 225 1427; x_wconf 85' lang='lat' dir='ltr'><strong>debet,</strong></span> <span class='ocrx_word' id='word_1_103' title='bbox 251 1356 329 1434; x_wconf 93' lang='lat' dir='ltr'><strong>quod</strong></span> <span class='ocrx_word' id='word_1_104' title='bbox 353 1357 403 1417; x_wconf 90' lang='lat' dir='ltr'><strong>uui</strong></span> <span class='ocrx_word' id='word_1_105' title='bbox 420 1355 509 1418; x_wconf 86' lang='lat' dir='ltr'><strong>alicui</strong></span> <span class='ocrx_word' id='word_1_106' title='bbox 533 1357 683 1419; x_wconf 90' lang='lat' dir='ltr'><strong>bominum</strong></span> <span class='ocrx_word' id='word_1_107' title='bbox 707 1356 807 1418; x_wconf 89' lang='lat' dir='ltr'><strong>coetui</strong></span> <span class='ocrx_word' id='word_1_108' title='bbox 830 1358 892 1418; x_wconf 88' lang='lat' dir='ltr'><strong>tale</strong></span> <span class='ocrx_word' id='word_1_109' title='bbox 917 1357 1049 1432; x_wconf 89' lang='lat' dir='ltr'><strong>videtur,</strong></span> <span class='ocrx_word' id='word_1_110' title='bbox 1075 1358 1147 1421; x_wconf 90' lang='lat' dir='ltr'><strong>nihil</strong></span> <span class='ocrx_word' id='word_1_111' title='bbox 1171 1360 1229 1421; x_wconf 92' lang='lat' dir='ltr'><strong>erit</strong></span> <span class='ocrx_word' id='word_1_112' title='bbox 1252 1359 1282 1421; x_wconf 92' lang='lat' dir='ltr'><strong>iu</strong></span> <span class='ocrx_word' id='word_1_113' title='bbox 1305 1369 1373 1424; x_wconf 85' lang='lat' dir='ltr'><strong>tota</strong></span> <span class='ocrx_word' id='word_1_114' title='bbox 1395 1363 1475 1446; x_wconf 87' lang='lat' dir='ltr'><strong>phy·</strong></span> 
     </span>
     <span class='ocr_line' id='line_1_13' title="bbox 115 1444 1473 1526; baseline 0.007 -21"><span class='ocrx_word' id='word_1_115' title='bbox 115 1444 254 1523; x_wconf 88' lang='lat' dir='ltr'><strong>siologia,</strong></span> <span class='ocrx_word' id='word_1_116' title='bbox 280 1445 358 1525; x_wconf 94' lang='lat' dir='ltr'><strong>quod</strong></span> <span class='ocrx_word' id='word_1_117' title='bbox 382 1464 440 1506; x_wconf 90' lang='lat' dir='ltr'><strong>nou</strong></span> <span class='ocrx_word' id='word_1_118' title='bbox 464 1464 518 1526; x_wconf 91' lang='lat' dir='ltr'><strong>pro</strong></span> <span class='ocrx_word' id='word_1_119' title='bbox 541 1445 729 1508; x_wconf 87' lang='lat' dir='ltr'><strong>crassissimo</strong></span> <span class='ocrx_word' id='word_1_120' title='bbox 754 1446 883 1507; x_wconf 88' lang='lat' dir='ltr'><strong>absurdo</strong></span> <span class='ocrx_word' id='word_1_121' title='bbox 908 1445 1013 1507; x_wconf 90' lang='lat' dir='ltr'><strong>haberi</strong></span> <span class='ocrx_word' id='word_1_122' title='bbox 1037 1447 1137 1509; x_wconf 88' lang='lat' dir='ltr'><strong>debet.</strong></span> <span class='ocrx_word' id='word_1_123' title='bbox 1185 1448 1298 1511; x_wconf 86' lang='lat' dir='ltr'><strong>Variae</strong></span> <span class='ocrx_word' id='word_1_124' title='bbox 1322 1459 1393 1512; x_wconf 89' lang='lat' dir='ltr'><strong>sunt</strong></span> <span class='ocrx_word' id='word_1_125' title='bbox 1416 1451 1473 1514; x_wconf 92' lang='lat' dir='ltr'><strong>ho-</strong></span> 
     </span>
     <span class='ocr_line' id='line_1_14' title="bbox 117 1533 1474 1618; baseline 0.006 -23"><span class='ocrx_word' id='word_1_126' title='bbox 117 1533 226 1596; x_wconf 90' lang='lat' dir='ltr'><strong>miuum</strong></span> <span class='ocrx_word' id='word_1_127' title='bbox 256 1534 441 1608; x_wconf 82' lang='lat' dir='ltr'><strong>sententiae,</strong></span> <span class='ocrx_word' id='word_1_128' title='bbox 476 1534 550 1596; x_wconf 84' lang='lat' dir='ltr'><strong>varii</strong></span> <span class='ocrx_word' id='word_1_129' title='bbox 579 1543 686 1614; x_wconf 88' lang='lat' dir='ltr'><strong>captus</strong></span> <span class='ocrx_word' id='word_1_130' title='bbox 717 1534 912 1614; x_wconf 89' lang='lat' dir='ltr'><strong>ingeniorum.</strong></span> <span class='ocrx_word' id='word_1_131' title='bbox 964 1535 1033 1607; x_wconf 79' lang='lat' dir='ltr'><strong>Non</strong></span> <span class='ocrx_word' id='word_1_132' title='bbox 1063 1535 1193 1598; x_wconf 86' lang='lat' dir='ltr'><strong>credidit</strong></span> <span class='ocrx_word' id='word_1_133' title='bbox 1216 1537 1377 1600; x_wconf 86' lang='lat' dir='ltr'><strong>absurdum</strong></span> <span class='ocrx_word' id='word_1_134' title='bbox 1405 1558 1474 1618; x_wconf 85' lang='lat' dir='ltr'><strong>esse</strong></span> 
     </span>
     <span class='ocr_line' id='line_1_15' title="bbox 119 1619 1475 1701; baseline 0.007 -17"><span class='ocrx_word' id='word_1_135' title='bbox 119 1619 311 1701; x_wconf 88' lang='lat' dir='ltr'><strong>Copemieus,</strong></span> <span class='ocrx_word' id='word_1_136' title='bbox 337 1631 372 1683; x_wconf 92' lang='lat' dir='ltr'><strong>ut</strong></span> <span class='ocrx_word' id='word_1_137' title='bbox 394 1622 489 1684; x_wconf 86' lang='lat' dir='ltr'><strong>Terra</strong></span> <span class='ocrx_word' id='word_1_138' title='bbox 513 1633 679 1695; x_wconf 87' lang='lat' dir='ltr'><strong>moveatur,</strong></span> <span class='ocrx_word' id='word_1_139' title='bbox 702 1623 827 1685; x_wconf 82' lang='lat' dir='ltr'><strong>fixarum</strong></span> <span class='ocrx_word' id='word_1_140' title='bbox 851 1632 940 1685; x_wconf 89' lang='lat' dir='ltr'><strong>tanta</strong></span> <span class='ocrx_word' id='word_1_141' title='bbox 962 1624 1003 1685; x_wconf 89' lang='lat' dir='ltr'><strong>sit</strong></span> <span class='ocrx_word' id='word_1_142' title='bbox 1025 1624 1224 1687; x_wconf 87' lang='lat' dir='ltr'><strong>immensitas.</strong></span> <span class='ocrx_word' id='word_1_143' title='bbox 1270 1626 1339 1690; x_wconf 91' lang='lat' dir='ltr'><strong>Nou</strong></span> <span class='ocrx_word' id='word_1_144' title='bbox 1365 1627 1475 1693; x_wconf 82' lang='lat' dir='ltr'><strong>existi-</strong></span> 
     </span>
     <span class='ocr_line' id='line_1_16' title="bbox 118 1710 1475 1799; baseline 0.005 -25"><span class='ocrx_word' id='word_1_145' title='bbox 118 1719 182 1774; x_wconf 89' lang='lat' dir='ltr'><strong>mat</strong></span> <span class='ocrx_word' id='word_1_146' title='bbox 205 1711 366 1799; x_wconf 79' lang='lat' dir='ltr'><strong>absurdum</strong></span> <span class='ocrx_word' id='word_1_147' title='bbox 389 1711 502 1792; x_wconf 86' lang='lat' dir='ltr'><strong>Tycho,</strong></span> <span class='ocrx_word' id='word_1_148' title='bbox 527 1721 560 1774; x_wconf 90' lang='lat' dir='ltr'><strong>ut</strong></span> <span class='ocrx_word' id='word_1_149' title='bbox 583 1713 722 1793; x_wconf 90' lang='lat' dir='ltr'><strong>planetae</strong></span> <span class='ocrx_word' id='word_1_150' title='bbox 747 1710 849 1774; x_wconf 89' lang='lat' dir='ltr'><strong>Solem</strong></span> <span class='ocrx_word' id='word_1_151' title='bbox 873 1712 1014 1774; x_wconf 88' lang='lat' dir='ltr'><strong>mobilem</strong></span> <span class='ocrx_word' id='word_1_152' title='bbox 1041 1732 1096 1776; x_wconf 92' lang='lat' dir='ltr'><strong>ceu</strong></span> <span class='ocrx_word' id='word_1_153' title='bbox 1119 1722 1255 1776; x_wconf 86' lang='lat' dir='ltr'><strong>centrum</strong></span> <span class='ocrx_word' id='word_1_154' title='bbox 1278 1735 1374 1792; x_wconf 89' lang='lat' dir='ltr'><strong>snum,</strong></span> <span class='ocrx_word' id='word_1_155' title='bbox 1398 1735 1475 1797; x_wconf 82' lang='lat' dir='ltr'><strong>quo-</strong></span> 
     </span>
     <span class='ocr_line' id='line_1_17' title="bbox 117 1799 1473 1881; baseline 0.004 -19"><span class='ocrx_word' id='word_1_156' title='bbox 117 1818 232 1880; x_wconf 90' lang='lat' dir='ltr'><strong>cunque</strong></span> <span class='ocrx_word' id='word_1_157' title='bbox 256 1799 286 1861; x_wconf 91' lang='lat' dir='ltr'><strong>id</strong></span> <span class='ocrx_word' id='word_1_158' title='bbox 310 1800 434 1877; x_wconf 89' lang='lat' dir='ltr'><strong>secedit,</strong></span> <span class='ocrx_word' id='word_1_159' title='bbox 468 1811 632 1881; x_wconf 87' lang='lat' dir='ltr'><strong>sequautur</strong></span> <span class='ocrx_word' id='word_1_160' title='bbox 656 1821 710 1862; x_wconf 91' lang='lat' dir='ltr'><strong>uec</strong></span> <span class='ocrx_word' id='word_1_161' title='bbox 733 1810 835 1864; x_wconf 89' lang='lat' dir='ltr'><strong>tamen</strong></span> <span class='ocrx_word' id='word_1_162' title='bbox 860 1821 931 1863; x_wconf 92' lang='lat' dir='ltr'><strong>suos</strong></span> <span class='ocrx_word' id='word_1_163' title='bbox 955 1811 1054 1864; x_wconf 88' lang='lat' dir='ltr'><strong>motus</strong></span> <span class='ocrx_word' id='word_1_164' title='bbox 1083 1803 1235 1866; x_wconf 89' lang='lat' dir='ltr'><strong>deserant.</strong></span> <span class='ocrx_word' id='word_1_165' title='bbox 1282 1801 1352 1874; x_wconf 85' lang='lat' dir='ltr'><strong>Qua</strong></span> <span class='ocrx_word' id='word_1_166' title='bbox 1380 1804 1417 1868; x_wconf 89' lang='lat' dir='ltr'><strong>de</strong></span> <span class='ocrx_word' id='word_1_167' title='bbox 1441 1825 1473 1870; x_wconf 88' lang='lat' dir='ltr'><strong>re</strong></span> 
     </span>
     <span class='ocr_line' id='line_1_18' title="bbox 118 1889 1473 1971; baseline 0.009 -25"><span class='ocrx_word' id='word_1_168' title='bbox 118 1890 185 1951; x_wconf 89' lang='lat' dir='ltr'><strong>vide</strong></span> <span class='ocrx_word' id='word_1_169' title='bbox 209 1889 443 1967; x_wconf 88' lang='lat' dir='ltr'><strong>disputationem</strong></span> <span class='ocrx_word' id='word_1_170' title='bbox 467 1890 653 1953; x_wconf 83' lang='lat' dir='ltr'><strong>Rothmanoi</strong></span> <span class='ocrx_word' id='word_1_171' title='bbox 676 1910 742 1952; x_wconf 92' lang='lat' dir='ltr'><strong>cum</strong></span> <span class='ocrx_word' id='word_1_172' title='bbox 764 1891 905 1971; x_wconf 87' lang='lat' dir='ltr'><strong>Tychone</strong></span> <span class='ocrx_word' id='word_1_173' title='bbox 929 1891 957 1952; x_wconf 95' lang='lat' dir='ltr'><strong>in</strong></span> <span class='ocrx_word' id='word_1_174' title='bbox 982 1891 1121 1970; x_wconf 88' lang='lat' dir='ltr'><strong>epistolis</strong></span> <span class='ocrx_word' id='word_1_175' title='bbox 1145 1892 1365 1955; x_wconf 88' lang='lat' dir='ltr'><strong>astronomicis.</strong></span> <span class='ocrx_word' id='word_1_176' title='bbox 1403 1894 1473 1958; x_wconf 89' lang='lat' dir='ltr'><strong>Nou</strong></span> 
     </span>
     <span class='ocr_line' id='line_1_19' title="bbox 118 1978 1474 2059; baseline 0.004 -20"><span class='ocrx_word' id='word_1_177' title='bbox 118 1987 167 2039; x_wconf 87' lang='lat' dir='ltr'><strong>est</strong></span> <span class='ocrx_word' id='word_1_178' title='bbox 199 1978 331 2040; x_wconf 86' lang='lat' dir='ltr'><strong>absurda</strong></span> <span class='ocrx_word' id='word_1_179' title='bbox 359 1979 552 2044; x_wconf 87' lang='lat' dir='ltr'><strong>Ptolemaicis</strong></span> <span class='ocrx_word' id='word_1_180' title='bbox 584 1979 816 2041; x_wconf 87' lang='lat' dir='ltr'><strong>inaestimabilis</strong></span> <span class='ocrx_word' id='word_1_181' title='bbox 850 1980 903 2040; x_wconf 90' lang='lat' dir='ltr'><strong>illa</strong></span> <span class='ocrx_word' id='word_1_182' title='bbox 935 1979 1031 2041; x_wconf 91' lang='lat' dir='ltr'><strong>ultimi</strong></span> <span class='ocrx_word' id='word_1_183' title='bbox 1064 1980 1141 2043; x_wconf 92' lang='lat' dir='ltr'><strong>coeli</strong></span> <span class='ocrx_word' id='word_1_184' title='bbox 1168 1980 1344 2059; x_wconf 87' lang='lat' dir='ltr'><strong>pernicitas.</strong></span> <span class='ocrx_word' id='word_1_185' title='bbox 1396 1981 1474 2045; x_wconf 89' lang='lat' dir='ltr'><strong>Sunt</strong></span> 
     </span>
     <span class='ocr_line' id='line_1_20' title="bbox 117 2066 1474 2147; baseline 0.004 -19"><span class='ocrx_word' id='word_1_186' title='bbox 117 2068 192 2129; x_wconf 89' lang='lat' dir='ltr'><strong>baec</strong></span> <span class='ocrx_word' id='word_1_187' title='bbox 225 2075 258 2128; x_wconf 89' lang='lat' dir='ltr'><strong>ut</strong></span> <span class='ocrx_word' id='word_1_188' title='bbox 291 2089 310 2128; x_wconf 92' lang='lat' dir='ltr'><strong>a</strong></span> <span class='ocrx_word' id='word_1_189' title='bbox 342 2067 480 2129; x_wconf 88' lang='lat' dir='ltr'><strong>sensibus</strong></span> <span class='ocrx_word' id='word_1_190' title='bbox 513 2069 557 2130; x_wconf 90' lang='lat' dir='ltr'><strong>ita</strong></span> <span class='ocrx_word' id='word_1_191' title='bbox 587 2076 618 2129; x_wconf 88' lang='lat' dir='ltr'><strong>et</strong></span> <span class='ocrx_word' id='word_1_192' title='bbox 647 2088 666 2128; x_wconf 90' lang='lat' dir='ltr'><strong>a</strong></span> <span class='ocrx_word' id='word_1_193' title='bbox 693 2076 784 2146; x_wconf 87' lang='lat' dir='ltr'><strong>captu</strong></span> <span class='ocrx_word' id='word_1_194' title='bbox 816 2066 1000 2147; x_wconf 89' lang='lat' dir='ltr'><strong>ingeniorum</strong></span> <span class='ocrx_word' id='word_1_195' title='bbox 1033 2077 1202 2131; x_wconf 90' lang='lat' dir='ltr'><strong>nostrorum</strong></span> <span class='ocrx_word' id='word_1_196' title='bbox 1231 2068 1405 2146; x_wconf 88' lang='lat' dir='ltr'><strong>remotiora,</strong></span> <span class='ocrx_word' id='word_1_197' title='bbox 1442 2078 1474 2137; x_wconf 85' lang='lat' dir='ltr'><strong>et</strong></span> 
     </span>
     <span class='ocr_line' id='line_1_21' title="bbox 119 2156 1471 2238; baseline 0.004 -21"><span class='ocrx_word' id='word_1_198' title='bbox 119 2156 210 2219; x_wconf 87' lang='lat' dir='ltr'><strong>variis</strong></span> <span class='ocrx_word' id='word_1_199' title='bbox 241 2156 434 2236; x_wconf 89' lang='lat' dir='ltr'><strong>disputantur</strong></span> <span class='ocrx_word' id='word_1_200' title='bbox 461 2157 658 2238; x_wconf 85' lang='lat' dir='ltr'><strong>argumentis.</strong></span> <span class='ocrx_word' id='word_1_201' title='bbox 705 2157 806 2236; x_wconf 85' lang='lat' dir='ltr'><strong>Atque</strong></span> <span class='ocrx_word' id='word_1_202' title='bbox 835 2157 910 2218; x_wconf 89' lang='lat' dir='ltr'><strong>haec</strong></span> <span class='ocrx_word' id='word_1_203' title='bbox 939 2157 992 2218; x_wconf 90' lang='lat' dir='ltr'><strong>illa</strong></span> <span class='ocrx_word' id='word_1_204' title='bbox 1019 2167 1089 2219; x_wconf 91' lang='lat' dir='ltr'><strong>sunt</strong></span> <span class='ocrx_word' id='word_1_205' title='bbox 1117 2157 1306 2219; x_wconf 81' lang='lat' dir='ltr'><strong>crassissima</strong></span> <span class='ocrx_word' id='word_1_206' title='bbox 1330 2159 1471 2233; x_wconf 88' lang='lat' dir='ltr'><strong>absurda,</strong></span> 
     </span>
     <span class='ocr_line' id='line_1_22' title="bbox 117 2245 1470 2330; baseline 0 -21"><span class='ocrx_word' id='word_1_207' title='bbox 117 2267 194 2328; x_wconf 88' lang='lat' dir='ltr'><strong>quae</strong></span> <span class='ocrx_word' id='word_1_208' title='bbox 218 2247 336 2327; x_wconf 90' lang='lat' dir='ltr'><strong>quidem</strong></span> <span class='ocrx_word' id='word_1_209' title='bbox 360 2245 447 2307; x_wconf 89' lang='lat' dir='ltr'><strong>simul</strong></span> <span class='ocrx_word' id='word_1_210' title='bbox 470 2266 542 2308; x_wconf 86' lang='lat' dir='ltr'><strong>vera</strong></span> <span class='ocrx_word' id='word_1_211' title='bbox 566 2266 633 2307; x_wconf 88' lang='lat' dir='ltr'><strong>esse</strong></span> <span class='ocrx_word' id='word_1_212' title='bbox 657 2254 822 2326; x_wconf 90' lang='lat' dir='ltr'><strong>nequeunt,</strong></span> <span class='ocrx_word' id='word_1_213' title='bbox 854 2264 910 2327; x_wconf 93' lang='lat' dir='ltr'><strong>quo</strong></span> <span class='ocrx_word' id='word_1_214' title='bbox 934 2246 983 2320; x_wconf 88' lang='lat' dir='ltr'><strong>fit,</strong></span> <span class='ocrx_word' id='word_1_215' title='bbox 1014 2255 1047 2309; x_wconf 93' lang='lat' dir='ltr'><strong>ut</strong></span> <span class='ocrx_word' id='word_1_216' title='bbox 1071 2265 1165 2325; x_wconf 89' lang='lat' dir='ltr'><strong>neque</strong></span> <span class='ocrx_word' id='word_1_217' title='bbox 1194 2246 1262 2325; x_wconf 93' lang='lat' dir='ltr'><strong>plus</strong></span> <span class='ocrx_word' id='word_1_218' title='bbox 1291 2266 1350 2309; x_wconf 89' lang='lat' dir='ltr'><strong>una</strong></span> <span class='ocrx_word' id='word_1_219' title='bbox 1373 2248 1470 2330; x_wconf 91' lang='lat' dir='ltr'><strong>hypo-</strong></span> 
     </span>
     <span class='ocr_line' id='line_1_23' title="bbox 117 2332 1471 2418; baseline 0.001 -19"><span class='ocrx_word' id='word_1_220' title='bbox 117 2336 245 2399; x_wconf 88' lang='lat' dir='ltr'><strong>thesium</strong></span> <span class='ocrx_word' id='word_1_221' title='bbox 271 2336 367 2396; x_wconf 87' lang='lat' dir='ltr'><strong>forma</strong></span> <span class='ocrx_word' id='word_1_222' title='bbox 390 2354 463 2396; x_wconf 89' lang='lat' dir='ltr'><strong>vera</strong></span> <span class='ocrx_word' id='word_1_223' title='bbox 486 2355 553 2396; x_wconf 91' lang='lat' dir='ltr'><strong>esse</strong></span> <span class='ocrx_word' id='word_1_224' title='bbox 577 2334 685 2414; x_wconf 87' lang='lat' dir='ltr'><strong>possit.</strong></span> <span class='ocrx_word' id='word_1_225' title='bbox 733 2332 814 2405; x_wconf 87' lang='lat' dir='ltr'><strong>Quid</strong></span> <span class='ocrx_word' id='word_1_226' title='bbox 837 2344 939 2396; x_wconf 87' lang='lat' dir='ltr'><strong>autem</strong></span> <span class='ocrx_word' id='word_1_227' title='bbox 967 2354 1004 2395; x_wconf 78' lang='lat' dir='ltr'><strong>ea</strong></span> <span class='ocrx_word' id='word_1_228' title='bbox 1028 2335 1074 2397; x_wconf 91' lang='lat' dir='ltr'><strong>his</strong></span> <span class='ocrx_word' id='word_1_229' title='bbox 1097 2353 1199 2409; x_wconf 86' lang='lat' dir='ltr'><strong>verum</strong></span> <span class='ocrx_word' id='word_1_230' title='bbox 1223 2335 1278 2411; x_wconf 87' lang='lat' dir='ltr'><strong>sit,</strong></span> <span class='ocrx_word' id='word_1_231' title='bbox 1312 2335 1382 2418; x_wconf 93' lang='lat' dir='ltr'><strong>quid</strong></span> <span class='ocrx_word' id='word_1_232' title='bbox 1410 2336 1471 2400; x_wconf 86' lang='lat' dir='ltr'><strong>fal-</strong></span> 
     </span>
     <span class='ocr_line' id='line_1_24' title="bbox 116 2421 1473 2504; baseline -0.001 -17"><span class='ocrx_word' id='word_1_233' title='bbox 116 2445 191 2498; x_wconf 90' lang='lat' dir='ltr'><strong>sum,</strong></span> <span class='ocrx_word' id='word_1_234' title='bbox 217 2443 309 2504; x_wconf 89' lang='lat' dir='ltr'><strong>penes</strong></span> <span class='ocrx_word' id='word_1_235' title='bbox 332 2444 402 2485; x_wconf 89' lang='lat' dir='ltr'><strong>vere</strong></span> <span class='ocrx_word' id='word_1_236' title='bbox 426 2424 636 2504; x_wconf 89' lang='lat' dir='ltr'><strong>philosophum</strong></span> <span class='ocrx_word' id='word_1_237' title='bbox 659 2430 708 2484; x_wconf 89' lang='lat' dir='ltr'><strong>est</strong></span> <span class='ocrx_word' id='word_1_238' title='bbox 730 2423 900 2485; x_wconf 84' lang='lat' dir='ltr'><strong>decernere.</strong></span> <span class='ocrx_word' id='word_1_239' title='bbox 949 2421 1072 2486; x_wconf 85' lang='lat' dir='ltr'><strong>Certum</strong></span> <span class='ocrx_word' id='word_1_240' title='bbox 1097 2432 1197 2485; x_wconf 89' lang='lat' dir='ltr'><strong>tamen</strong></span> <span class='ocrx_word' id='word_1_241' title='bbox 1217 2433 1274 2499; x_wconf 90' lang='lat' dir='ltr'><strong>est,</strong></span> <span class='ocrx_word' id='word_1_242' title='bbox 1300 2445 1358 2486; x_wconf 94' lang='lat' dir='ltr'><strong>non</strong></span> <span class='ocrx_word' id='word_1_243' title='bbox 1372 2425 1473 2488; x_wconf 85' lang='lat' dir='ltr'><strong>omnia</strong></span> 
     </span>
     <span class='ocr_line' id='line_1_25' title="bbox 117 2510 1473 2592; baseline 0.003 -17"><span class='ocrx_word' id='word_1_244' title='bbox 117 2532 194 2589; x_wconf 90' lang='lat' dir='ltr'><strong>esse,</strong></span> <span class='ocrx_word' id='word_1_245' title='bbox 220 2522 253 2575; x_wconf 93' lang='lat' dir='ltr'><strong>ut</strong></span> <span class='ocrx_word' id='word_1_246' title='bbox 276 2513 354 2575; x_wconf 90' lang='lat' dir='ltr'><strong>Urso</strong></span> <span class='ocrx_word' id='word_1_247' title='bbox 378 2513 527 2589; x_wconf 82' lang='lat' dir='ltr'><strong>videntur,</strong></span> <span class='ocrx_word' id='word_1_248' title='bbox 552 2531 654 2574; x_wconf 88' lang='lat' dir='ltr'><strong>crasse</strong></span> <span class='ocrx_word' id='word_1_249' title='bbox 679 2511 819 2573; x_wconf 89' lang='lat' dir='ltr'><strong>absurda.</strong></span> <span class='ocrx_word' id='word_1_250' title='bbox 866 2511 943 2573; x_wconf 89' lang='lat' dir='ltr'><strong>Mihi</strong></span> <span class='ocrx_word' id='word_1_251' title='bbox 968 2530 1041 2573; x_wconf 86' lang='lat' dir='ltr'><strong>sane</strong></span> <span class='ocrx_word' id='word_1_252' title='bbox 1065 2511 1139 2574; x_wconf 92' lang='lat' dir='ltr'><strong>nihil</strong></span> <span class='ocrx_word' id='word_1_253' title='bbox 1164 2512 1272 2576; x_wconf 88' lang='lat' dir='ltr'><strong>falsum</strong></span> <span class='ocrx_word' id='word_1_254' title='bbox 1288 2510 1473 2592; x_wconf 86' lang='lat' dir='ltr'><strong>Copemicus</strong></span> 
     </span>
     <span class='ocr_line' id='line_1_26' title="bbox 116 2598 1471 2683; baseline 0.001 -18"><span class='ocrx_word' id='word_1_255' title='bbox 116 2603 230 2665; x_wconf 85' lang='lat' dir='ltr'><strong>dixisse</strong></span> <span class='ocrx_word' id='word_1_256' title='bbox 255 2602 389 2664; x_wconf 89' lang='lat' dir='ltr'><strong>videtur:</strong></span> <span class='ocrx_word' id='word_1_257' title='bbox 415 2604 551 2683; x_wconf 91' lang='lat' dir='ltr'><strong>quodque</strong></span> <span class='ocrx_word' id='word_1_258' title='bbox 575 2601 649 2662; x_wconf 90' lang='lat' dir='ltr'><strong>meis</strong></span> <span class='ocrx_word' id='word_1_259' title='bbox 672 2619 725 2680; x_wconf 92' lang='lat' dir='ltr'><strong>pro</strong></span> <span class='ocrx_word' id='word_1_260' title='bbox 751 2598 917 2679; x_wconf 89' lang='lat' dir='ltr'><strong>Cupernico</strong></span> <span class='ocrx_word' id='word_1_261' title='bbox 941 2600 1037 2663; x_wconf 82' lang='lat' dir='ltr'><strong>defuit</strong></span> <span class='ocrx_word' id='word_1_262' title='bbox 1060 2601 1257 2680; x_wconf 87' lang='lat' dir='ltr'><strong>argumentis,</strong></span> <span class='ocrx_word' id='word_1_263' title='bbox 1283 2602 1313 2663; x_wconf 90' lang='lat' dir='ltr'><strong>id</strong></span> <span class='ocrx_word' id='word_1_264' title='bbox 1336 2602 1471 2665; x_wconf 86' lang='lat' dir='ltr'><strong>admira·</strong></span> 
     </span>
     <span class='ocr_line' id='line_1_27' title="bbox 116 2687 1471 2771; baseline -0.001 -16"><span class='ocrx_word' id='word_1_265' title='bbox 116 2692 168 2755; x_wconf 89' lang='lat' dir='ltr'><strong>bili</strong></span> <span class='ocrx_word' id='word_1_266' title='bbox 193 2691 319 2752; x_wconf 88' lang='lat' dir='ltr'><strong>solertia</strong></span> <span class='ocrx_word' id='word_1_267' title='bbox 342 2692 573 2771; x_wconf 80' lang='lat' dir='ltr'><strong>experiendique</strong></span> <span class='ocrx_word' id='word_1_268' title='bbox 593 2689 741 2753; x_wconf 86' lang='lat' dir='ltr'><strong>industria</strong></span> <span class='ocrx_word' id='word_1_269' title='bbox 759 2690 917 2770; x_wconf 89' lang='lat' dir='ltr'><strong>supplesse</strong></span> <span class='ocrx_word' id='word_1_270' title='bbox 934 2689 1052 2752; x_wconf 89' lang='lat' dir='ltr'><strong>videtur</strong></span> <span class='ocrx_word' id='word_1_271' title='bbox 1069 2687 1275 2752; x_wconf 87' lang='lat' dir='ltr'><strong>Gilbertus</strong></span> <span class='ocrx_word' id='word_1_272' title='bbox 1296 2688 1471 2754; x_wconf 88' lang='lat' dir='ltr'><strong>Guiliel·</strong></span> 
     </span>
     <span class='ocr_line' id='line_1_28' title="bbox 116 2779 671 2859; baseline -0.011 -14"><span class='ocrx_word' id='word_1_273' title='bbox 116 2800 193 2845; x_wconf 92' lang='lat' dir='ltr'><strong>mus</strong></span> <span class='ocrx_word' id='word_1_274' title='bbox 216 2781 358 2859; x_wconf 85' lang='lat' dir='ltr'><strong>Auglus</strong></span> <span class='ocrx_word' id='word_1_275' title='bbox 383 2781 411 2842; x_wconf 84' lang='lat' dir='ltr'><strong>iu</strong></span> <span class='ocrx_word' id='word_1_276' title='bbox 434 2800 466 2842; x_wconf 91' lang='lat' dir='ltr'><strong>re</strong></span> <span class='ocrx_word' id='word_1_277' title='bbox 489 2779 671 2858; x_wconf 85' lang='lat' dir='ltr'><strong>magnetica.</strong></span> 
     </span>
    </p>

    <p class='ocr_par' dir='ltr' id='par_1_4' title="bbox 109 2864 1554 4549">
     <span class='ocr_line' id='line_1_29' title="bbox 204 2864 1471 2951; baseline 0.001 -19"><span class='ocrx_word' id='word_1_278' title='bbox 204 2869 318 2942; x_wconf 85' lang='lat' dir='ltr'><strong>Quinto</strong></span> <span class='ocrx_word' id='word_1_279' title='bbox 343 2871 486 2951; x_wconf 87' lang='lat' dir='ltr'><strong>desperat</strong></span> <span class='ocrx_word' id='word_1_280' title='bbox 508 2888 597 2930; x_wconf 87' lang='lat' dir='ltr'><strong>veras</strong></span> <span class='ocrx_word' id='word_1_281' title='bbox 621 2867 804 2949; x_wconf 87' lang='lat' dir='ltr'><strong>hypotheses</strong></span> <span class='ocrx_word' id='word_1_282' title='bbox 832 2865 862 2927; x_wconf 94' lang='lat' dir='ltr'><strong>in</strong></span> <span class='ocrx_word' id='word_1_283' title='bbox 887 2864 1087 2935; x_wconf 90' lang='lat' dir='ltr'><strong>astronomia,</strong></span> <span class='ocrx_word' id='word_1_284' title='bbox 1121 2865 1357 2948; x_wconf 91' lang='lat' dir='ltr'><strong>Pyrrhoniorum</strong></span> <span class='ocrx_word' id='word_1_285' title='bbox 1388 2888 1471 2932; x_wconf 89' lang='lat' dir='ltr'><strong>more</strong></span> 
     </span>
     <span class='ocr_line' id='line_1_30' title="bbox 115 2955 1470 3037; baseline -0.001 -16"><span class='ocrx_word' id='word_1_286' title='bbox 115 2960 215 3021; x_wconf 89' lang='lat' dir='ltr'><strong>omnia</strong></span> <span class='ocrx_word' id='word_1_287' title='bbox 237 2960 353 3021; x_wconf 91' lang='lat' dir='ltr'><strong>incerta</strong></span> <span class='ocrx_word' id='word_1_288' title='bbox 377 2959 501 3021; x_wconf 85' lang='lat' dir='ltr'><strong>faciens.</strong></span> <span class='ocrx_word' id='word_1_289' title='bbox 546 2957 625 3018; x_wconf 84' lang='lat' dir='ltr'><strong>Esse</strong></span> <span class='ocrx_word' id='word_1_290' title='bbox 649 2957 795 3037; x_wconf 91' lang='lat' dir='ltr'><strong>quosdam</strong></span> <span class='ocrx_word' id='word_1_291' title='bbox 811 2956 915 3018; x_wconf 81' lang='lat' dir='ltr'><strong>¹adbuc</strong></span> <span class='ocrx_word' id='word_1_292' title='bbox 943 2974 1056 3017; x_wconf 88' lang='lat' dir='ltr'><strong>naevos</strong></span> <span class='ocrx_word' id='word_1_293' title='bbox 1087 2957 1178 3016; x_wconf 87' lang='lat' dir='ltr'><strong>etiam</strong></span> <span class='ocrx_word' id='word_1_294' title='bbox 1207 2955 1237 3017; x_wconf 93' lang='lat' dir='ltr'><strong>iu</strong></span> <span class='ocrx_word' id='word_1_295' title='bbox 1260 2956 1371 3036; x_wconf 89' lang='lat' dir='ltr'><strong>optime</strong></span> <span class='ocrx_word' id='word_1_296' title='bbox 1394 2977 1470 3033; x_wconf 87' lang='lat' dir='ltr'><strong>cqu-</strong></span> 
     </span>
     <span class='ocr_line' id='line_1_31' title="bbox 113 3044 1468 3128; baseline -0.001 -17"><span class='ocrx_word' id='word_1_297' title='bbox 113 3050 223 3112; x_wconf 89' lang='lat' dir='ltr'><strong>stituta</strong></span> <span class='ocrx_word' id='word_1_298' title='bbox 247 3048 433 3111; x_wconf 86' lang='lat' dir='ltr'><strong>astronomis</strong></span> <span class='ocrx_word' id='word_1_299' title='bbox 454 3056 673 3128; x_wconf 90' lang='lat' dir='ltr'><strong>proptereaque</strong></span> <span class='ocrx_word' id='word_1_300' title='bbox 698 3046 781 3108; x_wconf 87' lang='lat' dir='ltr'><strong>etin</strong></span> <span class='ocrx_word' id='word_1_301' title='bbox 806 3044 1033 3126; x_wconf 82' lang='lat' dir='ltr'><strong>hypothesibus,</strong></span> <span class='ocrx_word' id='word_1_302' title='bbox 1059 3062 1146 3106; x_wconf 88' lang='lat' dir='ltr'><strong>uerno</strong></span> <span class='ocrx_word' id='word_1_303' title='bbox 1170 3053 1277 3125; x_wconf 88' lang='lat' dir='ltr'><strong>negat:</strong></span> <span class='ocrx_word' id='word_1_304' title='bbox 1312 3054 1344 3108; x_wconf 93' lang='lat' dir='ltr'><strong>et</strong></span> <span class='ocrx_word' id='word_1_305' title='bbox 1367 3047 1468 3122; x_wconf 83' lang='lat' dir='ltr'><strong>idest,</strong></span> 
     </span>
     <span class='ocr_line' id='line_1_32' title="bbox 114 3131 1469 3216; baseline -0.001 -15"><span class='ocrx_word' id='word_1_306' title='bbox 114 3159 167 3204; x_wconf 89' lang='lat' dir='ltr'><strong>eur</strong></span> <span class='ocrx_word' id='word_1_307' title='bbox 198 3138 359 3201; x_wconf 89' lang='lat' dir='ltr'><strong>hodiedum</strong></span> <span class='ocrx_word' id='word_1_308' title='bbox 395 3137 424 3199; x_wconf 92' lang='lat' dir='ltr'><strong>iu</strong></span> <span class='ocrx_word' id='word_1_309' title='bbox 454 3135 645 3198; x_wconf 89' lang='lat' dir='ltr'><strong>restitutione</strong></span> <span class='ocrx_word' id='word_1_310' title='bbox 674 3144 833 3214; x_wconf 89' lang='lat' dir='ltr'><strong>tantopere</strong></span> <span class='ocrx_word' id='word_1_311' title='bbox 865 3134 1026 3195; x_wconf 89' lang='lat' dir='ltr'><strong>laboretur.</strong></span> <span class='ocrx_word' id='word_1_312' title='bbox 1080 3131 1223 3196; x_wconf 88' lang='lat' dir='ltr'><strong>Ceterum</strong></span> <span class='ocrx_word' id='word_1_313' title='bbox 1251 3133 1379 3197; x_wconf 84' lang='lat' dir='ltr'><strong>incerta·</strong></span> <span class='ocrx_word' id='word_1_314' title='bbox 1397 3155 1469 3216; x_wconf 89' lang='lat' dir='ltr'><strong>pro-</strong></span> 
     </span>
     <span class='ocr_line' id='line_1_33' title="bbox 113 3222 1469 3309; baseline -0.001 -19"><span class='ocrx_word' id='word_1_315' title='bbox 113 3237 220 3309; x_wconf 89' lang='lat' dir='ltr'><strong>pterea</strong></span> <span class='ocrx_word' id='word_1_316' title='bbox 244 3227 403 3290; x_wconf 90' lang='lat' dir='ltr'><strong>omniane</strong></span> <span class='ocrx_word' id='word_1_317' title='bbox 427 3227 493 3307; x_wconf 93' lang='lat' dir='ltr'><strong>quis</strong></span> <span class='ocrx_word' id='word_1_318' title='bbox 517 3225 609 3289; x_wconf 88' lang='lat' dir='ltr'><strong>dicat.</strong></span> <span class='ocrx_word' id='word_1_319' title='bbox 648 3225 768 3286; x_wconf 84' lang='lat' dir='ltr'><strong>invenit</strong></span> <span class='ocrx_word' id='word_1_320' title='bbox 791 3222 992 3285; x_wconf 88' lang='lat' dir='ltr'><strong>astronomiae</strong></span> <span class='ocrx_word' id='word_1_321' title='bbox 1012 3241 1103 3304; x_wconf 90' lang='lat' dir='ltr'><strong>opera</strong></span> <span class='ocrx_word' id='word_1_322' title='bbox 1117 3223 1319 3298; x_wconf 88' lang='lat' dir='ltr'><strong>Ptolemaeus,</strong></span> <span class='ocrx_word' id='word_1_323' title='bbox 1343 3225 1469 3288; x_wconf 80' lang='lat' dir='ltr'><strong>lixarum</strong></span> 
     </span>
     <span class='ocr_line' id='line_1_34' title="bbox 114 3311 1471 3398; baseline -0.001 -20"><span class='ocrx_word' id='word_1_324' title='bbox 114 3318 275 3398; x_wconf 87' lang='lat' dir='ltr'><strong>sphaeram</strong></span> <span class='ocrx_word' id='word_1_325' title='bbox 298 3315 585 3388; x_wconf 75' lang='lat' dir='ltr'><strong>esse&#39;altissimam,</strong></span> <span class='ocrx_word' id='word_1_326' title='bbox 611 3314 694 3394; x_wconf 87' lang='lat' dir='ltr'><strong>sequi</strong></span> <span class='ocrx_word' id='word_1_327' title='bbox 715 3312 816 3374; x_wconf 93' lang='lat' dir='ltr'><strong>ordine</strong></span> <span class='ocrx_word' id='word_1_328' title='bbox 841 3311 1017 3385; x_wconf 85' lang='lat' dir='ltr'><strong>Saturnum,</strong></span> <span class='ocrx_word' id='word_1_329' title='bbox 1041 3311 1168 3386; x_wconf 90' lang='lat' dir='ltr'><strong>Jovem,</strong></span> <span class='ocrx_word' id='word_1_330' title='bbox 1193 3312 1342 3388; x_wconf 91' lang='lat' dir='ltr'><strong>Martem,</strong></span> <span class='ocrx_word' id='word_1_331' title='bbox 1368 3312 1471 3377; x_wconf 89' lang='lat' dir='ltr'><strong>Solem</strong></span> 
     </span>
     <span class='ocr_line' id='line_1_35' title="bbox 113 3402 1470 3480; baseline -0.004 -11"><span class='ocrx_word' id='word_1_332' title='bbox 113 3407 160 3469; x_wconf 92' lang='lat' dir='ltr'><strong>his</strong></span> <span class='ocrx_word' id='word_1_333' title='bbox 184 3406 366 3480; x_wconf 88' lang='lat' dir='ltr'><strong>inferiorem,</strong></span> <span class='ocrx_word' id='word_1_334' title='bbox 390 3406 507 3466; x_wconf 91' lang='lat' dir='ltr'><strong>Lunam</strong></span> <span class='ocrx_word' id='word_1_335' title='bbox 531 3404 672 3465; x_wconf 86' lang='lat' dir='ltr'><strong>infimam.</strong></span> <span class='ocrx_word' id='word_1_336' title='bbox 719 3403 804 3469; x_wconf 87' lang='lat' dir='ltr'><strong>Haec</strong></span> <span class='ocrx_word' id='word_1_337' title='bbox 828 3411 910 3463; x_wconf 89' lang='lat' dir='ltr'><strong>certe</strong></span> <span class='ocrx_word' id='word_1_338' title='bbox 935 3419 1007 3461; x_wconf 84' lang='lat' dir='ltr'><strong>vera</strong></span> <span class='ocrx_word' id='word_1_339' title='bbox 1030 3410 1101 3462; x_wconf 91' lang='lat' dir='ltr'><strong>suut</strong></span> <span class='ocrx_word' id='word_1_340' title='bbox 1123 3410 1155 3462; x_wconf 94' lang='lat' dir='ltr'><strong>et</strong></span> <span class='ocrx_word' id='word_1_341' title='bbox 1174 3402 1286 3463; x_wconf 84' lang='lat' dir='ltr'><strong>formae</strong></span> <span class='ocrx_word' id='word_1_342' title='bbox 1301 3403 1470 3464; x_wconf 87' lang='lat' dir='ltr'><strong>mundanae</strong></span> 
     </span>
     <span class='ocr_line' id='line_1_36' title="bbox 113 3488 1469 3571; baseline -0.003 -14"><span class='ocrx_word' id='word_1_343' title='bbox 113 3515 256 3558; x_wconf 88' lang='lat' dir='ltr'><strong>consona.</strong></span> <span class='ocrx_word' id='word_1_344' title='bbox 304 3496 388 3557; x_wconf 91' lang='lat' dir='ltr'><strong>Idem</strong></span> <span class='ocrx_word' id='word_1_345' title='bbox 416 3513 574 3555; x_wconf 89' lang='lat' dir='ltr'><strong>ascensum</strong></span> <span class='ocrx_word' id='word_1_346' title='bbox 600 3501 631 3553; x_wconf 89' lang='lat' dir='ltr'><strong>et</strong></span> <span class='ocrx_word' id='word_1_347' title='bbox 654 3493 831 3554; x_wconf 89' lang='lat' dir='ltr'><strong>descensum</strong></span> <span class='ocrx_word' id='word_1_348' title='bbox 855 3490 959 3551; x_wconf 91' lang='lat' dir='ltr'><strong>Lunae</strong></span> <span class='ocrx_word' id='word_1_349' title='bbox 988 3488 1076 3550; x_wconf 88' lang='lat' dir='ltr'><strong>nimis</strong></span> <span class='ocrx_word' id='word_1_350' title='bbox 1105 3508 1247 3568; x_wconf 87' lang='lat' dir='ltr'><strong>magnum</strong></span> <span class='ocrx_word' id='word_1_351' title='bbox 1278 3508 1469 3571; x_wconf 90' lang='lat' dir='ltr'><strong>praesuppo-</strong></span> 
     </span>
     <span class='ocr_line' id='line_1_37' title="bbox 111 3577 1469 3664; baseline -0.004 -18"><span class='ocrx_word' id='word_1_352' title='bbox 111 3585 184 3648; x_wconf 91' lang='lat' dir='ltr'><strong>suit.</strong></span> <span class='ocrx_word' id='word_1_353' title='bbox 228 3583 278 3646; x_wconf 82' lang='lat' dir='ltr'><strong>Ex</strong></span> <span class='ocrx_word' id='word_1_354' title='bbox 297 3586 357 3645; x_wconf 59' lang='lat' dir='ltr'><strong>vhac</strong></span> <span class='ocrx_word' id='word_1_355' title='bbox 372 3582 531 3664; x_wconf 90' lang='lat' dir='ltr'><strong>hypothesi</strong></span> <span class='ocrx_word' id='word_1_356' title='bbox 554 3582 663 3643; x_wconf 81' lang='lat' dir='ltr'><strong>falsum</strong></span> <span class='ocrx_word' id='word_1_357' title='bbox 687 3588 718 3641; x_wconf 94' lang='lat' dir='ltr'><strong>et</strong></span> <span class='ocrx_word' id='word_1_358' title='bbox 741 3579 779 3640; x_wconf 87' lang='lat' dir='ltr'><strong>ab</strong></span> <span class='ocrx_word' id='word_1_359' title='bbox 793 3578 950 3658; x_wconf 86' lang='lat' dir='ltr'><strong>apparenti</strong></span> <span class='ocrx_word' id='word_1_360' title='bbox 965 3577 1071 3639; x_wconf 90' lang='lat' dir='ltr'><strong>Lunae</strong></span> <span class='ocrx_word' id='word_1_361' title='bbox 1089 3578 1294 3658; x_wconf 89' lang='lat' dir='ltr'><strong>magnitudine</strong></span> <span class='ocrx_word' id='word_1_362' title='bbox 1318 3578 1469 3641; x_wconf 88' lang='lat' dir='ltr'><strong>dissidens</strong></span> 
     </span>
     <span class='ocr_line' id='line_1_38' title="bbox 112 3666 1464 3754; baseline -0.006 -19"><span class='ocrx_word' id='word_1_363' title='bbox 112 3675 183 3754; x_wconf 92' lang='lat' dir='ltr'><strong>quid</strong></span> <span class='ocrx_word' id='word_1_364' title='bbox 206 3673 290 3753; x_wconf 92' lang='lat' dir='ltr'><strong>sequi</strong></span> <span class='ocrx_word' id='word_1_365' title='bbox 314 3672 572 3752; x_wconf 91' lang='lat' dir='ltr'><strong>Regiomontanus</strong></span> <span class='ocrx_word' id='word_1_366' title='bbox 596 3677 628 3731; x_wconf 94' lang='lat' dir='ltr'><strong>et</strong></span> <span class='ocrx_word' id='word_1_367' title='bbox 652 3667 834 3748; x_wconf 88' lang='lat' dir='ltr'><strong>Ceperuicus</strong></span> <span class='ocrx_word' id='word_1_368' title='bbox 859 3666 1129 3746; x_wconf 90' lang='lat' dir='ltr'><strong>deprehenderunt.</strong></span> <span class='ocrx_word' id='word_1_369' title='bbox 1176 3666 1324 3727; x_wconf 82' lang='lat' dir='ltr'><strong>Dixemnt</strong></span> <span class='ocrx_word' id='word_1_370' title='bbox 1352 3666 1464 3746; x_wconf 89' lang='lat' dir='ltr'><strong>itaque,</strong></span> 
     </span>
     <span class='ocr_line' id='line_1_39' title="bbox 111 3754 1467 3835; baseline -0.007 -10"><span class='ocrx_word' id='word_1_371' title='bbox 111 3763 229 3825; x_wconf 86' lang='lat' dir='ltr'><strong>Lunam</strong></span> <span class='ocrx_word' id='word_1_372' title='bbox 252 3782 310 3825; x_wconf 92' lang='lat' dir='ltr'><strong>nou</strong></span> <span class='ocrx_word' id='word_1_373' title='bbox 335 3768 438 3824; x_wconf 90' lang='lat' dir='ltr'><strong>tantos</strong></span> <span class='ocrx_word' id='word_1_374' title='bbox 462 3762 561 3823; x_wconf 87' lang='lat' dir='ltr'><strong>facere</strong></span> <span class='ocrx_word' id='word_1_375' title='bbox 586 3761 683 3820; x_wconf 84' lang='lat' dir='ltr'><strong>saltus</strong></span> <span class='ocrx_word' id='word_1_376' title='bbox 713 3757 743 3819; x_wconf 92' lang='lat' dir='ltr'><strong>in</strong></span> <span class='ocrx_word' id='word_1_377' title='bbox 766 3757 861 3818; x_wconf 92' lang='lat' dir='ltr'><strong>altum</strong></span> <span class='ocrx_word' id='word_1_378' title='bbox 885 3766 917 3817; x_wconf 90' lang='lat' dir='ltr'><strong>et</strong></span> <span class='ocrx_word' id='word_1_379' title='bbox 943 3755 1131 3835; x_wconf 87' lang='lat' dir='ltr'><strong>profundum.</strong></span> <span class='ocrx_word' id='word_1_380' title='bbox 1178 3755 1220 3816; x_wconf 85' lang='lat' dir='ltr'><strong>Et</strong></span> <span class='ocrx_word' id='word_1_381' title='bbox 1247 3754 1313 3834; x_wconf 93' lang='lat' dir='ltr'><strong>quis</strong></span> <span class='ocrx_word' id='word_1_382' title='bbox 1337 3755 1467 3827; x_wconf 82' lang='lat' dir='ltr'><strong>dubitat,</strong></span> 
     </span>
     <span class='ocr_line' id='line_1_40' title="bbox 112 3841 1469 3931; baseline -0.005 -17"><span class='ocrx_word' id='word_1_383' title='bbox 112 3852 261 3931; x_wconf 86' lang='lat' dir='ltr'><strong>quiahoc</strong></span> <span class='ocrx_word' id='word_1_384' title='bbox 286 3870 392 3913; x_wconf 89' lang='lat' dir='ltr'><strong>revera</strong></span> <span class='ocrx_word' id='word_1_385' title='bbox 414 3850 457 3911; x_wconf 91' lang='lat' dir='ltr'><strong>sic</strong></span> <span class='ocrx_word' id='word_1_386' title='bbox 481 3850 511 3910; x_wconf 93' lang='lat' dir='ltr'><strong>iu</strong></span> <span class='ocrx_word' id='word_1_387' title='bbox 535 3849 618 3910; x_wconf 91' lang='lat' dir='ltr'><strong>coelo</strong></span> <span class='ocrx_word' id='word_1_388' title='bbox 642 3868 675 3909; x_wconf 93' lang='lat' dir='ltr'><strong>se</strong></span> <span class='ocrx_word' id='word_1_389' title='bbox 705 3845 841 3908; x_wconf 75' lang='lat' dir='ltr'><strong>habeat?</strong></span> <span class='ocrx_word' id='word_1_390' title='bbox 886 3844 932 3905; x_wconf 91' lang='lat' dir='ltr'><strong>De</strong></span> <span class='ocrx_word' id='word_1_391' title='bbox 960 3844 1151 3924; x_wconf 87' lang='lat' dir='ltr'><strong>proportione</strong></span> <span class='ocrx_word' id='word_1_392' title='bbox 1172 3844 1296 3918; x_wconf 88' lang='lat' dir='ltr'><strong>Terrae,</strong></span> <span class='ocrx_word' id='word_1_393' title='bbox 1331 3841 1412 3906; x_wconf 89' lang='lat' dir='ltr'><strong>Solis</strong></span> <span class='ocrx_word' id='word_1_394' title='bbox 1436 3854 1469 3907; x_wconf 91' lang='lat' dir='ltr'><strong>et</strong></span> 
     </span>
     <span class='ocr_line' id='line_1_41' title="bbox 110 3931 1468 4018; baseline -0.006 -15"><span class='ocrx_word' id='word_1_395' title='bbox 110 3941 215 4003; x_wconf 90' lang='lat' dir='ltr'><strong>Lunae</strong></span> <span class='ocrx_word' id='word_1_396' title='bbox 238 3939 269 4003; x_wconf 80' lang='lat' dir='ltr'><strong>rie</strong></span> <span class='ocrx_word' id='word_1_397' title='bbox 290 3943 407 4013; x_wconf 75' lang='lat' dir='ltr'><strong>alares,</strong></span> <span class='ocrx_word' id='word_1_398' title='bbox 439 3939 504 4018; x_wconf 88' lang='lat' dir='ltr'><strong>quis</strong></span> <span class='ocrx_word' id='word_1_399' title='bbox 529 3956 640 4017; x_wconf 88' lang='lat' dir='ltr'><strong>quaeso</strong></span> <span class='ocrx_word' id='word_1_400' title='bbox 665 3945 714 3997; x_wconf 92' lang='lat' dir='ltr'><strong>est</strong></span> <span class='ocrx_word' id='word_1_401' title='bbox 737 3936 785 4015; x_wconf 92' lang='lat' dir='ltr'><strong>qui</strong></span> <span class='ocrx_word' id='word_1_402' title='bbox 810 3934 940 4007; x_wconf 89' lang='lat' dir='ltr'><strong>dubitet,</strong></span> <span class='ocrx_word' id='word_1_403' title='bbox 966 3932 1024 3994; x_wconf 91' lang='lat' dir='ltr'><strong>nisi</strong></span> <span class='ocrx_word' id='word_1_404' title='bbox 1047 3933 1280 3995; x_wconf 88' lang='lat' dir='ltr'><strong>melancholicus</strong></span> <span class='ocrx_word' id='word_1_405' title='bbox 1303 3931 1412 4015; x_wconf 88' lang='lat' dir='ltr'><strong>aliquis</strong></span> <span class='ocrx_word' id='word_1_406' title='bbox 1435 3942 1468 3995; x_wconf 88' lang='lat' dir='ltr'><strong>et</strong></span> 
     </span>
     <span class='ocr_line' id='line_1_42' title="bbox 111 4021 1467 4110; baseline -0.004 -18"><span class='ocrx_word' id='word_1_407' title='bbox 111 4029 377 4110; x_wconf 87' lang='lat' dir='ltr'><strong>desperabundus?</strong></span> <span class='ocrx_word' id='word_1_408' title='bbox 423 4029 472 4090; x_wconf 86' lang='lat' dir='ltr'><strong>Ita</strong></span> <span class='ocrx_word' id='word_1_409' title='bbox 494 4027 583 4088; x_wconf 93' lang='lat' dir='ltr'><strong>hodie</strong></span> <span class='ocrx_word' id='word_1_410' title='bbox 607 4045 693 4087; x_wconf 90' lang='lat' dir='ltr'><strong>nemo</strong></span> <span class='ocrx_word' id='word_1_411' title='bbox 717 4043 805 4105; x_wconf 91' lang='lat' dir='ltr'><strong>porro</strong></span> <span class='ocrx_word' id='word_1_412' title='bbox 829 4032 879 4086; x_wconf 92' lang='lat' dir='ltr'><strong>est</strong></span> <span class='ocrx_word' id='word_1_413' title='bbox 906 4023 955 4102; x_wconf 93' lang='lat' dir='ltr'><strong>qui</strong></span> <span class='ocrx_word' id='word_1_414' title='bbox 980 4021 1111 4094; x_wconf 91' lang='lat' dir='ltr'><strong>dubitet,</strong></span> <span class='ocrx_word' id='word_1_415' title='bbox 1147 4022 1230 4101; x_wconf 90' lang='lat' dir='ltr'><strong>quin,</strong></span> <span class='ocrx_word' id='word_1_416' title='bbox 1261 4021 1340 4100; x_wconf 93' lang='lat' dir='ltr'><strong>quod</strong></span> <span class='ocrx_word' id='word_1_417' title='bbox 1364 4022 1467 4086; x_wconf 86' lang='lat' dir='ltr'><strong>estin</strong></span> 
     </span>
     <span class='ocr_line' id='line_1_43' title="bbox 112 4109 1554 4201; baseline -0.009 -21"><span class='ocrx_word' id='word_1_418' title='bbox 112 4119 262 4201; x_wconf 84' lang='lat' dir='ltr'><strong>Tychouis</strong></span> <span class='ocrx_word' id='word_1_419' title='bbox 290 4127 322 4180; x_wconf 89' lang='lat' dir='ltr'><strong>et</strong></span> <span class='ocrx_word' id='word_1_420' title='bbox 350 4115 508 4198; x_wconf 87' lang='lat' dir='ltr'><strong>Copemici</strong></span> <span class='ocrx_word' id='word_1_421' title='bbox 536 4114 753 4195; x_wconf 88' lang='lat' dir='ltr'><strong>hypothesibus</strong></span> <span class='ocrx_word' id='word_1_422' title='bbox 786 4130 954 4186; x_wconf 88' lang='lat' dir='ltr'><strong>commune,</strong></span> <span class='ocrx_word' id='word_1_423' title='bbox 989 4109 1042 4172; x_wconf 87' lang='lat' dir='ltr'><strong>Sol</strong></span> <span class='ocrx_word' id='word_1_424' title='bbox 1073 4128 1177 4189; x_wconf 89' lang='lat' dir='ltr'><strong>nempe</strong></span> <span class='ocrx_word' id='word_1_425' title='bbox 1208 4119 1343 4172; x_wconf 89' lang='lat' dir='ltr'><strong>centmm</strong></span> <span class='ocrx_word' id='word_1_426' title='bbox 1368 4119 1467 4175; x_wconf 89' lang='lat' dir='ltr'><strong>motus</strong></span> <span class='ocrx_word' id='word_1_427' title='bbox 1517 4156 1554 4167; x_wconf 84' lang='grc'><strong>,.</strong></span> 
     </span>
     <span class='ocr_line' id='line_1_44' title="bbox 110 4199 1466 4288; baseline -0.007 -17"><span class='ocrx_word' id='word_1_428' title='bbox 110 4206 130 4271; x_wconf 87' lang='grc'>5</span> <span class='ocrx_word' id='word_1_429' title='bbox 154 4209 357 4288; x_wconf 87' lang='lat' dir='ltr'><strong>planetarum,</strong></span> <span class='ocrx_word' id='word_1_430' title='bbox 382 4206 412 4268; x_wconf 92' lang='lat' dir='ltr'><strong>id</strong></span> <span class='ocrx_word' id='word_1_431' title='bbox 435 4224 541 4268; x_wconf 88' lang='lat' dir='ltr'><strong>revera</strong></span> <span class='ocrx_word' id='word_1_432' title='bbox 563 4205 607 4266; x_wconf 92' lang='lat' dir='ltr'><strong>sic</strong></span> <span class='ocrx_word' id='word_1_433' title='bbox 630 4223 663 4264; x_wconf 90' lang='lat' dir='ltr'><strong>se</strong></span> <span class='ocrx_word' id='word_1_434' title='bbox 687 4203 800 4264; x_wconf 89' lang='lat' dir='ltr'><strong>habeat</strong></span> <span class='ocrx_word' id='word_1_435' title='bbox 823 4203 852 4263; x_wconf 92' lang='lat' dir='ltr'><strong>in</strong></span> <span class='ocrx_word' id='word_1_436' title='bbox 876 4202 942 4281; x_wconf 92' lang='lat' dir='ltr'><strong>ipso</strong></span> <span class='ocrx_word' id='word_1_437' title='bbox 966 4201 1065 4275; x_wconf 90' lang='lat' dir='ltr'><strong>coelo,</strong></span> <span class='ocrx_word' id='word_1_438' title='bbox 1099 4199 1158 4261; x_wconf 91' lang='lat' dir='ltr'><strong>etsi</strong></span> <span class='ocrx_word' id='word_1_439' title='bbox 1181 4199 1300 4261; x_wconf 88' lang='lat' dir='ltr'><strong>iuterim</strong></span> <span class='ocrx_word' id='word_1_440' title='bbox 1323 4200 1359 4261; x_wconf 89' lang='lat' dir='ltr'><strong>de</strong></span> <span class='ocrx_word' id='word_1_441' title='bbox 1383 4208 1466 4262; x_wconf 90' lang='lat' dir='ltr'><strong>motu</strong></span> 
     </span>
     <span class='ocr_line' id='line_1_45' title="bbox 110 4288 1466 4378; baseline -0.002 -24"><span class='ocrx_word' id='word_1_442' title='bbox 110 4300 158 4359; x_wconf 81' lang='lat' dir='ltr'><strong>vel</strong></span> <span class='ocrx_word' id='word_1_443' title='bbox 177 4299 277 4378; x_wconf 88' lang='lat' dir='ltr'><strong>quiete</strong></span> <span class='ocrx_word' id='word_1_444' title='bbox 301 4295 383 4358; x_wconf 88' lang='lat' dir='ltr'><strong>Solis</strong></span> <span class='ocrx_word' id='word_1_445' title='bbox 407 4296 476 4357; x_wconf 90' lang='lat' dir='ltr'><strong>hinc</strong></span> <span class='ocrx_word' id='word_1_446' title='bbox 499 4293 568 4356; x_wconf 90' lang='lat' dir='ltr'><strong>iude</strong></span> <span class='ocrx_word' id='word_1_447' title='bbox 591 4293 754 4354; x_wconf 84' lang='lat' dir='ltr'><strong>dubitetur.</strong></span> <span class='ocrx_word' id='word_1_448' title='bbox 801 4291 889 4353; x_wconf 84' lang='lat' dir='ltr'><strong>Talia</strong></span> <span class='ocrx_word' id='word_1_449' title='bbox 904 4289 999 4351; x_wconf 89' lang='lat' dir='ltr'><strong>multa</strong></span> <span class='ocrx_word' id='word_1_450' title='bbox 1013 4296 1084 4350; x_wconf 90' lang='lat' dir='ltr'><strong>sunt</strong></span> <span class='ocrx_word' id='word_1_451' title='bbox 1102 4288 1245 4350; x_wconf 86' lang='lat' dir='ltr'><strong>beneficio</strong></span> <span class='ocrx_word' id='word_1_452' title='bbox 1263 4289 1466 4352; x_wconf 89' lang='lat' dir='ltr'><strong>astronomiae</strong></span> 
     </span>
     <span class='ocr_line' id='line_1_46' title="bbox 109 4378 1467 4466; baseline -0.007 -17"><span class='ocrx_word' id='word_1_453' title='bbox 109 4386 255 4449; x_wconf 83' lang='lat' dir='ltr'><strong>hactenus</strong></span> <span class='ocrx_word' id='word_1_454' title='bbox 283 4386 313 4448; x_wconf 92' lang='lat' dir='ltr'><strong>in</strong></span> <span class='ocrx_word' id='word_1_455' title='bbox 344 4384 471 4466; x_wconf 89' lang='lat' dir='ltr'><strong>physica</strong></span> <span class='ocrx_word' id='word_1_456' title='bbox 497 4383 627 4445; x_wconf 87' lang='lat' dir='ltr'><strong>scientia</strong></span> <span class='ocrx_word' id='word_1_457' title='bbox 649 4380 830 4455; x_wconf 89' lang='lat' dir='ltr'><strong>constituta,</strong></span> <span class='ocrx_word' id='word_1_458' title='bbox 862 4398 938 4459; x_wconf 91' lang='lat' dir='ltr'><strong>quae</strong></span> <span class='ocrx_word' id='word_1_459' title='bbox 968 4378 1057 4440; x_wconf 87' lang='lat' dir='ltr'><strong>fidem</strong></span> <span class='ocrx_word' id='word_1_460' title='bbox 1079 4378 1109 4439; x_wconf 93' lang='lat' dir='ltr'><strong>iu</strong></span> <span class='ocrx_word' id='word_1_461' title='bbox 1137 4386 1292 4457; x_wconf 88' lang='lat' dir='ltr'><strong>posterum</strong></span> <span class='ocrx_word' id='word_1_462' title='bbox 1314 4386 1467 4441; x_wconf 89' lang='lat' dir='ltr'><strong>merentur</strong></span> 
     </span>
     <span class='ocr_line' id='line_1_47' title="bbox 109 4467 1168 4549; baseline -0.008 -13"><span class='ocrx_word' id='word_1_463' title='bbox 109 4484 142 4538; x_wconf 90' lang='lat' dir='ltr'><strong>et</strong></span> <span class='ocrx_word' id='word_1_464' title='bbox 164 4495 271 4538; x_wconf 87' lang='lat' dir='ltr'><strong>revera</strong></span> <span class='ocrx_word' id='word_1_465' title='bbox 294 4474 338 4537; x_wconf 91' lang='lat' dir='ltr'><strong>sic</strong></span> <span class='ocrx_word' id='word_1_466' title='bbox 362 4472 541 4546; x_wconf 79' lang='lat' dir='ltr'><strong>cebebant,</strong></span> <span class='ocrx_word' id='word_1_467' title='bbox 567 4481 600 4534; x_wconf 93' lang='lat' dir='ltr'><strong>ut</strong></span> <span class='ocrx_word' id='word_1_468' title='bbox 622 4471 693 4533; x_wconf 90' lang='lat' dir='ltr'><strong>Ursi</strong></span> <span class='ocrx_word' id='word_1_469' title='bbox 718 4469 889 4549; x_wconf 89' lang='lat' dir='ltr'><strong>desperatio</strong></span> <span class='ocrx_word' id='word_1_470' title='bbox 914 4469 978 4530; x_wconf 91' lang='lat' dir='ltr'><strong>sine</strong></span> <span class='ocrx_word' id='word_1_471' title='bbox 1002 4488 1094 4530; x_wconf 87' lang='lat' dir='ltr'><strong>causa</strong></span> <span class='ocrx_word' id='word_1_472' title='bbox 1118 4467 1168 4528; x_wconf 91' lang='lat' dir='ltr'><strong>sit.</strong></span> 
     </span>
    </p>

    <p class='ocr_par' dir='ltr' id='par_1_5' title="bbox 107 4554 1466 4906">
     <span class='ocr_line' id='line_1_48' title="bbox 199 4554 1466 4644; baseline -0.008 -17"><span class='ocrx_word' id='word_1_473' title='bbox 199 4563 295 4629; x_wconf 76' lang='lat' dir='ltr'><strong>Sexto</strong></span> <span class='ocrx_word' id='word_1_474' title='bbox 317 4563 463 4644; x_wconf 87' lang='lat' dir='ltr'><strong>plurimas</strong></span> <span class='ocrx_word' id='word_1_475' title='bbox 487 4562 531 4623; x_wconf 90' lang='lat' dir='ltr'><strong>ait</strong></span> <span class='ocrx_word' id='word_1_476' title='bbox 554 4560 763 4644; x_wconf 86' lang='lat' dir='ltr'><strong>hypothesium</strong></span> <span class='ocrx_word' id='word_1_477' title='bbox 783 4559 905 4627; x_wconf 81' lang='lat' dir='ltr'><strong>formas,</strong></span> <span class='ocrx_word' id='word_1_478' title='bbox 919 4557 1047 4637; x_wconf 87' lang='lat' dir='ltr'><strong>confingi</strong></span> <span class='ocrx_word' id='word_1_479' title='bbox 1074 4575 1174 4636; x_wconf 89' lang='lat' dir='ltr'><strong>posse.</strong></span> <span class='ocrx_word' id='word_1_480' title='bbox 1221 4554 1307 4617; x_wconf 89' lang='lat' dir='ltr'><strong>Adeo</strong></span> <span class='ocrx_word' id='word_1_481' title='bbox 1331 4556 1397 4617; x_wconf 89' lang='lat' dir='ltr'><strong>leve</strong></span> <span class='ocrx_word' id='word_1_482' title='bbox 1421 4555 1466 4618; x_wconf 91' lang='lat' dir='ltr'><strong>illi</strong></span> 
     </span>
     <span class='ocr_line' id='line_1_49' title="bbox 108 4643 1465 4735; baseline -0.004 -20"><span class='ocrx_word' id='word_1_483' title='bbox 108 4655 263 4735; x_wconf 89' lang='lat' dir='ltr'><strong>negotium</strong></span> <span class='ocrx_word' id='word_1_484' title='bbox 287 4660 336 4715; x_wconf 92' lang='lat' dir='ltr'><strong>est</strong></span> <span class='ocrx_word' id='word_1_485' title='bbox 366 4649 573 4734; x_wconf 90' lang='lat' dir='ltr'><strong>hypotheseon</strong></span> <span class='ocrx_word' id='word_1_486' title='bbox 602 4647 789 4711; x_wconf 88' lang='lat' dir='ltr'><strong>constitutio.</strong></span> <span class='ocrx_word' id='word_1_487' title='bbox 836 4648 881 4710; x_wconf 85' lang='lat' dir='ltr'><strong>At</strong></span> <span class='ocrx_word' id='word_1_488' title='bbox 910 4667 947 4707; x_wconf 88' lang='lat' dir='ltr'><strong>ea</strong></span> <span class='ocrx_word' id='word_1_489' title='bbox 974 4646 1064 4726; x_wconf 88' lang='lat' dir='ltr'><strong>plena</strong></span> <span class='ocrx_word' id='word_1_490' title='bbox 1092 4643 1203 4707; x_wconf 87' lang='lat' dir='ltr'><strong>laboris</strong></span> <span class='ocrx_word' id='word_1_491' title='bbox 1235 4652 1284 4705; x_wconf 90' lang='lat' dir='ltr'><strong>est</strong></span> <span class='ocrx_word' id='word_1_492' title='bbox 1313 4653 1345 4707; x_wconf 87' lang='lat' dir='ltr'><strong>et</strong></span> <span class='ocrx_word' id='word_1_493' title='bbox 1375 4664 1465 4709; x_wconf 85' lang='lat' dir='ltr'><strong>curae</strong></span> 
     </span>
     <span class='ocr_line' id='line_1_50' title="bbox 108 4731 1464 4822; baseline -0.007 -17"><span class='ocrx_word' id='word_1_494' title='bbox 108 4762 258 4816; x_wconf 87' lang='lat' dir='ltr'><strong>summae,</strong></span> <span class='ocrx_word' id='word_1_495' title='bbox 293 4743 370 4822; x_wconf 92' lang='lat' dir='ltr'><strong>quod</strong></span> <span class='ocrx_word' id='word_1_496' title='bbox 395 4740 503 4803; x_wconf 88' lang='lat' dir='ltr'><strong>testari</strong></span> <span class='ocrx_word' id='word_1_497' title='bbox 527 4747 682 4819; x_wconf 87' lang='lat' dir='ltr'><strong>poterunt,</strong></span> <span class='ocrx_word' id='word_1_498' title='bbox 709 4737 758 4817; x_wconf 90' lang='lat' dir='ltr'><strong>qui</strong></span> <span class='ocrx_word' id='word_1_499' title='bbox 783 4756 849 4798; x_wconf 90' lang='lat' dir='ltr'><strong>eam</strong></span> <span class='ocrx_word' id='word_1_500' title='bbox 873 4736 1081 4815; x_wconf 89' lang='lat' dir='ltr'><strong>degustarunt.</strong></span> <span class='ocrx_word' id='word_1_501' title='bbox 1127 4731 1315 4795; x_wconf 86' lang='lat' dir='ltr'><strong>Praesidium</strong></span> <span class='ocrx_word' id='word_1_502' title='bbox 1345 4734 1464 4814; x_wconf 88' lang='lat' dir='ltr'><strong>quidem</strong></span> 
     </span>
     <span class='ocr_line' id='line_1_51' title="bbox 107 4820 1466 4906; baseline -0.01 -8"><span class='ocrx_word' id='word_1_503' title='bbox 107 4832 203 4897; x_wconf 83' lang='lat' dir='ltr'><strong>habet</strong></span> <span class='ocrx_word' id='word_1_504' title='bbox 225 4833 299 4895; x_wconf 87' lang='lat' dir='ltr'><strong>haec</strong></span> <span class='ocrx_word' id='word_1_505' title='bbox 323 4830 477 4893; x_wconf 88' lang='lat' dir='ltr'><strong>sententia</strong></span> <span class='ocrx_word' id='word_1_506' title='bbox 499 4829 673 4893; x_wconf 89' lang='lat' dir='ltr'><strong>nonnullum</strong></span> <span class='ocrx_word' id='word_1_507' title='bbox 696 4827 724 4889; x_wconf 92' lang='lat' dir='ltr'><strong>in</strong></span> <span class='ocrx_word' id='word_1_508' title='bbox 751 4845 796 4895; x_wconf 90' lang='lat' dir='ltr'><strong>eo,</strong></span> <span class='ocrx_word' id='word_1_509' title='bbox 820 4826 898 4906; x_wconf 93' lang='lat' dir='ltr'><strong>quod</strong></span> <span class='ocrx_word' id='word_1_510' title='bbox 915 4825 1010 4887; x_wconf 89' lang='lat' dir='ltr'><strong>Ursus</strong></span> <span class='ocrx_word' id='word_1_511' title='bbox 1030 4823 1145 4886; x_wconf 91' lang='lat' dir='ltr'><strong>nonnisi</strong></span> <span class='ocrx_word' id='word_1_512' title='bbox 1169 4820 1292 4883; x_wconf 89' lang='lat' dir='ltr'><strong>fictitias</strong></span> <span class='ocrx_word' id='word_1_513' title='bbox 1316 4842 1384 4885; x_wconf 87' lang='lat' dir='ltr'><strong>esse</strong></span> <span class='ocrx_word' id='word_1_514' title='bbox 1401 4824 1466 4887; x_wconf 91' lang='lat' dir='ltr'><strong>vult</strong></span> 
     </span>
    </p>

    <p class='ocr_par' dir='ltr' id='par_1_6' title="bbox 1189 4922 1251 4979">
     <span class='ocr_line' id='line_1_52' title="bbox 1189 4922 1251 4979; baseline 0.032 -2"><span class='ocrx_word' id='word_1_515' title='bbox 1189 4922 1251 4979; x_wconf 72' lang='lat' dir='ltr'><strong>tt*</strong></span> 
     </span>
    </p>
   </div>
   <div class='ocr_carea' id='block_1_3' title="bbox 0 0 1718 5542">
    <p class='ocr_par' dir='ltr' id='par_1_7' title="bbox 0 0 1718 5542">
     <span class='ocr_line' id='line_1_53' title="bbox 0 0 1718 5542; baseline 0 3"><span class='ocrx_word' id='word_1_516' title='bbox 0 0 1718 5542; x_wconf 95' lang='lat' dir='ltr'><strong> </strong></span> 
     </span>
    </p>
   </div>
  </div>
 </body>
</html>
