3428 5542
643 288 967 383 mosius-ec
1419 320 1485 398 τοι

122 487 249 591 quilibet
272 509 292 552 a
315 489 449 569 quolibet
470 490 500 552 io
525 487 694 570 Gopernieo
709 489 881 553 dissideret
928 490 1093 554 Plurimum
1119 490 1263 572 temporis
1288 488 1347 554 isto
1372 494 1486 571 labore,

122 577 208 655 quasi
241 578 320 652 lusa,
355 579 491 660 perdidi;
524 597 590 641 cum
623 580 705 641 nulla
740 598 834 659 neque
867 580 998 658 ipsarum
1037 581 1275 659 proportionum,
1309 601 1404 663 neque
1435 584 1484 645 in-

123 675 341 729 crementorum
374 675 536 771 appareret
571 667 759 748 aequalitas:
793 668 924 748 nihilque
957 667 1099 730 utilitatis
1128 669 1196 731 inde
1224 672 1363 750 percepi,
1398 691 1487 752 quarn

123 756 202 834 quod
226 756 420 818 distantias
411 775 512 836 ipsas,
547 763 580 818 ut
612 754 822 836 aCnpernicc
852 757 992 837 proditae
1025 765 1112 831 sunt,
1132 750 1295 819 altissime
1323 760 1487 823 memoriae

125 845 286 924 insculpsi:
321 846 458 926 quodque
482 845 557 907 baec
581 845 731 906 variorum
755 852 914 906 conatuum
938 845 1184 909 commemoratio
1212 854 1296 909 tunm
1319 868 1485 926 assensum,

124 934 236 1004 lector,
260 934 346 1014 quasi
370 933 491 997 marinis
516 934 670 1008 fluctibus,
702 934 789 995 anxie
816 935 884 995 binc
909 935 976 996 inde
995 935 1114 1013 jactare
1138 943 1255 1014 potest,
1281 937 1387 1016 quibus
1412 939 1486 1000 lati-

126 1032 215 1102 gntus
244 1022 370 1102 denique
402 1029 489 1084 tauto
517 1021 658 1085 libentius
683 1023 721 1084 ad
745 1042 854 1084 causas
878 1023 934 1084 hoc
958 1023 1059 1085 libello
1084 1024 1256 1103 expositas,
1279 1032 1424 1106 tanquam
1448 1028 1486 1090 ad

127 1120 222 1172 tutum
252 1120 370 1191 portum
399 1121 429 1172 te
453 1110 592 1190 recipias.
638 1110 885 1175 consolabantur
909 1132 954 1173 me
989 1120 1090 1177 tamen
1122 1113 1245 1174 subinde
1279 1121 1311 1175 et
1339 1115 1367 1176 in
1401 1134 1485 1196 spem

124 1200 278 1263 meliorem
310 1200 469 1281 erigebant
506 1218 572 1262 cum
601 1201 680 1263 aliae
714 1201 862 1275 rationes,
897 1219 973 1280 quae
1001 1200 1080 1261 inlra
1111 1207 1286 1281 sequentur,
1320 1210 1383 1265 tum
1408 1206 1486 1286 quod

125 1308 245 1368 semper
277 1297 376 1351 motus
405 1288 581 1351 distantiam
611 1308 688 1369 pone
718 1289 802 1370 sequi
826 1288 999 1364 videbatur,
1034 1298 1124 1369 atque
1157 1289 1206 1353 ubi
1235 1309 1362 1372 magnus
1385 1293 1486 1357 hiatus

127 1386 194 1440 erat
222 1378 302 1440 inter
330 1380 435 1453 orbes,
469 1387 537 1450 erat
564 1385 594 1439 et
618 1379 697 1440 inter
724 1387 833 1440 motus.
881 1376 969 1448 Quod
994 1378 1019 1440 si
1045 1378 1249 1457 (cogitabam)
1271 1379 1354 1442 Deus
1387 1391 1486 1444 motus

127 1467 166 1527 ad
190 1467 403 1530 distantiamm
426 1467 645 1547 praescriptum
668 1467 789 1546 aptavit
812 1467 950 1531 orbibus:
976 1467 1078 1548 utique
1103 1474 1134 1528 et
1157 1467 1240 1546 ipsas
1259 1468 1424 1533 distantias
1447 1471 1486 1532 ad

126 1557 253 1636 alicujus
277 1557 321 1618 rei
344 1557 564 1636 praescriptum
589 1556 835 1618 accommodavit.

215 1644 292 1708 Cum
313 1645 406 1726 igitur
428 1645 487 1707 bac
510 1665 570 1706 nou
594 1646 783 1720 succederet,
808 1645 870 1706 alia
893 1644 955 1717 via,
980 1644 1085 1707 mimm
1107 1653 1200 1723 'quam
1223 1646 1344 1718 audaci,
1368 1647 1485 1710 tentavi

124 1735 251 1797 aditum.
300 1736 384 1797 Inter
409 1734 518 1796 Jovern
547 1742 580 1795 et
611 1735 742 1796 Martem
776 1733 941 1815 interposui
974 1751 1082 1808 novum
1113 1733 1322 1813 planetam,⁰)
1356 1735 1486 1817 itemque

126 1824 218 1885 alium
243 1824 322 1887 iuter
345 1823 496 1886 Venerem
519 1832 552 1884 et
574 1823 770 1898 Mercurium,
805 1841 879 1904 quos
903 1823 977 1884 duos
1002 1823 1079 1884 torte
1103 1822 1140 1882 ob
1165 1822 1330 1886 exilitatem
1355 1843 1412 1885 noo
1437 1825 1485 1886 vi-

127 1914 268 1986 deamus,
292 1912 388 1993 iisque
411 1932 468 1974 sua
490 1920 627 1992 tempora
649 1919 800 1991 arepentina
824 1911 960 1989 ascripsi.
1008 1910 1059 1972 Sic
1084 1909 1162 1972 enim
1186 1913 1413 1985 existimabam,
1439 1932 1485 1976 me

126 2001 259 2081 aliquam
282 2001 499 2081 aequalitatem
522 2001 747 2082 proportionum
771 2003 963 2073 effecturum,
989 2018 1064 2080 qnae
1083 2001 1293 2079 proportiones
1309 2003 1386 2064 inter
1400 2003 1487 2064 binos

128 2110 234 2152 versus
258 2089 360 2154 Solem
394 2091 498 2153 ordine
521 2089 737 2166 minuerentur,
770 2109 877 2153 versus
901 2089 977 2150 lixas
1001 2099 1214 2169 augescerent:
1240 2101 1272 2152 ut
1295 2091 1417 2171 propior
1439 2099 1489 2153 est

127 2180 222 2241 Terra
245 2180 397 2241 Veneri'
389 2199 419 2240 ιιι
449 2179 619 2259 quantitate
643 2173 725 2241 ornis
744 2178 926 2252 Terrestris,
961 2195 1047 2258 quam
1074 2179 1158 2238 Mars
1185 2179 1333 2241 Terrae
1326 2201 1353 2241 m
1388 2198 1486 2260 quau-

126 2255 217 2330 titate
250 2269 331 2330 orbis
364 2267 479 2330 Martii.
526 2269 640 2329 Verum
672 2289 767 2348 neque
801 2269 886 2329 unius
917 2267 1059 2345 planetae
1095 2266 1285 2347 interpositio
1318 2268 1489 2330 sufficiebat

126 2357 242 2436 ingenti
265 2357 360 2419 hiatui
384 2356 414 2431 ‘ll
438 2365 528 2427 etd.
575 2358 722 2419 Manebat
753 2358 830 2418 euim
853 2355 951 2434 major
978 2353 1066 2416 Joris
1100 2355 1140 2416 ad
1164 2355 1244 2419 illum
1278 2377 1385 2419 novum
1413 2375 1486 2436 pro-

128 2447 243 2525 portio,
280 2465 368 2526 quam
404 2454 454 2508 est
481 2445 604 2508 Saturni
640 2447 678 2507 ad
709 2446 832 2507 Jovem:
872 2454 903 2506 et
936 2443 991 2504 boc
1023 2452 1114 2522 paeto
1149 2446 1284 2524 quamvis
1319 2446 1486 2509 obtinerem

128 2535 359 2616 qualemcunque
388 2535 627 2615 proportionem,
658 2537 755 2597 uullus
780 2543 971 2596 tamencum
1000 2533 1115 2593 ratione
1147 2534 1228 2608 linis,
1264 2536 1361 2595 nullus
1386 2542 1486 2595 certus

128 2643 267 2685 numerus
290 2623 441 2686 mobilium
467 2624 582 2686 futurus
607 2632 689 2692 erat,
725 2644 819 2705 neque
842 2642 949 2685 versus
973 2621 1065 2692 fixas.
1095 2641 1188 2702 usque
1214 2623 1282 2684 dum
1306 2624 1376 2684 illae
1401 2623 1485 2702 ipsae

129 2720 336 2775 occurrerent:
369 2732 464 2793 neque
488 2731 594 2775 versus
619 2712 721 2776 Solem
747 2733 889 2794 unquam,
922 2710 991 2790 quia
1015 2709 1122 2783 divisio
1151 2711 1241 2790 spatii
1271 2721 1340 2790 post
1363 2712 1486 2773 Mercu-

129 2803 204 2863 rium
228 2800 338 2864 residui
372 2821 425 2880 per
452 2802 529 2863 bano
561 2803 783 2882 proportionem
812 2803 841 2864 in
869 2799 1015 2864 inlinitum
1043 2800 1231 2878 procederet.
1279 2801 1384 2880 Neque
1410 2799 1488 2861 euim

128 2891 166 2951 ab
189 2891 277 2951 ullius
297 2891 410 2952 numeri
430 2890 588 2953 nobilitate
609 2892 771 2971 conjectari
795 2887 980 2970 poteram‘),

127 2999 180 3040 cur
202 2998 256 3058 pro
280 2978 401 3040 infinitis
430 2988 492 3041 tam
515 2999 613 3060 pauca
636 2979 756 3041 mobilia
784 2980 978 3044 extitissent:
1017 3018 1038 3063 J

126 3069 232 3169 Neque
257 3068 431 3131 verisimilia
454 3068 526 3129 dicit
550 3068 732 3131 Rbeticns
724 3089 754 3130 ιιι
782 3090 838 3132 sua
859 3070 1008 3132 Narra·
1027 3056 1053 3118 t⁶
1351 3106 1379 3151 1

128 3157 219 3231 tinue,
245 3176 311 3218 cum
335 3177 353 3217 a
376 3157 540 3220 sanctitate
562 3158 672 3220 senarii
692 3166 918 3236 argumentatur
941 3158 980 3219 ad
1025 3135 1321 3280 j-¹

128 3265 280 3308 numemm
304 3265 358 3307 sex
385 3247 535 3308 coelorum
559 3246 720 3311 mobilium.
767 3249 847 3310 Nam
870 3248 919 3327 qui
944 3248 981 3308 de

127 3334 222 3414 ipsius
237 3335 338 3397 mundi
353 3334 474 3397 conditu
489 3337 634 3439 disputat,
659 3357 715 3398 non
736 3338 826 3398 debet
848 3337 981 3398 rationes
1025 3344 1040 3384 ἱ

127 3423 218 3485 abiis
232 3423 361 3486 numeris
375 3425 494 3500 ducere,
519 3426 567 3506 qui
587 3446 624 3486 ex
638 3427 727 3487 rebus
747 3419 862 3487 mundo
874 3433 981 3505 poste·
1024 3452 1040 3518 q

105 3509 256 3575 'rioribus
279 3513 457 3593 dignitatem
481 3514 610 3595 aliquam
635 3514 737 3594 adepti
761 3522 841 3576 suut.
856 3517 885 3588 ⁸)

217 3597 353 3665 Rursum
373 3602 432 3665 alio
456 3604 543 3664 modo
560 3604 724 3684 exploravi,
750 3610 847 3664 utrum
870 3622 927 3664 non
951 3603 981 3664 in

128 3691 234 3751 eodem
262 3691 430 3770 quadrante
459 3691 604 3754 distantia
646 3692 805 3771 cujuslibet
841 3692 981 3770 planetae
1048 3766 1049 3769 Ἴ

128 3780 168 3841 sit
192 3778 343 3841 residuum
368 3799 406 3841 ex
435 3779 518 3856 sinu,
553 3791 583 3843 et
611 3790 709 3842 motus
738 3781 801 3860 ejus
834 3781 875 3841 sit
901 3780 981 3841 resi-

128 3869 218 3929 duum
241 3888 279 3929 ex
302 3867 368 3947 ejus
387 3870 596 3950 complementi
617 3871 693 3932 sinu.
733 3871 879 3950 Fingatur
904 3889 981 3948 qua·
1022 3886 1045 3936 e

128 3959 248 4019 dratum
270 3957 341 4032 ΑΒ,
367 3978 385 4018 a
408 3958 631 4020 semidiametro
655 3959 747 4020 totius
771 3957 901 4021 universi
925 3954 981 4018 Ac

127 4047 322 4126 descriptum.
368 4046 416 4107 Ex
440 4048 550 4127 angulo
573 4048 665 4128 igitur
687 4049 712 4109 B
737 4048 801 4110 Soli
825 4048 889 4109 sive
918 4053 1020 4108 centro
1055 4044 1155 4108 mundi
1178 4047 1209 4108 A
1239 4044 1378 4126 opposito
1408 4046 1488 4109 seri-

126 4137 217 4197 batur
240 4154 306 4197 cum
331 4133 414 4198 radin
439 4134 492 4198 Bc
517 4138 668 4218 quadrans
693 4135 785 4198 CED.
829 4136 945 4198 Deinde
969 4135 998 4196 in
1023 4154 1094 4196 vero
1118 4136 1218 4198 mundi
1242 4134 1326 4197 radio
1349 4133 1407 4198 Ac
1432 4154 1488 4196 no-

127 4233 230 4286 tentur
253 4223 321 4300 Sol,
346 4225 423 4287 fixae
447 4234 478 4286 et
501 4226 622 4288 mobilia
644 4245 698 4306 pro
721 4227 838 4289 ratione
863 4224 1091 4286 distantiarum:
1117 4247 1136 4285 a
1160 4224 1264 4305 quibus
1289 4225 1408 4302 punctis
1432 4242 1489 4283 ex-

126 4314 258 4375 citentur
279 4322 392 4388 rectae,
417 4332 510 4394 nsque
534 4316 573 4377 ad
597 4316 755 4379 obversum
769 4313 834 4377 Soli
859 4314 1056 4394 quadrantem
1080 4321 1248 4392 porrectae.
1286 4310 1372 4380 Quae
1397 4310 1488 4390 igitur

125 4412 174 4463 est
206 4402 360 4482 proportio
396 4403 623 4485 parallelorum,
658 4405 782 4465 eandem
812 4401 933 4464 virtutis
961 4401 1110 4464 moventis
1140 4402 1210 4463 linui
1234 4419 1326 4481 penes
1350 4398 1488 4477 singulos

125 4492 278 4570 planetas.
317 4493 351 4553 ln
367 4489 448 4554 Solis
470 4492 549 4554 linea
572 4493 702 4555 infinitas
726 4501 891 4572 permanet,
918 4490 987 4570 quia
1011 4490 1069 4552 AD
1093 4491 1228 4594 tangitur
1252 4505 1308 4547 uon
1334 4493 1487 4546 secutura

127 4580 305 4659 quadrante.
342 4580 463 4642 lulinita
486 4579 578 4660 igitur
600 4582 646 4644 vis
669 4590 768 4643 motus
784 4581 813 4642 iu
830 4580 912 4652 Sole,
938 4598 1043 4659 nempe
1068 4579 1109 4640 nil
1133 4579 1189 4640 nisi
1214 4584 1312 4637 motus
1336 4572 1488 4650 ipsissimo

127 4679 207 4731 actu.
251 4669 285 4731 ln
309 4669 460 4731 Mercurio
484 4669 599 4732 infinita
623 4671 754 4735 lineam
779 4670 808 4730 Κ
832 4668 969 4735 abscissa
993 4676 1050 4730 est.
1090 4666 1190 4738 Quare
1216 4664 1280 4742 ejus
1304 4659 1435 4721 molus
1422 4677 1488 4737 Jam

126 4766 175 4819 est
199 4758 238 4819 ad
258 4767 377 4820 ceteros
392 4759 610 4837 comparabilis.
646 4760 679 4822 ln
704 4759 771 4820 lixis
795 4758 907 4819 amissa
932 4764 980 4818 est
1004 4757 1123 4818 omuino
1146 4756 1235 4824 linea,
1260 4758 1293 4808 et
1315 4765 1489 4824 compressa

126 4846 154 4909 in
181 4865 294 4910 merum
317 4845 521 4927 puuctumC.
568 4848 660 4910 Nulla
693 4847 784 4935 igitur
815 4846 854 4909 ibi
887 4846 983 4909 virtus
1012 4846 1049 4909 ad
1078 4853 1201 4909 motum.
1245 4837 1310 4899 Hoc
1334 4834 1489 4895 theorema

1192 2964 1237 3014 mg.
1253 2967 1273 3006 8.
