<?xml version="1.0" encoding="UTF-8"?>
<!DOCTYPE html PUBLIC "-//W3C//DTD XHTML 1.0 Transitional//EN"
    "http://www.w3.org/TR/xhtml1/DTD/xhtml1-transitional.dtd">
<html xmlns="http://www.w3.org/1999/xhtml" xml:lang="en" lang="en">
 <head>
  <title>
</title>
<meta http-equiv="Content-Type" content="text/html;charset=utf-8" />
  <meta name='ocr-system' content='tesseract 3.04.00' />
  <meta name='ocr-capabilities' content='ocr_page ocr_carea ocr_par ocr_line ocrx_word'/>
</head>
<body>
  <div class='ocr_page' id='page_1' title='image "./joanniskepleria10frisgoog_0433.png"; bbox 0 0 3428 5542; ppageno 0'>
   <div class='ocr_carea' id='block_1_1' title="bbox 172 308 966 380">
    <p class='ocr_par' dir='ltr' id='par_1_1' title="bbox 172 308 966 380">
     <span class='ocr_line' id='line_1_1' title="bbox 172 308 966 380; baseline -0.018 -2"><span class='ocrx_word' id='word_1_1' title='bbox 172 308 243 380; x_wconf 82' lang='lat' dir='ltr'>tto</span> <span class='ocrx_word' id='word_1_2' title='bbox 742 314 966 380; x_wconf 62' lang='grc' dir='ltr'>ιιι-ψ</span> 
     </span>
    </p>
   </div>
   <div class='ocr_carea' id='block_1_2' title="bbox 172 475 1535 4818">
    <p class='ocr_par' dir='ltr' id='par_1_2' title="bbox 172 475 1535 4818">
     <span class='ocr_line' id='line_1_2' title="bbox 174 475 1535 555; baseline -0.001 -19"><span class='ocrx_word' id='word_1_3' title='bbox 174 475 714 555; x_wconf 76' lang='lat' dir='ltr'>ago.utreritatemego(mjus</span> <span class='ocrx_word' id='word_1_4' title='bbox 743 486 1535 553; x_wconf 62' lang='lat' dir='ltr'>mmmmmprontusempennunseqer</span> 
     </span>
     <span class='ocr_line' id='line_1_3' title="bbox 176 558 1532 645; baseline -0.004 -18"><span class='ocrx_word' id='word_1_5' title='bbox 176 558 319 645; x_wconf 85' lang='lat' dir='ltr'>idoneus)</span> <span class='ocrx_word' id='word_1_6' title='bbox 346 564 387 626; x_wconf 83' lang='lat' dir='ltr'>ed</span> <span class='ocrx_word' id='word_1_7' title='bbox 418 580 517 623; x_wconf 87' lang='lat' dir='ltr'>meum</span> <span class='ocrx_word' id='word_1_8' title='bbox 545 563 735 625; x_wconf 78' lang='lat' dir='ltr'>commodum</span> <span class='ocrx_word' id='word_1_9' title='bbox 761 564 900 642; x_wconf 83' lang='lat' dir='ltr'>dirigam.</span> <span class='ocrx_word' id='word_1_10' title='bbox 948 564 982 623; x_wconf 89' lang='lat' dir='ltr'>ln</span> <span class='ocrx_word' id='word_1_11' title='bbox 1009 564 1147 623; x_wconf 84' lang='lat' dir='ltr'>omuibus</span> <span class='ocrx_word' id='word_1_12' title='bbox 1172 564 1382 642; x_wconf 68' lang='lat' dir='ltr'>mguusuets</span> <span class='ocrx_word' id='word_1_13' title='bbox 1408 561 1441 622; x_wconf 88' lang='lat' dir='ltr'>id</span> <span class='ocrx_word' id='word_1_14' title='bbox 1463 580 1532 641; x_wconf 76' lang='lat' dir='ltr'>age,</span> 
     </span>
     <span class='ocr_line' id='line_1_4' title="bbox 175 650 1534 733; baseline -0.002 -18"><span class='ocrx_word' id='word_1_15' title='bbox 175 662 210 715; x_wconf 90' lang='lat' dir='ltr'>ut</span> <span class='ocrx_word' id='word_1_16' title='bbox 231 654 270 715; x_wconf 83' lang='lat' dir='ltr'>de</span> <span class='ocrx_word' id='word_1_17' title='bbox 287 653 417 733; x_wconf 67' lang='lat' dir='ltr'>montis</span> <span class='ocrx_word' id='word_1_18' title='bbox 439 650 612 719; x_wconf 68' lang='lat' dir='ltr'>wotentii,</span> <span class='ocrx_word' id='word_1_19' title='bbox 634 652 807 731; x_wconf 79' lang='lat' dir='ltr'>quaemihi</span> <span class='ocrx_word' id='word_1_20' title='bbox 836 670 926 712; x_wconf 78' lang='lat' dir='ltr'>cerae</span> <span class='ocrx_word' id='word_1_21' title='bbox 948 652 1102 723; x_wconf 75' lang='lat' dir='ltr'>sideutm,</span> <span class='ocrx_word' id='word_1_22' title='bbox 1126 664 1248 728; x_wconf 83' lang='lat' dir='ltr'>gustum</span> <span class='ocrx_word' id='word_1_23' title='bbox 1270 652 1405 730; x_wconf 75' lang='lat' dir='ltr'>aliquem</span> <span class='ocrx_word' id='word_1_24' title='bbox 1423 651 1534 729; x_wconf 69' lang='lat' dir='ltr'>‘pen-</span> 
     </span>
     <span class='ocr_line' id='line_1_5' title="bbox 174 740 1532 820; baseline -0.002 -16"><span class='ocrx_word' id='word_1_25' title='bbox 174 743 283 804; x_wconf 81' lang='lat' dir='ltr'>ditatir</span> <span class='ocrx_word' id='word_1_26' title='bbox 306 752 340 804; x_wconf 85' lang='lat' dir='ltr'>ct</span> <span class='ocrx_word' id='word_1_27' title='bbox 359 740 534 820; x_wconf 81' lang='lat' dir='ltr'>majestatis</span> <span class='ocrx_word' id='word_1_28' title='bbox 555 752 682 802; x_wconf 87' lang='lat' dir='ltr'>naturae</span> <span class='ocrx_word' id='word_1_29' title='bbox 713 741 877 819; x_wconf 85' lang='lat' dir='ltr'>praebeam</span> <span class='ocrx_word' id='word_1_30' title='bbox 898 741 960 801; x_wconf 89' lang='lat' dir='ltr'>illis</span> <span class='ocrx_word' id='word_1_31' title='bbox 982 758 1076 819; x_wconf 82' lang='lat' dir='ltr'>supra</span> <span class='ocrx_word' id='word_1_32' title='bbox 1097 741 1229 801; x_wconf 72' lang='lat' dir='ltr'>demitis</span> <span class='ocrx_word' id='word_1_33' title='bbox 1251 741 1329 802; x_wconf 85' lang='lat' dir='ltr'>meis</span> <span class='ocrx_word' id='word_1_34' title='bbox 1351 740 1532 802; x_wconf 81' lang='lat' dir='ltr'>lectoribus:</span> 
     </span>
     <span class='ocr_line' id='line_1_6' title="bbox 176 828 1533 910; baseline -0.003 -17"><span class='ocrx_word' id='word_1_35' title='bbox 176 833 203 893; x_wconf 88' lang='lat' dir='ltr'>si</span> <span class='ocrx_word' id='word_1_36' title='bbox 232 832 311 892; x_wconf 88' lang='lat' dir='ltr'>lorte</span> <span class='ocrx_word' id='word_1_37' title='bbox 333 848 389 910; x_wconf 87' lang='lat' dir='ltr'>per</span> <span class='ocrx_word' id='word_1_38' title='bbox 411 828 469 890; x_wconf 84' lang='lat' dir='ltr'>hoc</span> <span class='ocrx_word' id='word_1_39' title='bbox 489 830 661 890; x_wconf 74' lang='lat' dir='ltr'>excitentur</span> <span class='ocrx_word' id='word_1_40' title='bbox 684 830 724 889; x_wconf 86' lang='lat' dir='ltr'>ad</span> <span class='ocrx_word' id='word_1_41' title='bbox 746 848 795 891; x_wconf 92' lang='lat' dir='ltr'>me</span> <span class='ocrx_word' id='word_1_42' title='bbox 818 842 906 890; x_wconf 83' lang='lat' dir='ltr'>tanto</span> <span class='ocrx_word' id='word_1_43' title='bbox 928 830 1037 908; x_wconf 85' lang='lat' dir='ltr'>majori</span> <span class='ocrx_word' id='word_1_44' title='bbox 1059 848 1126 890; x_wconf 87' lang='lat' dir='ltr'>eum</span> <span class='ocrx_word' id='word_1_45' title='bbox 1144 829 1426 898; x_wconf 82' lang='lat' dir='ltr'>salarioalendum.</span> <span class='ocrx_word' id='word_1_46' title='bbox 1446 829 1533 907; x_wconf 70' lang='lat' dir='ltr'>cuju</span> 
     </span>
     <span class='ocr_line' id='line_1_7' title="bbox 175 916 1533 998; baseline -0.002 -16"><span class='ocrx_word' id='word_1_47' title='bbox 175 921 259 982; x_wconf 83' lang='lat' dir='ltr'>nulla</span> <span class='ocrx_word' id='word_1_48' title='bbox 281 919 379 981; x_wconf 91' lang='lat' dir='ltr'>adhuc</span> <span class='ocrx_word' id='word_1_49' title='bbox 401 917 540 980; x_wconf 78' lang='lat' dir='ltr'>aooessio</span> <span class='ocrx_word' id='word_1_50' title='bbox 563 918 647 978; x_wconf 81' lang='lat' dir='ltr'>iacta</span> <span class='ocrx_word' id='word_1_51' title='bbox 670 920 782 998; x_wconf 88' lang='lat' dir='ltr'>(neque</span> <span class='ocrx_word' id='word_1_52' title='bbox 803 919 874 979; x_wconf 91' lang='lat' dir='ltr'>dnm</span> <span class='ocrx_word' id='word_1_53' title='bbox 897 920 1051 998; x_wconf 78' lang='lat' dir='ltr'>impemae</span> <span class='ocrx_word' id='word_1_54' title='bbox 1073 919 1145 979; x_wconf 88' lang='lat' dir='ltr'>mihi</span> <span class='ocrx_word' id='word_1_55' title='bbox 1163 919 1349 991; x_wconf 73' lang='lat' dir='ltr'>restitutae)</span> <span class='ocrx_word' id='word_1_56' title='bbox 1397 916 1533 979; x_wconf 66' lang='lat' dir='ltr'>nmis</span> 
     </span>
     <span class='ocr_line' id='line_1_8' title="bbox 172 1006 1533 1089; baseline -0.003 -18"><span class='ocrx_word' id='word_1_57' title='bbox 172 1009 370 1088; x_wconf 74' lang='lat' dir='ltr'>probaveris,</span> <span class='ocrx_word' id='word_1_58' title='bbox 390 1009 457 1088; x_wconf 87' lang='lat' dir='ltr'>jam</span> <span class='ocrx_word' id='word_1_59' title='bbox 478 1024 570 1085; x_wconf 90' lang='lat' dir='ltr'>porro</span> <span class='ocrx_word' id='word_1_60' title='bbox 591 1006 665 1068; x_wconf 90' lang='lat' dir='ltr'>mihi</span> <span class='ocrx_word' id='word_1_61' title='bbox 688 1025 748 1067; x_wconf 91' lang='lat' dir='ltr'>non</span> <span class='ocrx_word' id='word_1_62' title='bbox 762 1008 966 1081; x_wconf 69' lang='lat' dir='ltr'>succensebis,</span> <span class='ocrx_word' id='word_1_63' title='bbox 989 1009 1079 1089; x_wconf 66' lang='lat' dir='ltr'>mod,</span> <span class='ocrx_word' id='word_1_64' title='bbox 1103 1016 1241 1069; x_wconf 86' lang='lat' dir='ltr'>assertor</span> <span class='ocrx_word' id='word_1_65' title='bbox 1252 1008 1444 1087; x_wconf 76' lang='lat' dir='ltr'>astrologiae</span> <span class='ocrx_word' id='word_1_66' title='bbox 1465 1024 1533 1067; x_wconf 76' lang='lat' dir='ltr'>eun</span> 
     </span>
     <span class='ocr_line' id='line_1_9' title="bbox 173 1096 1532 1176; baseline 0 -19"><span class='ocrx_word' id='word_1_67' title='bbox 173 1098 229 1159; x_wconf 88' lang='lat' dir='ltr'>sim</span> <span class='ocrx_word' id='word_1_68' title='bbox 251 1097 353 1159; x_wconf 83' lang='lat' dir='ltr'>verbis</span> <span class='ocrx_word' id='word_1_69' title='bbox 375 1108 409 1158; x_wconf 90' lang='lat' dir='ltr'>et</span> <span class='ocrx_word' id='word_1_70' title='bbox 431 1114 537 1176; x_wconf 85' lang='lat' dir='ltr'>opere,</span> <span class='ocrx_word' id='word_1_71' title='bbox 566 1096 707 1157; x_wconf 79' lang='lat' dir='ltr'>studeam</span> <span class='ocrx_word' id='word_1_72' title='bbox 729 1108 831 1156; x_wconf 84' lang='lat' dir='ltr'>tamen</span> <span class='ocrx_word' id='word_1_73' title='bbox 860 1098 938 1158; x_wconf 85' lang='lat' dir='ltr'>hanc</span> <span class='ocrx_word' id='word_1_74' title='bbox 960 1098 1070 1159; x_wconf 85' lang='lat' dir='ltr'>animis</span> <span class='ocrx_word' id='word_1_75' title='bbox 1098 1097 1250 1158; x_wconf 90' lang='lat' dir='ltr'>hominum</span> <span class='ocrx_word' id='word_1_76' title='bbox 1271 1096 1532 1158; x_wconf 73' lang='lat' dir='ltr'>existimationem</span> 
     </span>
     <span class='ocr_line' id='line_1_10' title="bbox 173 1184 1533 1266; baseline 0.001 -20"><span class='ocrx_word' id='word_1_77' title='bbox 173 1186 362 1266; x_wconf 87' lang='lat' dir='ltr'>implantare,</span> <span class='ocrx_word' id='word_1_78' title='bbox 387 1204 446 1246; x_wconf 90' lang='lat' dir='ltr'>non</span> <span class='ocrx_word' id='word_1_79' title='bbox 468 1204 539 1247; x_wconf 88' lang='lat' dir='ltr'>esse</span> <span class='ocrx_word' id='word_1_80' title='bbox 560 1204 609 1246; x_wconf 85' lang='lat' dir='ltr'>me</span> <span class='ocrx_word' id='word_1_81' title='bbox 631 1203 778 1264; x_wconf 88' lang='lat' dir='ltr'>nugacem</span> <span class='ocrx_word' id='word_1_82' title='bbox 801 1187 998 1266; x_wconf 73' lang='lat' dir='ltr'><strong>astrologum.</strong></span> <span class='ocrx_word' id='word_1_83' title='bbox 1044 1187 1080 1248; x_wconf 90' lang='lat' dir='ltr'>Id</span> <span class='ocrx_word' id='word_1_84' title='bbox 1107 1187 1164 1247; x_wconf 90' lang='lat' dir='ltr'>hoc</span> <span class='ocrx_word' id='word_1_85' title='bbox 1192 1206 1272 1248; x_wconf 87' lang='lat' dir='ltr'>anno</span> <span class='ocrx_word' id='word_1_86' title='bbox 1298 1187 1375 1259; x_wconf 76' lang='lat' dir='ltr'>feei,</span> <span class='ocrx_word' id='word_1_87' title='bbox 1409 1184 1533 1264; x_wconf 86' lang='lat' dir='ltr'>rejectis</span> 
     </span>
     <span class='ocr_line' id='line_1_11' title="bbox 174 1275 1532 1354; baseline 0.002 -19"><span class='ocrx_word' id='word_1_88' title='bbox 174 1276 307 1354; x_wconf 76' lang='lat' dir='ltr'>quanis,</span> <span class='ocrx_word' id='word_1_89' title='bbox 331 1275 569 1336; x_wconf 84' lang='lat' dir='ltr'>revolutionibus</span> <span class='ocrx_word' id='word_1_90' title='bbox 592 1276 714 1346; x_wconf 80' lang='lat' dir='ltr'>annuis,</span> <span class='ocrx_word' id='word_1_91' title='bbox 738 1292 797 1353; x_wconf 88' lang='lat' dir='ltr'>quo</span> <span class='ocrx_word' id='word_1_92' title='bbox 819 1277 938 1337; x_wconf 90' lang='lat' dir='ltr'>nomine</span> <span class='ocrx_word' id='word_1_93' title='bbox 962 1277 1054 1338; x_wconf 86' lang='lat' dir='ltr'>etiam</span> <span class='ocrx_word' id='word_1_94' title='bbox 1075 1278 1279 1338; x_wconf 74' lang='lat' dir='ltr'>revolutiones</span> <span class='ocrx_word' id='word_1_95' title='bbox 1301 1290 1480 1338; x_wconf 84' lang='lat' dir='ltr'>menstruae</span> <span class='ocrx_word' id='word_1_96' title='bbox 1500 1284 1532 1337; x_wconf 81' lang='lat' dir='ltr'>et</span> 
     </span>
     <span class='ocr_line' id='line_1_12' title="bbox 172 1364 1530 1445; baseline 0 -19"><span class='ocrx_word' id='word_1_97' title='bbox 172 1373 346 1442; x_wconf 79' lang='lat' dir='ltr'>quartarmn</span> <span class='ocrx_word' id='word_1_98' title='bbox 368 1364 485 1425; x_wconf 88' lang='lat' dir='ltr'>censeri</span> <span class='ocrx_word' id='word_1_99' title='bbox 508 1365 588 1425; x_wconf 78' lang='lat' dir='ltr'>roto.</span> <span class='ocrx_word' id='word_1_100' title='bbox 634 1365 796 1444; x_wconf 70' lang='lat' dir='ltr'>Nunquam</span> <span class='ocrx_word' id='word_1_101' title='bbox 810 1367 871 1427; x_wconf 88' lang='lat' dir='ltr'>illis</span> <span class='ocrx_word' id='word_1_102' title='bbox 884 1367 1043 1445; x_wconf 85' lang='lat' dir='ltr'>quicquam</span> <span class='ocrx_word' id='word_1_103' title='bbox 1056 1368 1159 1439; x_wconf 79' lang='lat' dir='ltr'>tribui,</span> <span class='ocrx_word' id='word_1_104' title='bbox 1181 1368 1226 1428; x_wconf 86' lang='lat' dir='ltr'>nti</span> <span class='ocrx_word' id='word_1_105' title='bbox 1240 1366 1418 1427; x_wconf 86' lang='lat' dir='ltr'>meminisse</span> <span class='ocrx_word' id='word_1_106' title='bbox 1430 1374 1530 1445; x_wconf 85' lang='lat' dir='ltr'>potes.</span> 
     </span>
     <span class='ocr_line' id='line_1_13' title="bbox 173 1452 1531 1533; baseline 0.001 -20"><span class='ocrx_word' id='word_1_107' title='bbox 173 1452 311 1515; x_wconf 81' lang='lat' dir='ltr'>Sufficiet</span> <span class='ocrx_word' id='word_1_108' title='bbox 338 1454 445 1533; x_wconf 85' lang='lat' dir='ltr'>cuique</span> <span class='ocrx_word' id='word_1_109' title='bbox 472 1453 533 1514; x_wconf 90' lang='lat' dir='ltr'>diei</span> <span class='ocrx_word' id='word_1_110' title='bbox 561 1464 705 1532; x_wconf 85' lang='lat' dir='ltr'>aspectus</span> <span class='ocrx_word' id='word_1_111' title='bbox 733 1473 815 1515; x_wconf 83' lang='lat' dir='ltr'>suus.</span> <span class='ocrx_word' id='word_1_112' title='bbox 859 1457 1078 1520; x_wconf 75' lang='lat' dir='ltr'>Resolutiones</span> <span class='ocrx_word' id='word_1_113' title='bbox 1106 1457 1257 1517; x_wconf 89' lang='lat' dir='ltr'>hominum</span> <span class='ocrx_word' id='word_1_114' title='bbox 1284 1467 1318 1517; x_wconf 91' lang='lat' dir='ltr'>et</span> <span class='ocrx_word' id='word_1_115' title='bbox 1340 1454 1461 1517; x_wconf 86' lang='lat' dir='ltr'>urbium</span> <span class='ocrx_word' id='word_1_116' title='bbox 1482 1452 1531 1515; x_wconf 81' lang='lat' dir='ltr'>hio</span> 
     </span>
     <span class='ocr_line' id='line_1_14' title="bbox 176 1542 1531 1626; baseline -0.001 -22"><span class='ocrx_word' id='word_1_117' title='bbox 176 1543 303 1623; x_wconf 77' lang='lat' dir='ltr'>excipio.</span> <span class='ocrx_word' id='word_1_118' title='bbox 354 1543 449 1604; x_wconf 79' lang='lat' dir='ltr'>Aliud</span> <span class='ocrx_word' id='word_1_119' title='bbox 475 1550 525 1603; x_wconf 87' lang='lat' dir='ltr'>est</span> <span class='ocrx_word' id='word_1_120' title='bbox 554 1542 658 1615; x_wconf 90' lang='lat' dir='ltr'>homo,</span> <span class='ocrx_word' id='word_1_121' title='bbox 696 1544 779 1605; x_wconf 88' lang='lat' dir='ltr'>aliud</span> <span class='ocrx_word' id='word_1_122' title='bbox 806 1556 1022 1626; x_wconf 73' lang='lat' dir='ltr'>tempestatum</span> <span class='ocrx_word' id='word_1_123' title='bbox 1053 1546 1159 1606; x_wconf 84' lang='lat' dir='ltr'>series.</span> <span class='ocrx_word' id='word_1_124' title='bbox 1209 1546 1309 1607; x_wconf 73' lang='lat' dir='ltr'>[num</span> <span class='ocrx_word' id='word_1_125' title='bbox 1335 1543 1410 1605; x_wconf 90' lang='lat' dir='ltr'>mihi</span> <span class='ocrx_word' id='word_1_126' title='bbox 1432 1542 1531 1624; x_wconf 80' lang='lat' dir='ltr'>possit</span> 
     </span>
     <span class='ocr_line' id='line_1_15' title="bbox 177 1631 1530 1715; baseline 0 -22"><span class='ocrx_word' id='word_1_127' title='bbox 177 1633 284 1712; x_wconf 85' lang='lat' dir='ltr'>objici,</span> <span class='ocrx_word' id='word_1_128' title='bbox 308 1632 461 1692; x_wconf 90' lang='lat' dir='ltr'>conditum</span> <span class='ocrx_word' id='word_1_129' title='bbox 484 1651 553 1692; x_wconf 88' lang='lat' dir='ltr'>esse</span> <span class='ocrx_word' id='word_1_130' title='bbox 576 1631 717 1693; x_wconf 90' lang='lat' dir='ltr'>muudum</span> <span class='ocrx_word' id='word_1_131' title='bbox 741 1633 770 1694; x_wconf 90' lang='lat' dir='ltr'>in</span> <span class='ocrx_word' id='word_1_132' title='bbox 793 1645 877 1696; x_wconf 89' lang='lat' dir='ltr'>certo</span> <span class='ocrx_word' id='word_1_133' title='bbox 899 1644 1012 1715; x_wconf 88' lang='lat' dir='ltr'>puncto</span> <span class='ocrx_word' id='word_1_134' title='bbox 1034 1635 1149 1695; x_wconf 80' lang='lat' dir='ltr'>zodiaci</span> <span class='ocrx_word' id='word_1_135' title='bbox 1173 1633 1245 1696; x_wconf 87' lang='lat' dir='ltr'>Sole</span> <span class='ocrx_word' id='word_1_136' title='bbox 1267 1640 1431 1694; x_wconf 77' lang='lat' dir='ltr'>versante:</span> <span class='ocrx_word' id='word_1_137' title='bbox 1454 1650 1530 1693; x_wconf 85' lang='lat' dir='ltr'>ean-</span> 
     </span>
     <span class='ocr_line' id='line_1_16' title="bbox 174 1719 1530 1802; baseline -0.001 -20"><span class='ocrx_word' id='word_1_138' title='bbox 174 1723 245 1782; x_wconf 88' lang='lat' dir='ltr'>dem</span> <span class='ocrx_word' id='word_1_139' title='bbox 267 1739 340 1800; x_wconf 84' lang='lat' dir='ltr'>ergo</span> <span class='ocrx_word' id='word_1_140' title='bbox 363 1720 511 1781; x_wconf 85' lang='lat' dir='ltr'>rationem</span> <span class='ocrx_word' id='word_1_141' title='bbox 533 1740 603 1782; x_wconf 85' lang='lat' dir='ltr'>esse</span> <span class='ocrx_word' id='word_1_142' title='bbox 627 1722 742 1783; x_wconf 88' lang='lat' dir='ltr'>reditus</span> <span class='ocrx_word' id='word_1_143' title='bbox 761 1722 843 1785; x_wconf 89' lang='lat' dir='ltr'>Solis</span> <span class='ocrx_word' id='word_1_144' title='bbox 866 1725 905 1785; x_wconf 88' lang='lat' dir='ltr'>ad</span> <span class='ocrx_word' id='word_1_145' title='bbox 929 1725 959 1785; x_wconf 91' lang='lat' dir='ltr'>id</span> <span class='ocrx_word' id='word_1_146' title='bbox 981 1734 1134 1802; x_wconf 85' lang='lat' dir='ltr'>punctum,</span> <span class='ocrx_word' id='word_1_147' title='bbox 1157 1742 1234 1802; x_wconf 85' lang='lat' dir='ltr'>quac</span> <span class='ocrx_word' id='word_1_148' title='bbox 1252 1732 1301 1783; x_wconf 90' lang='lat' dir='ltr'>est</span> <span class='ocrx_word' id='word_1_149' title='bbox 1314 1722 1434 1783; x_wconf 90' lang='lat' dir='ltr'>reditus</span> <span class='ocrx_word' id='word_1_150' title='bbox 1448 1719 1530 1782; x_wconf 84' lang='lat' dir='ltr'>Solis</span> 
     </span>
     <span class='ocr_line' id='line_1_17' title="bbox 175 1808 1531 1893; baseline -0.001 -23"><span class='ocrx_word' id='word_1_151' title='bbox 175 1812 213 1872; x_wconf 89' lang='lat' dir='ltr'>ad</span> <span class='ocrx_word' id='word_1_152' title='bbox 236 1818 378 1890; x_wconf 88' lang='lat' dir='ltr'>punctum</span> <span class='ocrx_word' id='word_1_153' title='bbox 402 1810 584 1871; x_wconf 84' lang='lat' dir='ltr'>natiritatis.</span> <span class='ocrx_word' id='word_1_154' title='bbox 630 1811 822 1892; x_wconf 83' lang='lat' dir='ltr'>Respondes,</span> <span class='ocrx_word' id='word_1_155' title='bbox 847 1833 920 1893; x_wconf 83' lang='lat' dir='ltr'>ergo</span> <span class='ocrx_word' id='word_1_156' title='bbox 934 1814 1090 1874; x_wconf 78' lang='lat' dir='ltr'>differatur</span> <span class='ocrx_word' id='word_1_157' title='bbox 1107 1813 1260 1889; x_wconf 73' lang='lat' dir='ltr'>negotium</span> <span class='ocrx_word' id='word_1_158' title='bbox 1273 1830 1311 1872; x_wconf 90' lang='lat' dir='ltr'>eo</span> <span class='ocrx_word' id='word_1_159' title='bbox 1329 1828 1437 1891; x_wconf 85' lang='lat' dir='ltr'>usqne,</span> <span class='ocrx_word' id='word_1_160' title='bbox 1462 1808 1531 1870; x_wconf 88' lang='lat' dir='ltr'>dum</span> 
     </span>
     <span class='ocr_line' id='line_1_18' title="bbox 174 1896 1530 1982; baseline -0.002 -20"><span class='ocrx_word' id='word_1_161' title='bbox 174 1910 257 1964; x_wconf 85' lang='lat' dir='ltr'>recte</span> <span class='ocrx_word' id='word_1_162' title='bbox 280 1919 335 1961; x_wconf 91' lang='lat' dir='ltr'>uos</span> <span class='ocrx_word' id='word_1_163' title='bbox 358 1901 488 1963; x_wconf 89' lang='lat' dir='ltr'>doceant</span> <span class='ocrx_word' id='word_1_164' title='bbox 511 1901 696 1980; x_wconf 78' lang='lat' dir='ltr'>chronologi,</span> <span class='ocrx_word' id='word_1_165' title='bbox 716 1920 775 1980; x_wconf 84' lang='lat' dir='ltr'>quo</span> <span class='ocrx_word' id='word_1_166' title='bbox 789 1903 858 1964; x_wconf 89' lang='lat' dir='ltr'>anni</span> <span class='ocrx_word' id='word_1_167' title='bbox 872 1914 1009 1982; x_wconf 88' lang='lat' dir='ltr'>tempore</span> <span class='ocrx_word' id='word_1_168' title='bbox 1023 1902 1064 1962; x_wconf 82' lang='lat' dir='ltr'>sit</span> <span class='ocrx_word' id='word_1_169' title='bbox 1081 1901 1220 1961; x_wconf 89' lang='lat' dir='ltr'>conditus</span> <span class='ocrx_word' id='word_1_170' title='bbox 1233 1900 1373 1961; x_wconf 89' lang='lat' dir='ltr'>mundus.</span> <span class='ocrx_word' id='word_1_171' title='bbox 1412 1896 1530 1968; x_wconf 80' lang='lat' dir='ltr'>Quam·</span> 
     </span>
     <span class='ocr_line' id='line_1_19' title="bbox 174 1988 1530 2070; baseline -0.004 -17"><span class='ocrx_word' id='word_1_172' title='bbox 174 1991 221 2052; x_wconf 83' lang='lat' dir='ltr'>vis</span> <span class='ocrx_word' id='word_1_173' title='bbox 244 1991 303 2053; x_wconf 90' lang='lat' dir='ltr'>etsi</span> <span class='ocrx_word' id='word_1_174' title='bbox 326 1990 358 2051; x_wconf 90' lang='lat' dir='ltr'>id</span> <span class='ocrx_word' id='word_1_175' title='bbox 380 1998 548 2061; x_wconf 86' lang='lat' dir='ltr'>teneamus,</span> <span class='ocrx_word' id='word_1_176' title='bbox 573 2010 593 2048; x_wconf 91' lang='lat' dir='ltr'>a</span> <span class='ocrx_word' id='word_1_177' title='bbox 615 1988 723 2052; x_wconf 89' lang='lat' dir='ltr'>haculo</span> <span class='ocrx_word' id='word_1_178' title='bbox 745 2000 847 2051; x_wconf 90' lang='lat' dir='ltr'>tamen</span> <span class='ocrx_word' id='word_1_179' title='bbox 871 1992 909 2052; x_wconf 91' lang='lat' dir='ltr'>ad</span> <span class='ocrx_word' id='word_1_180' title='bbox 925 1991 1067 2070; x_wconf 86' lang='lat' dir='ltr'>angulum</span> <span class='ocrx_word' id='word_1_181' title='bbox 1087 2009 1143 2051; x_wconf 88' lang='lat' dir='ltr'>non</span> <span class='ocrx_word' id='word_1_182' title='bbox 1159 1991 1293 2070; x_wconf 86' lang='lat' dir='ltr'>sequitur</span> <span class='ocrx_word' id='word_1_183' title='bbox 1306 1994 1530 2067; x_wconf 85' lang='lat' dir='ltr'>argumentum.</span> 
     </span>
     <span class='ocr_line' id='line_1_20' title="bbox 174 2076 1531 2159; baseline -0.004 -17"><span class='ocrx_word' id='word_1_184' title='bbox 174 2081 208 2141; x_wconf 91' lang='lat' dir='ltr'>ln</span> <span class='ocrx_word' id='word_1_185' title='bbox 233 2081 330 2142; x_wconf 88' lang='lat' dir='ltr'>reditu</span> <span class='ocrx_word' id='word_1_186' title='bbox 355 2079 472 2159; x_wconf 90' lang='lat' dir='ltr'>quidem</span> <span class='ocrx_word' id='word_1_187' title='bbox 497 2077 579 2140; x_wconf 85' lang='lat' dir='ltr'>Solis</span> <span class='ocrx_word' id='word_1_188' title='bbox 608 2079 713 2139; x_wconf 91' lang='lat' dir='ltr'>eadem</span> <span class='ocrx_word' id='word_1_189' title='bbox 736 2088 787 2139; x_wconf 89' lang='lat' dir='ltr'>est</span> <span class='ocrx_word' id='word_1_190' title='bbox 806 2081 900 2151; x_wconf 89' lang='lat' dir='ltr'>ratio,</span> <span class='ocrx_word' id='word_1_191' title='bbox 928 2088 961 2140; x_wconf 90' lang='lat' dir='ltr'>at</span> <span class='ocrx_word' id='word_1_192' title='bbox 985 2099 1043 2140; x_wconf 92' lang='lat' dir='ltr'>non</span> <span class='ocrx_word' id='word_1_193' title='bbox 1067 2080 1097 2140; x_wconf 89' lang='lat' dir='ltr'>iu</span> <span class='ocrx_word' id='word_1_194' title='bbox 1121 2079 1274 2159; x_wconf 87' lang='lat' dir='ltr'>subjecto,</span> <span class='ocrx_word' id='word_1_195' title='bbox 1303 2077 1385 2156; x_wconf 85' lang='lat' dir='ltr'>quod</span> <span class='ocrx_word' id='word_1_196' title='bbox 1408 2076 1531 2139; x_wconf 74' lang='lat' dir='ltr'>revolu-</span> 
     </span>
     <span class='ocr_line' id='line_1_21' title="bbox 174 2164 1528 2246; baseline -0.004 -16"><span class='ocrx_word' id='word_1_197' title='bbox 174 2169 306 2230; x_wconf 77' lang='lat' dir='ltr'>tionibus</span> <span class='ocrx_word' id='word_1_198' title='bbox 329 2167 505 2228; x_wconf 79' lang='lat' dir='ltr'>cariandnm</span> <span class='ocrx_word' id='word_1_199' title='bbox 529 2168 714 2246; x_wconf 85' lang='lat' dir='ltr'>proponitur.</span> <span class='ocrx_word' id='word_1_200' title='bbox 760 2166 910 2229; x_wconf 83' lang='lat' dir='ltr'>Similiter</span> <span class='ocrx_word' id='word_1_201' title='bbox 932 2188 1054 2230; x_wconf 90' lang='lat' dir='ltr'>causam</span> <span class='ocrx_word' id='word_1_202' title='bbox 1069 2168 1174 2238; x_wconf 87' lang='lat' dir='ltr'>habes,</span> <span class='ocrx_word' id='word_1_203' title='bbox 1198 2186 1251 2228; x_wconf 90' lang='lat' dir='ltr'>cur</span> <span class='ocrx_word' id='word_1_204' title='bbox 1264 2167 1399 2228; x_wconf 88' lang='lat' dir='ltr'>animam</span> <span class='ocrx_word' id='word_1_205' title='bbox 1415 2164 1528 2226; x_wconf 87' lang='lat' dir='ltr'>Terrae</span> 
     </span>
     <span class='ocr_line' id='line_1_22' title="bbox 174 2251 1531 2335; baseline -0.004 -17"><span class='ocrx_word' id='word_1_206' title='bbox 174 2257 302 2319; x_wconf 84' lang='lat' dir='ltr'>tribuam</span> <span class='ocrx_word' id='word_1_207' title='bbox 330 2258 360 2318; x_wconf 89' lang='lat' dir='ltr'>iu</span> <span class='ocrx_word' id='word_1_208' title='bbox 384 2254 568 2317; x_wconf 88' lang='lat' dir='ltr'>Germauico</span> <span class='ocrx_word' id='word_1_209' title='bbox 596 2257 710 2335; x_wconf 91' lang='lat' dir='ltr'>scripto</span> <span class='ocrx_word' id='word_1_210' title='bbox 737 2256 923 2320; x_wconf 63' lang='lat' dir='ltr'>breuissimis</span> <span class='ocrx_word' id='word_1_211' title='bbox 951 2258 1062 2318; x_wconf 73' lang='lat' dir='ltr'>verbis.</span> <span class='ocrx_word' id='word_1_212' title='bbox 1109 2257 1188 2317; x_wconf 78' lang='lat' dir='ltr'>Nam</span> <span class='ocrx_word' id='word_1_213' title='bbox 1216 2274 1266 2317; x_wconf 86' lang='lat' dir='ltr'>res</span> <span class='ocrx_word' id='word_1_214' title='bbox 1288 2256 1356 2333; x_wconf 86' lang='lat' dir='ltr'>ipsa</span> <span class='ocrx_word' id='word_1_215' title='bbox 1384 2254 1452 2315; x_wconf 90' lang='lat' dir='ltr'>scio</span> <span class='ocrx_word' id='word_1_216' title='bbox 1479 2251 1531 2314; x_wconf 88' lang='lat' dir='ltr'>tibi</span> 
     </span>
     <span class='ocr_line' id='line_1_23' title="bbox 174 2340 1531 2424; baseline -0.004 -17"><span class='ocrx_word' id='word_1_217' title='bbox 174 2365 232 2407; x_wconf 91' lang='lat' dir='ltr'>non</span> <span class='ocrx_word' id='word_1_218' title='bbox 256 2344 437 2424; x_wconf 86' lang='lat' dir='ltr'>displicebit.</span> <span class='ocrx_word' id='word_1_219' title='bbox 483 2345 693 2406; x_wconf 82' lang='lat' dir='ltr'>Fundamenta</span> <span class='ocrx_word' id='word_1_220' title='bbox 722 2345 880 2408; x_wconf 79' lang='lat' dir='ltr'>universae</span> <span class='ocrx_word' id='word_1_221' title='bbox 908 2346 1064 2408; x_wconf 90' lang='lat' dir='ltr'>doctrinae</span> <span class='ocrx_word' id='word_1_222' title='bbox 1085 2340 1345 2422; x_wconf 82' lang='lat' dir='ltr'>&#39;meteorologicae</span> <span class='ocrx_word' id='word_1_223' title='bbox 1378 2341 1531 2423; x_wconf 75' lang='lat' dir='ltr'>proposui.</span> 
     </span>
     <span class='ocr_line' id='line_1_24' title="bbox 175 2431 1531 2514; baseline -0.004 -18"><span class='ocrx_word' id='word_1_224' title='bbox 175 2435 251 2497; x_wconf 91' lang='lat' dir='ltr'>lllud</span> <span class='ocrx_word' id='word_1_225' title='bbox 275 2434 416 2495; x_wconf 85' lang='lat' dir='ltr'>existimo</span> <span class='ocrx_word' id='word_1_226' title='bbox 440 2433 495 2493; x_wconf 91' lang='lat' dir='ltr'>tihi</span> <span class='ocrx_word' id='word_1_227' title='bbox 514 2433 677 2512; x_wconf 92' lang='lat' dir='ltr'>jucundum</span> <span class='ocrx_word' id='word_1_228' title='bbox 700 2434 791 2496; x_wconf 91' lang='lat' dir='ltr'>etiam</span> <span class='ocrx_word' id='word_1_229' title='bbox 816 2435 895 2496; x_wconf 82' lang='lat' dir='ltr'>iore:</span> <span class='ocrx_word' id='word_1_230' title='bbox 919 2434 997 2514; x_wconf 85' lang='lat' dir='ltr'>quod</span> <span class='ocrx_word' id='word_1_231' title='bbox 1021 2454 1083 2496; x_wconf 91' lang='lat' dir='ltr'>rem</span> <span class='ocrx_word' id='word_1_232' title='bbox 1107 2433 1328 2514; x_wconf 85' lang='lat' dir='ltr'>qnotidianam,</span> <span class='ocrx_word' id='word_1_233' title='bbox 1353 2431 1531 2493; x_wconf 86' lang='lat' dir='ltr'>admiratio·</span> 
     </span>
     <span class='ocr_line' id='line_1_25' title="bbox 174 2520 1533 2603; baseline -0.003 -19"><span class='ocrx_word' id='word_1_234' title='bbox 174 2524 220 2585; x_wconf 91' lang='lat' dir='ltr'>nis</span> <span class='ocrx_word' id='word_1_235' title='bbox 247 2532 349 2598; x_wconf 83' lang='lat' dir='ltr'>tamep</span> <span class='ocrx_word' id='word_1_236' title='bbox 380 2521 528 2583; x_wconf 86' lang='lat' dir='ltr'>maximae</span> <span class='ocrx_word' id='word_1_237' title='bbox 560 2525 664 2601; x_wconf 90' lang='lat' dir='ltr'>(qnam</span> <span class='ocrx_word' id='word_1_238' title='bbox 694 2524 839 2602; x_wconf 83' lang='lat' dir='ltr'>astrologi</span> <span class='ocrx_word' id='word_1_239' title='bbox 863 2523 1144 2603; x_wconf 84' lang='lat' dir='ltr'>superstitionibus,</span> <span class='ocrx_word' id='word_1_240' title='bbox 1174 2521 1345 2602; x_wconf 79' lang='lat' dir='ltr'>philosophi</span> <span class='ocrx_word' id='word_1_241' title='bbox 1374 2520 1533 2582; x_wconf 85' lang='lat' dir='ltr'>calumniis</span> 
     </span>
     <span class='ocr_line' id='line_1_26' title="bbox 174 2609 1532 2692; baseline -0.002 -20"><span class='ocrx_word' id='word_1_242' title='bbox 174 2613 313 2685; x_wconf 91' lang='lat' dir='ltr'>obruunt,</span> <span class='ocrx_word' id='word_1_243' title='bbox 338 2620 371 2672; x_wconf 92' lang='lat' dir='ltr'>ut</span> <span class='ocrx_word' id='word_1_244' title='bbox 395 2609 542 2672; x_wconf 84' lang='lat' dir='ltr'>hactenus</span> <span class='ocrx_word' id='word_1_245' title='bbox 566 2613 725 2673; x_wconf 83' lang='lat' dir='ltr'>anemius</span> <span class='ocrx_word' id='word_1_246' title='bbox 750 2613 935 2692; x_wconf 76' lang='lat' dir='ltr'>investigata</span> <span class='ocrx_word' id='word_1_247' title='bbox 959 2613 1015 2683; x_wconf 76' lang='lat' dir='ltr'>sit)</span> <span class='ocrx_word' id='word_1_248' title='bbox 1040 2612 1068 2672; x_wconf 92' lang='lat' dir='ltr'>iu</span> <span class='ocrx_word' id='word_1_249' title='bbox 1094 2612 1188 2673; x_wconf 91' lang='lat' dir='ltr'>lucem</span> <span class='ocrx_word' id='word_1_250' title='bbox 1211 2612 1296 2682; x_wconf 88' lang='lat' dir='ltr'>sisto,</span> <span class='ocrx_word' id='word_1_251' title='bbox 1321 2610 1464 2691; x_wconf 88' lang='lat' dir='ltr'>quodque</span> <span class='ocrx_word' id='word_1_252' title='bbox 1478 2609 1532 2669; x_wconf 85' lang='lat' dir='ltr'>hoe</span> 
     </span>
     <span class='ocr_line' id='line_1_27' title="bbox 173 2699 1531 2781; baseline -0.004 -19"><span class='ocrx_word' id='word_1_253' title='bbox 173 2710 264 2781; x_wconf 81' lang='lat' dir='ltr'>pacto</span> <span class='ocrx_word' id='word_1_254' title='bbox 288 2700 507 2780; x_wconf 86' lang='lat' dir='ltr'>quodammodo</span> <span class='ocrx_word' id='word_1_255' title='bbox 536 2700 732 2781; x_wconf 89' lang='lat' dir='ltr'>philosophos</span> <span class='ocrx_word' id='word_1_256' title='bbox 763 2720 866 2762; x_wconf 89' lang='lat' dir='ltr'>omnes</span> <span class='ocrx_word' id='word_1_257' title='bbox 896 2702 1037 2762; x_wconf 90' lang='lat' dir='ltr'>cohortor</span> <span class='ocrx_word' id='word_1_258' title='bbox 1064 2701 1102 2761; x_wconf 90' lang='lat' dir='ltr'>ad</span> <span class='ocrx_word' id='word_1_259' title='bbox 1127 2699 1393 2778; x_wconf 79' lang='lat' dir='ltr'>investigationem</span> <span class='ocrx_word' id='word_1_260' title='bbox 1421 2716 1531 2759; x_wconf 84' lang='lat' dir='ltr'>causa·</span> 
     </span>
     <span class='ocr_line' id='line_1_28' title="bbox 173 2787 1533 2870; baseline -0.004 -18"><span class='ocrx_word' id='word_1_261' title='bbox 173 2809 252 2865; x_wconf 88' lang='lat' dir='ltr'>rum,</span> <span class='ocrx_word' id='word_1_262' title='bbox 282 2808 333 2851; x_wconf 89' lang='lat' dir='ltr'>cur</span> <span class='ocrx_word' id='word_1_263' title='bbox 350 2789 493 2867; x_wconf 91' lang='lat' dir='ltr'>planetae</span> <span class='ocrx_word' id='word_1_264' title='bbox 520 2808 575 2867; x_wconf 92' lang='lat' dir='ltr'>per</span> <span class='ocrx_word' id='word_1_265' title='bbox 603 2798 745 2867; x_wconf 83' lang='lat' dir='ltr'>aspectus</span> <span class='ocrx_word' id='word_1_266' title='bbox 774 2798 891 2852; x_wconf 89' lang='lat' dir='ltr'>tantum</span> <span class='ocrx_word' id='word_1_267' title='bbox 920 2798 1094 2870; x_wconf 86' lang='lat' dir='ltr'>operentur,</span> <span class='ocrx_word' id='word_1_268' title='bbox 1129 2809 1186 2851; x_wconf 89' lang='lat' dir='ltr'>uon</span> <span class='ocrx_word' id='word_1_269' title='bbox 1214 2789 1286 2848; x_wconf 90' lang='lat' dir='ltr'>item</span> <span class='ocrx_word' id='word_1_270' title='bbox 1310 2789 1383 2858; x_wconf 87' lang='lat' dir='ltr'>(aut</span> <span class='ocrx_word' id='word_1_271' title='bbox 1406 2805 1467 2848; x_wconf 89' lang='lat' dir='ltr'>nou</span> <span class='ocrx_word' id='word_1_272' title='bbox 1491 2787 1533 2847; x_wconf 82' lang='lat' dir='ltr'>its</span> 
     </span>
     <span class='ocr_line' id='line_1_29' title="bbox 175 2876 1534 2958; baseline -0.004 -18"><span class='ocrx_word' id='word_1_273' title='bbox 175 2878 309 2950; x_wconf 80' lang='lat' dir='ltr'>fortiter)</span> <span class='ocrx_word' id='word_1_274' title='bbox 332 2896 388 2958; x_wconf 89' lang='lat' dir='ltr'>per</span> <span class='ocrx_word' id='word_1_275' title='bbox 410 2895 459 2938; x_wconf 89' lang='lat' dir='ltr'>se:</span> <span class='ocrx_word' id='word_1_276' title='bbox 484 2895 590 2956; x_wconf 86' lang='lat' dir='ltr'>nempe</span> <span class='ocrx_word' id='word_1_277' title='bbox 614 2888 647 2938; x_wconf 86' lang='lat' dir='ltr'>ut</span> <span class='ocrx_word' id='word_1_278' title='bbox 672 2879 808 2957; x_wconf 84' lang='lat' dir='ltr'>exemplo</span> <span class='ocrx_word' id='word_1_279' title='bbox 831 2890 915 2951; x_wconf 90' lang='lat' dir='ltr'>utar,</span> <span class='ocrx_word' id='word_1_280' title='bbox 948 2888 1094 2939; x_wconf 88' lang='lat' dir='ltr'>curante</span> <span class='ocrx_word' id='word_1_281' title='bbox 1118 2878 1268 2939; x_wconf 84' lang='lat' dir='ltr'>octiduum</span> <span class='ocrx_word' id='word_1_282' title='bbox 1291 2894 1358 2936; x_wconf 92' lang='lat' dir='ltr'>cum</span> <span class='ocrx_word' id='word_1_283' title='bbox 1383 2876 1534 2936; x_wconf 84' lang='lat' dir='ltr'>distarent</span> 
     </span>
     <span class='ocr_line' id='line_1_30' title="bbox 173 2963 1535 3047; baseline -0.003 -19"><span class='ocrx_word' id='word_1_284' title='bbox 173 2964 193 3041; x_wconf 71' lang='lat' dir='ltr'>b</span> <span class='ocrx_word' id='word_1_285' title='bbox 217 2976 250 3028; x_wconf 90' lang='lat' dir='ltr'>et</span> <span class='ocrx_word' id='word_1_286' title='bbox 273 2975 299 3036; x_wconf 80' lang='lat'>0·</span> <span class='ocrx_word' id='word_1_287' title='bbox 321 2985 366 3046; x_wconf 84' lang='lat' dir='ltr'>gr.</span> <span class='ocrx_word' id='word_1_288' title='bbox 391 2963 443 3038; x_wconf 87' lang='lat'>50,</span> <span class='ocrx_word' id='word_1_289' title='bbox 469 2985 527 3027; x_wconf 92' lang='lat' dir='ltr'>non</span> <span class='ocrx_word' id='word_1_290' title='bbox 552 2967 662 3027; x_wconf 87' lang='lat' dir='ltr'>fuerint</span> <span class='ocrx_word' id='word_1_291' title='bbox 685 2968 805 3047; x_wconf 78' lang='lat' dir='ltr'>pluvias</span> <span class='ocrx_word' id='word_1_292' title='bbox 829 2977 861 3029; x_wconf 89' lang='lat' dir='ltr'>et</span> <span class='ocrx_word' id='word_1_293' title='bbox 883 2968 1011 3029; x_wconf 84' lang='lat' dir='ltr'>nebulae</span> <span class='ocrx_word' id='word_1_294' title='bbox 1034 2976 1066 3027; x_wconf 92' lang='lat' dir='ltr'>et</span> <span class='ocrx_word' id='word_1_295' title='bbox 1089 2968 1183 3040; x_wconf 79' lang='lat' dir='ltr'>nives,</span> <span class='ocrx_word' id='word_1_296' title='bbox 1212 2965 1301 3026; x_wconf 90' lang='lat' dir='ltr'>hodie</span> <span class='ocrx_word' id='word_1_297' title='bbox 1325 2984 1393 3025; x_wconf 91' lang='lat' dir='ltr'>cum</span> <span class='ocrx_word' id='word_1_298' title='bbox 1417 2964 1535 3025; x_wconf 81' lang='lat' dir='ltr'>distant</span> 
     </span>
     <span class='ocr_line' id='line_1_31' title="bbox 174 3052 1535 3135; baseline -0.004 -18"><span class='ocrx_word' id='word_1_299' title='bbox 174 3074 218 3135; x_wconf 86' lang='lat' dir='ltr'>gr.</span> <span class='ocrx_word' id='word_1_300' title='bbox 244 3052 298 3129; x_wconf 80' lang='lat'>60,</span> <span class='ocrx_word' id='word_1_301' title='bbox 322 3054 384 3115; x_wconf 87' lang='lat' dir='ltr'>sint</span> <span class='ocrx_word' id='word_1_302' title='bbox 407 3054 498 3115; x_wconf 86' lang='lat' dir='ltr'>illae?</span> <span class='ocrx_word' id='word_1_303' title='bbox 521 3073 588 3115; x_wconf 90' lang='lat' dir='ltr'>cum</span> <span class='ocrx_word' id='word_1_304' title='bbox 612 3063 712 3116; x_wconf 89' lang='lat' dir='ltr'>tamen</span> <span class='ocrx_word' id='word_1_305' title='bbox 736 3056 913 3117; x_wconf 87' lang='lat' dir='ltr'>tantundem</span> <span class='ocrx_word' id='word_1_306' title='bbox 939 3057 1012 3118; x_wconf 88' lang='lat' dir='ltr'>lucis</span> <span class='ocrx_word' id='word_1_307' title='bbox 1032 3055 1170 3135; x_wconf 88' lang='lat' dir='ltr'>utrinque</span> <span class='ocrx_word' id='word_1_308' title='bbox 1184 3054 1326 3126; x_wconf 86' lang='lat' dir='ltr'>habeant,</span> <span class='ocrx_word' id='word_1_309' title='bbox 1352 3052 1535 3133; x_wconf 85' lang='lat' dir='ltr'>eosdemque</span> 
     </span>
     <span class='ocr_line' id='line_1_32' title="bbox 175 3140 1534 3221; baseline -0.002 -16"><span class='ocrx_word' id='word_1_310' title='bbox 175 3145 238 3206; x_wconf 85' lang='lat' dir='ltr'>lere</span> <span class='ocrx_word' id='word_1_311' title='bbox 262 3152 344 3204; x_wconf 88' lang='lat' dir='ltr'>ortus</span> <span class='ocrx_word' id='word_1_312' title='bbox 368 3151 400 3203; x_wconf 91' lang='lat' dir='ltr'>et</span> <span class='ocrx_word' id='word_1_313' title='bbox 424 3163 551 3204; x_wconf 83' lang='lat' dir='ltr'>occasus</span> <span class='ocrx_word' id='word_1_314' title='bbox 575 3152 725 3206; x_wconf 88' lang='lat' dir='ltr'>tueantur.</span> <span class='ocrx_word' id='word_1_315' title='bbox 772 3144 903 3219; x_wconf 82' lang='lat' dir='ltr'>Quarto,</span> <span class='ocrx_word' id='word_1_316' title='bbox 928 3147 1033 3205; x_wconf 85' lang='lat' dir='ltr'>eadem</span> <span class='ocrx_word' id='word_1_317' title='bbox 1048 3145 1203 3205; x_wconf 82' lang='lat' dir='ltr'>excusatio</span> <span class='ocrx_word' id='word_1_318' title='bbox 1222 3143 1355 3221; x_wconf 85' lang='lat' dir='ltr'>pertinet</span> <span class='ocrx_word' id='word_1_319' title='bbox 1378 3142 1474 3203; x_wconf 88' lang='lat' dir='ltr'>etiam</span> <span class='ocrx_word' id='word_1_320' title='bbox 1498 3140 1534 3202; x_wconf 86' lang='lat' dir='ltr'>ad</span> 
     </span>
     <span class='ocr_line' id='line_1_33' title="bbox 174 3231 1534 3312; baseline -0.002 -20"><span class='ocrx_word' id='word_1_321' title='bbox 174 3233 370 3312; x_wconf 86' lang='lat' dir='ltr'>appendicem</span> <span class='ocrx_word' id='word_1_322' title='bbox 399 3232 435 3292; x_wconf 93' lang='lat' dir='ltr'>de</span> <span class='ocrx_word' id='word_1_323' title='bbox 460 3232 575 3311; x_wconf 87' lang='lat' dir='ltr'>eclipsi.</span> <span class='ocrx_word' id='word_1_324' title='bbox 631 3234 762 3311; x_wconf 85' lang='lat' dir='ltr'>Magna</span> <span class='ocrx_word' id='word_1_325' title='bbox 795 3253 869 3295; x_wconf 89' lang='lat' dir='ltr'>sum</span> <span class='ocrx_word' id='word_1_326' title='bbox 902 3254 988 3295; x_wconf 85' lang='lat' dir='ltr'>usus</span> <span class='ocrx_word' id='word_1_327' title='bbox 1024 3232 1276 3303; x_wconf 88' lang='lat' dir='ltr'>immodestia,</span> <span class='ocrx_word' id='word_1_328' title='bbox 1312 3231 1342 3291; x_wconf 89' lang='lat' dir='ltr'>si</span> <span class='ocrx_word' id='word_1_329' title='bbox 1377 3231 1534 3309; x_wconf 85' lang='lat' dir='ltr'>prodeat</span> 
     </span>
     <span class='ocr_line' id='line_1_34' title="bbox 173 3320 1532 3400; baseline -0.003 -18"><span class='ocrx_word' id='word_1_330' title='bbox 173 3322 240 3382; x_wconf 88' lang='lat' dir='ltr'>hoc</span> <span class='ocrx_word' id='word_1_331' title='bbox 271 3321 550 3400; x_wconf 85' lang='lat' dir='ltr'>prognosticum</span> <span class='ocrx_word' id='word_1_332' title='bbox 585 3322 618 3381; x_wconf 90' lang='lat' dir='ltr'>in</span> <span class='ocrx_word' id='word_1_333' title='bbox 653 3320 895 3384; x_wconf 89' lang='lat' dir='ltr'>Germaniam.</span> <span class='ocrx_word' id='word_1_334' title='bbox 951 3323 1139 3383; x_wconf 81' lang='lat' dir='ltr'>Audacter</span> <span class='ocrx_word' id='word_1_335' title='bbox 1168 3320 1369 3400; x_wconf 89' lang='lat' dir='ltr'>polliceor,</span> <span class='ocrx_word' id='word_1_336' title='bbox 1405 3331 1532 3381; x_wconf 90' lang='lat' dir='ltr'>osten-</span> 
     </span>
     <span class='ocr_line' id='line_1_35' title="bbox 173 3406 1534 3490; baseline -0.002 -20"><span class='ocrx_word' id='word_1_337' title='bbox 173 3411 258 3472; x_wconf 88' lang='lat' dir='ltr'>dere</span> <span class='ocrx_word' id='word_1_338' title='bbox 283 3428 333 3470; x_wconf 87' lang='lat' dir='ltr'>me</span> <span class='ocrx_word' id='word_1_339' title='bbox 357 3428 468 3488; x_wconf 90' lang='lat' dir='ltr'>posse</span> <span class='ocrx_word' id='word_1_340' title='bbox 493 3418 692 3471; x_wconf 90' lang='lat' dir='ltr'>tractatum</span> <span class='ocrx_word' id='word_1_341' title='bbox 712 3410 895 3489; x_wconf 87' lang='lat' dir='ltr'>integrum</span> <span class='ocrx_word' id='word_1_342' title='bbox 920 3411 961 3472; x_wconf 90' lang='lat' dir='ltr'>de</span> <span class='ocrx_word' id='word_1_343' title='bbox 985 3430 1040 3484; x_wconf 93' lang='lat' dir='ltr'>ea,</span> <span class='ocrx_word' id='word_1_344' title='bbox 1067 3411 1186 3490; x_wconf 89' lang='lat' dir='ltr'>qualis</span> <span class='ocrx_word' id='word_1_345' title='bbox 1210 3427 1294 3469; x_wconf 79' lang='lat' dir='ltr'>vero</span> <span class='ocrx_word' id='word_1_346' title='bbox 1320 3406 1534 3469; x_wconf 79' lang='lat' dir='ltr'>tractatus?</span> 
     </span>
     <span class='ocr_line' id='line_1_36' title="bbox 173 3494 1534 3578; baseline -0.004 -17"><span class='ocrx_word' id='word_1_347' title='bbox 173 3500 305 3562; x_wconf 78' lang='lat' dir='ltr'>Nullus</span> <span class='ocrx_word' id='word_1_348' title='bbox 329 3498 460 3572; x_wconf 89' lang='lat' dir='ltr'>adhue,</span> <span class='ocrx_word' id='word_1_349' title='bbox 485 3499 517 3559; x_wconf 90' lang='lat' dir='ltr'>si</span> <span class='ocrx_word' id='word_1_350' title='bbox 541 3516 662 3560; x_wconf 90' lang='lat' dir='ltr'>verum</span> <span class='ocrx_word' id='word_1_351' title='bbox 688 3499 818 3561; x_wconf 80' lang='lat' dir='ltr'>lateas.</span> <span class='ocrx_word' id='word_1_352' title='bbox 866 3499 927 3560; x_wconf 87' lang='lat' dir='ltr'>Sed</span> <span class='ocrx_word' id='word_1_353' title='bbox 951 3509 1051 3560; x_wconf 89' lang='lat' dir='ltr'>tamen</span> <span class='ocrx_word' id='word_1_354' title='bbox 1078 3500 1102 3560; x_wconf 87' lang='lat' dir='ltr'>si</span> <span class='ocrx_word' id='word_1_355' title='bbox 1128 3499 1194 3578; x_wconf 85' lang='lat' dir='ltr'>quis</span> <span class='ocrx_word' id='word_1_356' title='bbox 1217 3504 1349 3576; x_wconf 88' lang='lat' dir='ltr'>peteret,</span> <span class='ocrx_word' id='word_1_357' title='bbox 1375 3494 1534 3556; x_wconf 86' lang='lat' dir='ltr'>lllaestlini</span> 
     </span>
     <span class='ocr_line' id='line_1_37' title="bbox 173 3584 1534 3667; baseline -0.003 -18"><span class='ocrx_word' id='word_1_358' title='bbox 173 3589 279 3649; x_wconf 87' lang='lat' dir='ltr'>literae</span> <span class='ocrx_word' id='word_1_359' title='bbox 303 3606 357 3667; x_wconf 93' lang='lat' dir='ltr'>pro</span> <span class='ocrx_word' id='word_1_360' title='bbox 383 3606 430 3647; x_wconf 89' lang='lat' dir='ltr'>me</span> <span class='ocrx_word' id='word_1_361' title='bbox 455 3587 657 3666; x_wconf 85' lang='lat' dir='ltr'>loquerentur,</span> <span class='ocrx_word' id='word_1_362' title='bbox 683 3587 730 3648; x_wconf 91' lang='lat' dir='ltr'>ubi</span> <span class='ocrx_word' id='word_1_363' title='bbox 755 3589 883 3649; x_wconf 79' lang='lat' dir='ltr'>maxime</span> <span class='ocrx_word' id='word_1_364' title='bbox 907 3608 1031 3649; x_wconf 88' lang='lat' dir='ltr'>necesse</span> <span class='ocrx_word' id='word_1_365' title='bbox 1055 3597 1148 3649; x_wconf 89' lang='lat' dir='ltr'>esset.</span> <span class='ocrx_word' id='word_1_366' title='bbox 1194 3587 1275 3648; x_wconf 75' lang='lat' dir='ltr'>Nam</span> <span class='ocrx_word' id='word_1_367' title='bbox 1299 3584 1409 3646; x_wconf 87' lang='lat' dir='ltr'>statim</span> <span class='ocrx_word' id='word_1_368' title='bbox 1432 3604 1534 3647; x_wconf 84' lang='lat' dir='ltr'>mense</span> 
     </span>
     <span class='ocr_line' id='line_1_38' title="bbox 172 3672 1533 3760; baseline -0.002 -23"><span class='ocrx_word' id='word_1_369' title='bbox 172 3677 285 3739; x_wconf 89' lang='lat' dir='ltr'>Martio</span> <span class='ocrx_word' id='word_1_370' title='bbox 319 3675 417 3737; x_wconf 88' lang='lat' dir='ltr'>adhuc</span> <span class='ocrx_word' id='word_1_371' title='bbox 447 3675 554 3754; x_wconf 84' lang='lat' dir='ltr'>scripsi</span> <span class='ocrx_word' id='word_1_372' title='bbox 585 3677 623 3737; x_wconf 90' lang='lat' dir='ltr'>ad</span> <span class='ocrx_word' id='word_1_373' title='bbox 647 3673 667 3738; x_wconf 93' lang='grc'>3</span> <span class='ocrx_word' id='word_1_374' title='bbox 690 3678 834 3756; x_wconf 87' lang='lat' dir='ltr'>paginas,</span> <span class='ocrx_word' id='word_1_375' title='bbox 870 3677 1042 3760; x_wconf 86' lang='lat' dir='ltr'>petentibus</span> <span class='ocrx_word' id='word_1_376' title='bbox 1071 3677 1115 3737; x_wconf 92' lang='lat' dir='ltr'>ita</span> <span class='ocrx_word' id='word_1_377' title='bbox 1144 3674 1320 3755; x_wconf 89' lang='lat' dir='ltr'>quibusdam</span> <span class='ocrx_word' id='word_1_378' title='bbox 1344 3672 1533 3745; x_wconf 81' lang='lat' dir='ltr'>Abbatihur,</span> 
     </span>
     <span class='ocr_line' id='line_1_39' title="bbox 173 3762 1533 3845; baseline -0.003 -18"><span class='ocrx_word' id='word_1_379' title='bbox 173 3765 227 3827; x_wconf 87' lang='lat' dir='ltr'>sed</span> <span class='ocrx_word' id='word_1_380' title='bbox 251 3763 438 3845; x_wconf 89' lang='lat' dir='ltr'>populariter</span> <span class='ocrx_word' id='word_1_381' title='bbox 472 3764 538 3825; x_wconf 87' lang='lat' dir='ltr'>siue</span> <span class='ocrx_word' id='word_1_382' title='bbox 566 3774 707 3843; x_wconf 89' lang='lat' dir='ltr'>computo</span> <span class='ocrx_word' id='word_1_383' title='bbox 735 3766 844 3826; x_wconf 88' lang='lat' dir='ltr'>seriem</span> <span class='ocrx_word' id='word_1_384' title='bbox 869 3767 996 3844; x_wconf 79' lang='lat' dir='ltr'>explicui</span> <span class='ocrx_word' id='word_1_385' title='bbox 1026 3773 1117 3826; x_wconf 86' lang='lat' dir='ltr'>natae</span> <span class='ocrx_word' id='word_1_386' title='bbox 1141 3763 1288 3843; x_wconf 86' lang='lat' dir='ltr'>paulatim</span> <span class='ocrx_word' id='word_1_387' title='bbox 1311 3762 1391 3822; x_wconf 83' lang='lat' dir='ltr'>artis</span> <span class='ocrx_word' id='word_1_388' title='bbox 1415 3781 1454 3823; x_wconf 85' lang='lat' dir='ltr'>ex</span> <span class='ocrx_word' id='word_1_389' title='bbox 1477 3762 1533 3823; x_wconf 91' lang='lat' dir='ltr'>ob·</span> 
     </span>
     <span class='ocr_line' id='line_1_40' title="bbox 173 3851 1531 3934; baseline -0.005 -19"><span class='ocrx_word' id='word_1_390' title='bbox 173 3853 412 3921; x_wconf 66' lang='lat' dir='ltr'>emtionibus,</span> <span class='ocrx_word' id='word_1_391' title='bbox 447 3852 673 3934; x_wconf 84' lang='lat' dir='ltr'>hypothesibus,</span> <span class='ocrx_word' id='word_1_392' title='bbox 698 3854 843 3927; x_wconf 60' lang='lat' dir='ltr'>tabulis,</span> <span class='ocrx_word' id='word_1_393' title='bbox 864 3854 1104 3933; x_wconf 84' lang='lat' dir='ltr'>ephemeridibus</span> <span class='ocrx_word' id='word_1_394' title='bbox 1132 3871 1225 3932; x_wconf 88' lang='lat' dir='ltr'>usque</span> <span class='ocrx_word' id='word_1_395' title='bbox 1256 3851 1293 3911; x_wconf 91' lang='lat' dir='ltr'>ad</span> <span class='ocrx_word' id='word_1_396' title='bbox 1317 3851 1531 3929; x_wconf 83' lang='lat' dir='ltr'>prognostica:</span> 
     </span>
     <span class='ocr_line' id='line_1_41' title="bbox 175 3938 1531 4021; baseline -0.002 -18"><span class='ocrx_word' id='word_1_397' title='bbox 175 3942 278 4003; x_wconf 87' lang='lat' dir='ltr'>addidi</span> <span class='ocrx_word' id='word_1_398' title='bbox 303 3941 537 4019; x_wconf 87' lang='lat' dir='ltr'>descriptionem</span> <span class='ocrx_word' id='word_1_399' title='bbox 562 3962 647 4003; x_wconf 91' lang='lat' dir='ltr'>meae</span> <span class='ocrx_word' id='word_1_400' title='bbox 672 3942 910 4015; x_wconf 89' lang='lat' dir='ltr'>observationis,</span> <span class='ocrx_word' id='word_1_401' title='bbox 935 3943 1035 4004; x_wconf 92' lang='lat' dir='ltr'>omnia</span> <span class='ocrx_word' id='word_1_402' title='bbox 1059 3942 1097 4003; x_wconf 85' lang='lat' dir='ltr'>ad</span> <span class='ocrx_word' id='word_1_403' title='bbox 1121 3959 1218 4002; x_wconf 90' lang='lat' dir='ltr'>meum</span> <span class='ocrx_word' id='word_1_404' title='bbox 1242 3938 1432 4021; x_wconf 87' lang='lat' dir='ltr'>commodum</span> <span class='ocrx_word' id='word_1_405' title='bbox 1457 3938 1531 4000; x_wconf 90' lang='lat' dir='ltr'>mei·</span> 
     </span>
     <span class='ocr_line' id='line_1_42' title="bbox 174 4026 1532 4111; baseline -0.001 -20"><span class='ocrx_word' id='word_1_406' title='bbox 174 4050 230 4111; x_wconf 86' lang='lat' dir='ltr'>que</span> <span class='ocrx_word' id='word_1_407' title='bbox 255 4030 345 4091; x_wconf 80' lang='lat' dir='ltr'>officii</span> <span class='ocrx_word' id='word_1_408' title='bbox 376 4030 580 4091; x_wconf 82' lang='lat' dir='ltr'>fundationem</span> <span class='ocrx_word' id='word_1_409' title='bbox 610 4030 715 4092; x_wconf 80' lang='lat' dir='ltr'>direxi.</span> <span class='ocrx_word' id='word_1_410' title='bbox 761 4032 858 4093; x_wconf 75' lang='lat' dir='ltr'>Nemo</span> <span class='ocrx_word' id='word_1_411' title='bbox 891 4040 992 4093; x_wconf 88' lang='lat' dir='ltr'>tamen</span> <span class='ocrx_word' id='word_1_412' title='bbox 1022 4032 1051 4093; x_wconf 94' lang='lat' dir='ltr'>id</span> <span class='ocrx_word' id='word_1_413' title='bbox 1085 4030 1163 4109; x_wconf 84' lang='lat' dir='ltr'>quod</span> <span class='ocrx_word' id='word_1_414' title='bbox 1197 4028 1303 4107; x_wconf 88' lang='lat' dir='ltr'>scripsi</span> <span class='ocrx_word' id='word_1_415' title='bbox 1334 4027 1422 4090; x_wconf 80' lang='lat' dir='ltr'>cidit.</span> <span class='ocrx_word' id='word_1_416' title='bbox 1472 4026 1532 4089; x_wconf 87' lang='lat' dir='ltr'>Sed</span> 
     </span>
     <span class='ocr_line' id='line_1_43' title="bbox 174 4114 1533 4199; baseline -0.003 -19"><span class='ocrx_word' id='word_1_417' title='bbox 174 4119 271 4197; x_wconf 89' lang='lat' dir='ltr'>major</span> <span class='ocrx_word' id='word_1_418' title='bbox 300 4117 442 4179; x_wconf 81' lang='lat' dir='ltr'>fortassis</span> <span class='ocrx_word' id='word_1_419' title='bbox 472 4119 600 4180; x_wconf 89' lang='lat' dir='ltr'>andacia</span> <span class='ocrx_word' id='word_1_420' title='bbox 630 4119 850 4199; x_wconf 90' lang='lat' dir='ltr'>interponentis</span> <span class='ocrx_word' id='word_1_421' title='bbox 879 4139 947 4181; x_wconf 89' lang='lat' dir='ltr'>sese</span> <span class='ocrx_word' id='word_1_422' title='bbox 980 4120 1060 4180; x_wconf 89' lang='lat' dir='ltr'>inter</span> <span class='ocrx_word' id='word_1_423' title='bbox 1087 4118 1241 4198; x_wconf 88' lang='lat' dir='ltr'>opiniones</span> <span class='ocrx_word' id='word_1_424' title='bbox 1270 4116 1430 4177; x_wconf 82' lang='lat' dir='ltr'>artificum.</span> <span class='ocrx_word' id='word_1_425' title='bbox 1478 4114 1533 4177; x_wconf 86' lang='lat' dir='ltr'>llic</span> 
     </span>
     <span class='ocr_line' id='line_1_44' title="bbox 175 4205 1533 4288; baseline -0.002 -20"><span class='ocrx_word' id='word_1_426' title='bbox 175 4207 252 4270; x_wconf 90' lang='lat' dir='ltr'>enim</span> <span class='ocrx_word' id='word_1_427' title='bbox 276 4226 333 4268; x_wconf 89' lang='lat' dir='ltr'>non</span> <span class='ocrx_word' id='word_1_428' title='bbox 358 4214 493 4276; x_wconf 89' lang='lat' dir='ltr'>tautum,</span> <span class='ocrx_word' id='word_1_429' title='bbox 518 4207 595 4288; x_wconf 80' lang='lat' dir='ltr'>qdod</span> <span class='ocrx_word' id='word_1_430' title='bbox 621 4208 681 4269; x_wconf 86' lang='lat' dir='ltr'>ista</span> <span class='ocrx_word' id='word_1_431' title='bbox 698 4207 862 4270; x_wconf 82' lang='lat' dir='ltr'>vemasula</span> <span class='ocrx_word' id='word_1_432' title='bbox 884 4209 987 4287; x_wconf 86' lang='lat' dir='ltr'>lingua</span> <span class='ocrx_word' id='word_1_433' title='bbox 1011 4208 1154 4281; x_wconf 88' lang='lat' dir='ltr'>scribam,</span> <span class='ocrx_word' id='word_1_434' title='bbox 1179 4206 1233 4267; x_wconf 90' lang='lat' dir='ltr'>sed</span> <span class='ocrx_word' id='word_1_435' title='bbox 1257 4205 1359 4276; x_wconf 89' lang='lat' dir='ltr'>etiam,</span> <span class='ocrx_word' id='word_1_436' title='bbox 1387 4205 1468 4284; x_wconf 88' lang='lat' dir='ltr'>qnod</span> <span class='ocrx_word' id='word_1_437' title='bbox 1490 4206 1533 4266; x_wconf 85' lang='lat' dir='ltr'>ita</span> 
     </span>
     <span class='ocr_line' id='line_1_45' title="bbox 174 4289 1534 4372; baseline -0.001 -16"><span class='ocrx_word' id='word_1_438' title='bbox 174 4296 315 4368; x_wconf 88' lang='lat' dir='ltr'>sentiam,</span> <span class='ocrx_word' id='word_1_439' title='bbox 340 4294 507 4357; x_wconf 88' lang='lat' dir='ltr'>miraberis.</span> <span class='ocrx_word' id='word_1_440' title='bbox 553 4297 684 4358; x_wconf 87' lang='lat' dir='ltr'>Feceras</span> <span class='ocrx_word' id='word_1_441' title='bbox 708 4304 739 4357; x_wconf 89' lang='lat' dir='ltr'>tu</span> <span class='ocrx_word' id='word_1_442' title='bbox 764 4297 945 4358; x_wconf 84' lang='lat' dir='ltr'>mentionem</span> <span class='ocrx_word' id='word_1_443' title='bbox 969 4297 1067 4357; x_wconf 89' lang='lat' dir='ltr'>obiter</span> <span class='ocrx_word' id='word_1_444' title='bbox 1085 4295 1293 4357; x_wconf 89' lang='lat' dir='ltr'>diminuendae</span> <span class='ocrx_word' id='word_1_445' title='bbox 1312 4289 1534 4372; x_wconf 65' lang='lat' dir='ltr'>increpaturus</span> 
     </span>
     <span class='ocr_line' id='line_1_46' title="bbox 174 4381 1530 4464; baseline -0.004 -16"><span class='ocrx_word' id='word_1_446' title='bbox 174 4384 305 4458; x_wconf 89' lang='lat' dir='ltr'>Solaris,</span> <span class='ocrx_word' id='word_1_447' title='bbox 339 4402 399 4464; x_wconf 89' lang='lat' dir='ltr'>qua</span> <span class='ocrx_word' id='word_1_448' title='bbox 428 4391 459 4446; x_wconf 93' lang='lat' dir='ltr'>et</span> <span class='ocrx_word' id='word_1_449' title='bbox 482 4389 760 4464; x_wconf 70' lang='grc' dir='ltr'><strong><em>προσθαφαιροσεις</em></strong></span> <span class='ocrx_word' id='word_1_450' title='bbox 784 4385 1027 4447; x_wconf 89' lang='lat' dir='ltr'>diminuerentur.</span> <span class='ocrx_word' id='word_1_451' title='bbox 1074 4386 1110 4446; x_wconf 95' lang='lat' dir='ltr'>ld</span> <span class='ocrx_word' id='word_1_452' title='bbox 1138 4402 1195 4463; x_wconf 86' lang='lat' dir='ltr'>ego</span> <span class='ocrx_word' id='word_1_453' title='bbox 1222 4383 1266 4445; x_wconf 92' lang='lat' dir='ltr'>uti</span> <span class='ocrx_word' id='word_1_454' title='bbox 1290 4381 1392 4443; x_wconf 87' lang='lat' dir='ltr'>obitsr</span> <span class='ocrx_word' id='word_1_455' title='bbox 1412 4382 1530 4463; x_wconf 83' lang='lat' dir='ltr'>arripui,</span> 
     </span>
     <span class='ocr_line' id='line_1_47' title="bbox 174 4469 1531 4554; baseline -0.002 -18"><span class='ocrx_word' id='word_1_456' title='bbox 174 4475 218 4536; x_wconf 85' lang='lat' dir='ltr'>sic</span> <span class='ocrx_word' id='word_1_457' title='bbox 241 4474 335 4536; x_wconf 84' lang='lat' dir='ltr'>stiam</span> <span class='ocrx_word' id='word_1_458' title='bbox 358 4472 457 4536; x_wconf 89' lang='lat' dir='ltr'>obiter</span> <span class='ocrx_word' id='word_1_459' title='bbox 470 4474 652 4546; x_wconf 87' lang='lat' dir='ltr'>confirmavi,</span> <span class='ocrx_word' id='word_1_460' title='bbox 678 4474 803 4536; x_wconf 86' lang='lat' dir='ltr'>dicendo</span> <span class='ocrx_word' id='word_1_461' title='bbox 828 4493 865 4534; x_wconf 84' lang='lat' dir='ltr'>ex</span> <span class='ocrx_word' id='word_1_462' title='bbox 889 4474 1092 4554; x_wconf 87' lang='lat' dir='ltr'>magnitudine</span> <span class='ocrx_word' id='word_1_463' title='bbox 1113 4473 1241 4535; x_wconf 89' lang='lat' dir='ltr'>aestatis</span> <span class='ocrx_word' id='word_1_464' title='bbox 1256 4490 1315 4531; x_wconf 91' lang='lat' dir='ltr'>non</span> <span class='ocrx_word' id='word_1_465' title='bbox 1330 4488 1425 4552; x_wconf 88' lang='lat' dir='ltr'>posse</span> <span class='ocrx_word' id='word_1_466' title='bbox 1439 4469 1531 4533; x_wconf 77' lang='lat' dir='ltr'>statui</span> 
     </span>
     <span class='ocr_line' id='line_1_48' title="bbox 175 4558 1531 4642; baseline -0.001 -19"><span class='ocrx_word' id='word_1_467' title='bbox 175 4564 211 4624; x_wconf 91' lang='lat' dir='ltr'>de</span> <span class='ocrx_word' id='word_1_468' title='bbox 236 4559 473 4635; x_wconf 84' lang='lat' dir='ltr'>eccentrisitate,</span> <span class='ocrx_word' id='word_1_469' title='bbox 498 4570 621 4642; x_wconf 86' lang='lat' dir='ltr'>propter</span> <span class='ocrx_word' id='word_1_470' title='bbox 645 4563 816 4641; x_wconf 86' lang='lat' dir='ltr'>analogiam</span> <span class='ocrx_word' id='word_1_471' title='bbox 841 4564 1026 4641; x_wconf 89' lang='lat' dir='ltr'>superiorum</span> <span class='ocrx_word' id='word_1_472' title='bbox 1054 4563 1245 4640; x_wconf 88' lang='lat' dir='ltr'>planetarum</span> <span class='ocrx_word' id='word_1_473' title='bbox 1268 4558 1298 4620; x_wconf 83' lang='lat' dir='ltr'>ih</span> <span class='ocrx_word' id='word_1_474' title='bbox 1323 4559 1531 4640; x_wconf 80' lang='lat' dir='ltr'>aequantibus,</span> 
     </span>
     <span class='ocr_line' id='line_1_49' title="bbox 175 4648 1529 4732; baseline -0.004 -19"><span class='ocrx_word' id='word_1_475' title='bbox 175 4671 252 4732; x_wconf 86' lang='lat' dir='ltr'>quae</span> <span class='ocrx_word' id='word_1_476' title='bbox 276 4649 378 4729; x_wconf 87' lang='lat' dir='ltr'>utique</span> <span class='ocrx_word' id='word_1_477' title='bbox 403 4651 494 4713; x_wconf 88' lang='lat' dir='ltr'>etiarn</span> <span class='ocrx_word' id='word_1_478' title='bbox 518 4650 621 4712; x_wconf 91' lang='lat' dir='ltr'>Solem</span> <span class='ocrx_word' id='word_1_479' title='bbox 645 4659 764 4724; x_wconf 86' lang='lat' dir='ltr'>teneat,</span> <span class='ocrx_word' id='word_1_480' title='bbox 789 4650 814 4711; x_wconf 92' lang='lat' dir='ltr'>si</span> <span class='ocrx_word' id='word_1_481' title='bbox 839 4651 972 4713; x_wconf 84' lang='lat' dir='ltr'>rationes</span> <span class='ocrx_word' id='word_1_482' title='bbox 995 4649 1219 4730; x_wconf 90' lang='lat' dir='ltr'>philosophicas</span> <span class='ocrx_word' id='word_1_483' title='bbox 1243 4666 1419 4728; x_wconf 85' lang='lat' dir='ltr'>sequamur.</span> <span class='ocrx_word' id='word_1_484' title='bbox 1465 4648 1529 4708; x_wconf 80' lang='lat' dir='ltr'>Ve-</span> 
     </span>
     <span class='ocr_line' id='line_1_50' title="bbox 175 4736 1528 4818; baseline -0.004 -16"><span class='ocrx_word' id='word_1_485' title='bbox 175 4758 240 4802; x_wconf 89' lang='lat' dir='ltr'>mm</span> <span class='ocrx_word' id='word_1_486' title='bbox 264 4742 333 4802; x_wconf 89' lang='lat' dir='ltr'>dum</span> <span class='ocrx_word' id='word_1_487' title='bbox 356 4737 432 4801; x_wconf 89' lang='lat' dir='ltr'>hene</span> <span class='ocrx_word' id='word_1_488' title='bbox 446 4739 609 4818; x_wconf 87' lang='lat' dir='ltr'>perpendo,</span> <span class='ocrx_word' id='word_1_489' title='bbox 634 4740 753 4801; x_wconf 86' lang='lat' dir='ltr'>invenio</span> <span class='ocrx_word' id='word_1_490' title='bbox 778 4738 816 4800; x_wconf 94' lang='lat' dir='ltr'>ad</span> <span class='ocrx_word' id='word_1_491' title='bbox 836 4740 1002 4818; x_wconf 87' lang='lat' dir='ltr'>juvandum</span> <span class='ocrx_word' id='word_1_492' title='bbox 1017 4739 1164 4802; x_wconf 87' lang='lat' dir='ltr'>caleulum</span> <span class='ocrx_word' id='word_1_493' title='bbox 1183 4736 1396 4800; x_wconf 81' lang='lat' dir='ltr'>vernaliumet</span> <span class='ocrx_word' id='word_1_494' title='bbox 1411 4746 1528 4798; x_wconf 85' lang='lat' dir='ltr'>autum·</span> 
     </span>
    </p>
   </div>
   <div class='ocr_carea' id='block_1_3' title="bbox 0 0 1719 5542">
    <p class='ocr_par' dir='ltr' id='par_1_3' title="bbox 0 0 1719 5542">
     <span class='ocr_line' id='line_1_51' title="bbox 0 0 1719 5542; baseline 0 0"><span class='ocrx_word' id='word_1_495' title='bbox 0 0 1719 5542; x_wconf 95' lang='lat' dir='ltr'> </span> 
     </span>
    </p>
   </div>
  </div>
 </body>
</html>
