3428 5542
281 299 346 367 292
879 298 1041 350 11111111.

280 460 430 541 plerisque
453 458 550 537 iisqne
575 458 653 518 haud
677 456 838 518 levioribus
862 458 992 519 maxima
1010 458 1247 539 gravissimaque
1266 476 1337 537 pars
1353 454 1558 519 astronomiae
1583 455 1644 516 ba·

282 550 410 611 beretur.
458 544 527 617 Qua
555 546 671 608 ratione
694 546 822 606 officium
847 566 931 607 suum
955 556 1115 608 exsecutus
1139 546 1193 621 sit,
1227 566 1286 626 qua
1317 555 1417 607 mente
1442 543 1645 623 astrologiam

280 638 337 717 ipsi
361 638 540 715 imperatam
563 635 751 709 tractaverit,
777 653 844 695 cum
859 634 1042 696 Calendaria
1066 645 1095 696 et
1120 635 1328 714 Prognostica,
1361 645 1424 696 tum
1448 652 1552 695 omnes
1576 631 1644 693 1010

280 726 375 805 ipsius
399 725 480 798 libri,
514 725 543 784 in
567 725 662 803 iisque
690 723 849 802 praecipue
879 724 954 784 liber
977 724 1027 784 De
1052 721 1310 793 StellaNova‚
1342 731 1503 784 testantur.
1552 717 1644 791 Quae

282 833 320 875 ex
364 812 568 891 astrologicis·
593 813 780 873 vanitatibus
823 813 979 873 retinenda
1007 812 1171 886 censuerit,
1217 813 1307 891 paulo
1338 820 1498 893 postquam
1533 827 1643 871 munus

281 902 479 976 „Astrouomi
504 900 670 962 Caesarei“
702 911 810 962 nactus
844 909 904 975 est,
940 901 1017 980 quod
1050 920 1154 961 munus
1187 900 1350 979 imperator
1387 897 1568 977 Rudolphus
1598 897 1640 960 11.

280 1010 335 1070 par
355 990 509 1070 judicasse
533 990 652 1050 ridetur
675 988 788 1049 muneri
811 988 1024 1068 „Astrologi,“
1049 1010 1085 1050 ea
1108 990 1201 1049 refert
1224 988 1351 1062 libellus,
1377 1006 1464 1069 quem
1483 985 1644 1065 inscripsit

287 1078 504 1157 „Astrologiae
548 1077 775 1138 fundamenta.“
832 1076 992 1152 Omnibus,
1034 1097 1109 1157 quae
1143 1079 1198 1138 bac
1233 1077 1270 1138 de
1300 1096 1330 1138 re
1363 1076 1487 1155 scripsit
1520 1073 1641 1153 Keple-

282 1187 348 1241 rus,
381 1167 459 1227 inter
488 1186 521 1226 se
554 1167 753 1244 comparatis,
797 1176 929 1227 mentem
962 1166 1027 1246 ejus
1061 1166 1191 1227 assecuti
1232 1185 1300 1227 esse
1335 1164 1486 1233 videmur,
1527 1162 1555 1223 si
1596 1162 1642 1224 its

285 1255 432 1317 statuisse
457 1274 524 1315 eum
549 1255 687 1315 dicimus:
718 1255 803 1316 Inest
826 1255 937 1317 Terrae
967 1256 1066 1317 anima
1094 1255 1254 1337 quaedam,
1285 1252 1488 1334 comparanda
1511 1258 1641 1313 naturae

285 1345 450 1418 (lustinlt)
475 1344 656 1417 animalium,
682 1342 852 1421 perceptrix
876 1351 1008 1405 motuum
1023 1342 1207 1404 coelestium.
1254 1343 1360 1404 Eidem
1373 1342 1491 1403 animae
1516 1340 1641 1402 occulta

282 1435 401 1496 ratione
426 1434 602 1511 conjunctae
627 1443 698 1492 sunt
712 1433 823 1493 Terrae
847 1432 983 1492 soboles:
1014 1433 1158 1505 homines,
1183 1432 1340 1504 animalia,
1359 1432 1494 1510 plantae.
1543 1426 1640 1490 Com·

281 1531 419 1583 moretur
446 1522 521 1581 haec
546 1521 646 1581 anima
676 1520 956 1581 constellationibus
985 1522 1164 1582 harmonicis
1187 1522 1387 1599 planetarum.
1433 1517 1639 1580 Harmonicse

282 1620 385 1672 autem
409 1610 480 1669 illae
505 1620 590 1678 suut,
621 1629 696 1689 quae
716 1610 900 1688 respondent
927 1610 1116 1688 aliquatenus
1145 1609 1327 1670 sectionibus
1355 1609 1486 1670 chordae
1510 1607 1637 1668 harmo-

284 1700 377 1766 nicis,
401 1698 458 1758 hoc
482 1707 531 1759 est
554 1699 579 1759 si
598 1699 738 1778 planetae
763 1697 823 1760 bini
848 1698 874 1757 in
899 1698 1009 1759 circulo
1033 1699 1119 1766 ficto,
1144 1717 1229 1777 quem
1253 1698 1307 1759 Sol
1330 1716 1428 1759 annno
1452 1703 1538 1759 motu
1560 1713 1637 1756 con·

280 1787 351 1860 ficit,
368 1787 446 1847 inter
460 1806 527 1847 sese
543 1787 658 1847 distant
673 1786 833 1847 intervallo
857 1781 910 1855 0⁰,
935 1783 977 1848 30
988 1782 1008 1860 ⁰,
1034 1782 1075 1849 36
1087 1784 1107 1860 ⁰,
1133 1781 1176 1848 60
1186 1783 1208 1860 ⁰,
1232 1784 1274 1848 72
1286 1782 1306 1860 ⁰,
1323 1784 1365 1850 90
1376 1783 1398 1859 ’,
1418 1781 1479 1849 108
1489 1779 1512 1858 ’,
1539 1779 1638 1867 1201,

284 1869 378 1948 135⁰,
408 1870 469 1938 114
481 1870 501 1949 ⁰,
531 1872 592 1938 180
604 1870 624 1951 ⁰,
650 1875 713 1936 sive
737 1883 824 1956 parte
849 1874 951 1936 circuli
966 1873 1000 1944 0.
1034 1868 1102 1955 1,,
1137 1869 1205 1956 1,,
1236 1868 1289 1955 ’1,
1321 1869 1373 1956 ’1,
1405 1868 1454 1955 ’1,
1486 1866 1557 1954 'lm
1589 1865 1637 1954 ’1,

287 1959 341 2047 ’1,
372 1958 425 2045 ’1,
459 1957 507 2044 ’1.
553 1963 750 2043 Praecipuum
781 1965 840 2024 vim
870 1964 984 2025 habent
1006 1964 1063 2025 hae
1087 1964 1336 2026 constellationes
1367 1965 1395 2024 in
1420 1963 1639 2024 commovenda

280 2062 412 2128 „natura
435 2053 612 2113 sublunari“
636 2072 729 2132 eaque
754 2053 913 2114 commotio
937 2061 1064 2131 apparet
1088 2072 1154 2114 cum
1178 2053 1393 2114 mutationibus
1407 2058 1638 2131 tempestatum,

277 2151 351 2217 tum,
376 2161 453 2222 quae
477 2160 542 2202 curn
566 2142 612 2203 bis
636 2142 809 2218 cohaerent,
832 2142 1001 2221 plantarum
1025 2140 1217 2202 incrementis
1241 2148 1272 2201 et
1296 2141 1467 2215 sterilitate,
1492 2150 1557 2201 tum
1579 2138 1637 2200 de·

277 2231 366 2312 nique
399 2230 551 2292 bominum
584 2231 742 2291 affectibus
776 2241 807 2292 et
840 2239 957 2292 natura.
1006 2228 1085 2292 Sunt
1109 2241 1208 2291 autem
1239 2230 1268 2290 bi
1292 2231 1417 2291 effectus
1440 2226 1638 2305 „radiorum“

279 2319 517 2382 harmonicorum
547 2338 604 2380 non
630 2319 736 2399 quovis
767 2329 902 2400 tempore
931 2319 1034 2392 iidem,
1069 2319 1122 2381 sed
1146 2315 1268 2398 saepius
1291 2319 1380 2392 nulli,
1412 2318 1462 2379 vel
1485 2317 1554 2390 alii,
1587 2315 1637 2379 101

281 2410 373 2472 etiam
407 2408 550 2470 contrarii
572 2408 733 2488 prioribus.
779 2408 872 2470 Adsit
904 2426 1027 2468 necesse
1061 2415 1109 2468 est
1132 2408 1292 2481 „animae“
1318 2408 1397 2469 illius
1430 2407 1479 2468 vel
1506 2414 1636 2467 naturae

227 2534 232 2543 ι
281 2498 466 2578 singularum
490 2516 587 2559 rerum
612 2496 772 2577 dispositio
797 2506 871 2577 apta
896 2498 933 2557 ad
950 2495 1151 2575 recipiendam
1167 2497 1250 2557 illam
1265 2496 1335 2558 vim.
1384 2492 1486 2565 Quare
1508 2512 1636 2574 prorsus

276 2598 372 2666 negat
394 2586 543 2664 Keplerus
567 2586 702 2666 praedici
724 2605 815 2666 posse
834 2585 908 2647 certi
930 2585 998 2665 quid
1013 2604 1051 2645 ex
1066 2585 1126 2647 illis
1141 2584 1431 2658 constellationibus,
1455 2580 1636 2645 verisimilis

276 2684 396 2737 tanturn
420 2694 499 2747 esse,
524 2695 600 2755 quae
625 2676 694 2736 iude
716 2676 873 2754 prodeant.
920 2673 1103 2735 Praesertim
1135 2674 1285 2735 hominum
1313 2673 1433 2752 ingenia
1461 2681 1494 2733 et
1515 2670 1635 2734 indoles

277 2775 418 2826 natorum
441 2773 593 2843 tempore,
623 2783 680 2844 quo
705 2763 951 2825 constellationes
976 2761 1046 2822 illae
1078 2762 1106 2822 in
1131 2762 1214 2824 coele
1239 2771 1420 2842 appareant,
1448 2778 1507 2822 non
1533 2758 1633 2839 dirigi.

278 2854 334 2916 sed
358 2853 472 2914 moveri
495 2862 612 2914 tantum
636 2872 738 2914 earum
761 2853 792 2913 vi
816 2870 928 2913 arcana
951 2859 983 2912 et
1006 2851 1139 2930 disponi,
1165 2851 1191 2912 11
1215 2852 1292 2912 10110
1317 2851 1440 2911 eaedem
1464 2848 1634 2912 constella-

276 2943 390 3016 tiones,
417 2960 492 3020 quae
518 2952 651 3020 tempore
675 2951 780 3020 partus
805 2941 930 3015 suerint,
955 2950 1063 3019 postea
1085 2940 1195 3001 iterum
1218 2939 1398 3014 acciderint;
1424 2938 1558 3018 disponi,
1583 2936 1633 2999 in·

277 3049 376 3112 qnam,
400 3049 458 3090 nou
482 3031 657 3091 necessario
681 3031 748 3110 cogi
764 3031 802 3092 ad
824 3049 873 3092 res
888 3029 1045 3108 gerendas,
1071 3048 1148 3109 quae
1163 3029 1223 3090 illis
1238 3027 1520 3091 constellationibus
1534 3026 1635 3106 signi·

274 3121 411 3181 ficentur.
458 3117 505 3179 Ne
540 3127 738 3196 tempestates
768 3118 888 3199 quidem
917 3126 1000 3178 certo
1032 3118 1163 3197 praedici
1192 3136 1282 3197 posse
1312 3126 1438 3179 eventus
1466 3117 1635 3198 Keplerum

275 3207 386 3280 docuit,
413 3225 472 3286 qua
495 3226 526 3268 re
551 3215 649 3267 motus
673 3207 741 3268 inde
766 3209 804 3269 ab
829 3226 906 3268 anno
935 3203 1017 3267 1607
1042 3206 1155 3279 „desiit
1178 3207 1373 3285 prognostica
1396 3206 1442 3279 (h.
1467 3225 1495 3268 e.
1516 3204 1633 3269 Calen-

275 3296 376 3369 daria)
401 3295 555 3357 scribere“
580 3294 702 3376 (Comp.
728 3297 833 3359 literas
856 3294 981 3374 Kepleri
1004 3295 1042 3355 ad
1065 3295 1105 3355 D.
1122 3295 1290 3356 Fabricium
1314 3295 1403 3356 datas
1427 3294 1455 3356 d.
1487 3292 1632 3359 101101.

277 3383 377 3457 1608,
402 3403 458 3445 uec
482 3403 540 3445 nou
565 3385 672 3446 librum
696 3386 889 3466 inscriptum:
921 3383 1041 3443 Tertius
1069 3384 1285 3445 Interveniens.
1307 3384 1397 3445 Thes.
1423 3381 1633 3457 cxxnua.

274 3474 340 3535 Hoc
358 3471 541 3534 Calendaria
565 3474 771 3536 conscribendi
795 3473 947 3552 negotium
973 3472 1068 3532 denuo
1093 3491 1270 3551 aggressum
1295 3490 1361 3533 esse
1377 3472 1543 3550 Keplerum
1557 3490 1585 3534 0.
1602 3490 1632 3531 a.

277 3559 378 3633 1617,
408 3582 501 3642 supra
523 3562 667 3637 d'urimus;
696 3573 835 3624 auctores
864 3564 946 3623 fuere
977 3562 1041 3621 sine
1070 3560 1161 3622 dubio
1189 3561 1309 3623 ordines
1333 3560 1461 3621 ducatus
1485 3560 1634 3622 Austriae

276 3651 452 3731 superioris,
495 3669 618 3730 quorum
657 3661 727 3713 tuuc
769 3652 798 3712 in
836 3650 934 3731 operis
973 3657 1049 3711 erat.
1105 3648 1247 3711 Ceterum
1284 3649 1346 3710 alia
1382 3646 1634 3728 ‚‚prognostica.“

275 3740 454 3801 nativitates
478 3740 603 3814 scilicet,
630 3758 705 3818 quas
729 3740 839 3818 singuli
863 3737 996 3819 cujusvis
1021 3738 1139 3816 generis
1163 3738 1297 3799 homines
1321 3738 1359 3799 ab
1383 3738 1449 3816 ipso
1473 3737 1634 3818 petebant,

277 3830 452 3908 petentibus
476 3848 663 3908 nequaquam
687 3830 811 3907 negarit
834 3848 900 3888 eaur
924 3827 1053 3888 maxime
1077 3828 1114 3888 ob
1139 3847 1276 3899 causam,
1301 3836 1333 3887 ut
1356 3826 1467 3887 rictum
1491 3827 1550 3889 eibi
1571 3846 1633 3908 pa·

277 3925 360 3978 raret
382 3918 595 3978 necessarium.
642 3916 734 3978 Nulla
759 3919 820 3979 sere
844 3918 906 3977 alia
924 3934 1017 3976 causa
1040 3927 1150 3977 motum
1166 3916 1329 3994 Keplerum
1351 3915 1430 3976 hanc
1444 3916 1634 3996 astrologiae

276 4014 394 4085 partem
419 4006 563 4076 coluisse,
587 4027 603 4066 e
626 4006 729 4066 inultis
752 4005 867 4084 passim
891 4005 984 4085 ipsius
1009 4004 1098 4065 dictis
1122 4015 1262 4083 apparet,
1296 4023 1312 4065 e
1337 4004 1443 4083 quibus
1475 4005 1535 4066 duo
1559 4016 1634 4068 tau·

277 4101 339 4154 tum
368 4093 543 4155 testimonia
567 4094 721 4155 afferenda
743 4112 913 4168 censemus,
938 4092 1105 4154 alterume
1137 4093 1233 4154 literis
1262 4093 1300 4153 ad
1324 4093 1521 4155 blaestlinum
1548 4094 1634 4156 datis

274 4182 358 4255 (ride
381 4201 473 4262 supra
500 4200 529 4260 p.
560 4180 631 4256 18.)
661 4184 845 4257 desumtum,
883 4182 1010 4243 alterum
1043 4201 1058 4242 e
1098 4182 1188 4243 libro:
1222 4180 1363 4256 „Tertius
1386 4182 1633 4245 111011011000“.

274 4271 439 4333 1110111110
464 4272 542 4331 0010
566 4273 641 4332 dans
664 4273 803 4350 poculum
829 4280 1018 4351 argenteum,
1054 4271 1131 4349 quod
1155 4271 1193 4332 ab
1216 4270 1432 4332 lierberetenin
1457 4281 1632 4352 acceperat,

275 4360 376 4421 addit:
410 4359 590 4438 Hujusmodi
619 4361 746 4439 aucupia
776 4381 846 4422 rara
875 4367 953 4422 sunt.
1001 4357 1161 4432 Quamvis,
1195 4359 1221 4420 si
1243 4360 1327 4420 Deus
1357 4359 1479 4420 cuilibet
1507 4361 1635 4423 animali

274 4449 359 4510 dedit
382 4449 582 4509 instrumenta
604 4449 685 4510 vitae
710 4449 949 4518 conservandae,
983 4466 1058 4527 quae
1087 4448 1199 4509 invidia
1226 4456 1291 4522 est,
1325 4448 1350 4508 si
1375 4447 1479 4509 eodem
1504 4450 1634 4512 consilio

175 4550 180 4559 ’
274 4548 447 4598 astronomo
473 4537 610 4615 adjunxit
634 4539 851 4617 astrologiam?
897 4539 930 4598 11
950 4537 1029 4598 thesi
1046 4538 1116 4598 Vll.
1137 4537 1204 4599 libri
1228 4555 1315 4617 quern
1330 4536 1459 4598 diximus
1483 4537 1632 4617 legimns:

272 4624 315 4685 Es
340 4627 381 4687 ist
403 4624 458 4685 1οΙ
483 4625 564 4685 diese
588 4628 766 4706 Astrologia
789 4629 836 4689 ein
860 4626 1030 4688 1011110101
1049 4625 1238 4698 Tbchterlin,
1265 4626 1338 4686 aber
1359 4625 1451 4687 lieber
1467 4623 1561 4698 Gott,
1584 4645 1633 4688 so

271 4717 346 4776 nult
358 4715 404 4775 ihr
418 4714 544 4789 Mutter,
574 4715 621 4776 die
644 4716 922 4796 hocuvernunfftige
936 4715 1133 4776 Astronomia
1148 4714 1277 4789 bleiben,
1300 4733 1386 4774 naun
1402 4714 1446 4775 sic
1460 4714 1546 4778 dicse
1564 4715 1632 4779 ibre

273 4803 429 4865 1111110110
453 4803 585 4865 Tocbter
608 4805 655 4868 nit
677 4804 771 4869 betta.
819 4808 866 4870 111
887 4804 965 4869 doch
988 4805 1037 4867 die
1061 4804 1100 4866 W
1103 4805 1148 4867 elt
1170 4803 1248 4866 noch
1271 4802 1332 4866 viel
1352 4801 1540 4881 1111110111,
1568 4803 1635 4869 md
