3428 5542
728 286 811 351 cant
828 287 863 337 11·
1413 288 1476 354 ras

116 445 224 508 baculo
246 464 384 523 gressum
406 444 528 506 firmans
553 446 601 517 (ul
626 444 689 523 ipse
712 441 844 506 Rbctico
868 445 968 507 dicere
991 445 1098 507 solitus
1124 448 1186 518 est)
1205 440 1246 519 ³²)
1276 444 1356 509 felici
1381 449 1477 530 magis

115 553 204 615 quam
229 533 389 595 confidenti
411 533 586 612 conjectura
600 534 768 605 corastituit,
794 542 885 614 atque
908 533 951 594 ita
975 551 1043 595 sese
1067 534 1178 596 hahere
1202 534 1339 611 credidit,
1366 555 1403 597 ea
1425 537 1475 599 in-

114 640 203 703 quam
227 622 328 683 omnia
351 622 517 683 rationibus
541 621 683 701 aptiori,
709 645 726 682 a
746 622 856 693 causis,
880 642 899 683 a
922 621 1084 683 creationis
1110 622 1179 683 idea
1203 623 1340 685 deductis
1363 622 1476 688 rectis·

113 712 189 773 sime
212 710 380 774 constituta
404 729 471 771 csse
496 710 767 790 deprehendantur.

201 798 283 861 Nam
311 800 336 861 si
366 800 432 881 quis
461 798 686 879 philosophicas
715 800 791 860 istas
824 798 957 860 rationes
986 798 1050 860 aine
1080 798 1247 861 rationibus
1272 808 1304 862 et
1326 802 1391 862 solo
1415 801 1476 865 risu

112 888 251 967 excipere
275 895 367 969 atqne
390 888 511 949 eludere
533 887 671 961 volucrit,
694 896 857 968 propterea
880 888 959 968 qnod
979 906 1072 948 novus
1092 888 1178 949 homo
1198 889 1254 951 sub
1272 888 1359 950 linem
1383 910 1473 952 secu-

113 980 220 1047 lomm,
244 977 417 1053 tac-entibus
441 976 501 1038 illis
520 977 727 1056 philosophiae
745 976 902 1038 luminibus
920 975 1060 1055 antiquis,
1086 977 1295 1056 philosophica
1317 979 1379 1040 ista
1402 997 1474 1059 pro·

112 1069 220 1140 leram,
243 1065 287 1128 illi
303 1084 359 1145 ego
374 1067 490 1140 ducem,
514 1072 668 1126 auctorem
692 1076 722 1126 et
745 1073 1052 1145 praemonstratorern
1076 1085 1114 1126 ex
1137 1065 1349 1146 antiquissimo
1373 1069 1475 1130 seculo

110 1155 261 1236 proferam
280 1154 547 1236 Pythagoram:
572 1154 657 1232 cujus
676 1154 771 1216 multa
794 1153 824 1216 in
840 1153 952 1216 scholis
970 1152 1091 1229 mentio,
1117 1155 1196 1241 qnod
1219 1174 1285 1217 cnm
1311 1164 1474 1235 praestan-

111 1245 186 1307 tiam
209 1243 328 1305 videret
350 1242 479 1323 quinque
507 1260 683 1323 corpomm,
717 1242 808 1304 simili
837 1243 927 1323 plane
956 1242 1072 1304 ratione
1097 1251 1169 1305 ante
1191 1243 1239 1304 bis
1263 1243 1344 1306 mille
1369 1263 1473 1320 annos,

110 1351 170 1414 qna
185 1350 261 1394 nnnc
277 1350 344 1411 ego,
368 1329 525 1394 creatoris
540 1350 611 1393 cnra
629 1350 687 1392 non
711 1332 863 1411 indignum
887 1329 1039 1393 censuerit
1062 1331 1099 1393 ad
1124 1331 1177 1393 illa
1199 1332 1358 1414 respicere,
1384 1341 1475 1415 atque

109 1421 201 1485 rebus
224 1420 446 1483 mathematicis
468 1420 592 1501 physice
617 1429 649 1481 et
672 1439 710 1482 ex
735 1440 790 1482 sna
815 1420 950 1501 qnalibet
968 1419 1153 1500 proprietate
1173 1421 1379 1485 accidentaria
1401 1441 1474 1485 cen·

108 1511 178 1573 sitis
207 1528 256 1572 res
280 1529 339 1572 non
363 1510 595 1571 mathematicas
621 1509 903 1571 accommodaverit.
942 1508 1066 1583 Terram
1090 1509 1168 1571 enim
1193 1511 1269 1572 cnbo
1292 1511 1474 1591 aequipara-

110 1600 211 1675 vit‚¹)
235 1598 306 1679 quia
330 1598 449 1660 stabilis
473 1608 610 1679 uterque,
635 1599 713 1678 quod
738 1608 839 1660 tamen
860 1598 896 1658 de
915 1597 991 1659 cubo
1011 1616 1068 1658 non
1087 1599 1206 1678 proprie
1226 1599 1344 1662 dicitur.
1379 1596 1474 1662 Coelo

110 1688 300 1751 iconaedrnn
325 1687 418 1760 dedit,
444 1686 684 1769 qniautrumqne
699 1687 839 1749 volubile.
872 1686 939 1765 Igni
960 1686 1125 1769 pyramide,
1150 1688 1220 1768 quia
1243 1688 1317 1749 haec
1340 1688 1473 1750 volantis

108 1775 231 1858 igniculi
247 1775 498 1856 lorma:.reliqna
521 1777 578 1837 dno
602 1793 729 1854 corpora
752 1776 831 1837 inter
855 1793 954 1837 aerem
978 1781 1141 1857 et‘aqnam
1163 1776 1327 1854 distribuit,
1350 1786 1474 1858 propter

107 1866 237 1929 similem
266 1866 404 1946 utrinque
437 1884 504 1928 cum
537 1864 644 1927 vicinis
673 1865 892 1945 cognationem.
938 1861 1100 1927 Sedenim
1126 1862 1311 1945 Copemions
1340 1866 1384 1928 illi
1407 1865 1472 1928 viro

107 1954 215 2029 defuit,
241 1954 291 2034 qni
313 1953 406 2034 prius,
432 1954 503 2034 qnid
526 1962 610 2016 esset
634 1954 663 2015 in
688 1953 807 2029 mundo,
833 1953 967 2015 diceret:
991 1953 1104 2034 absque
1128 1972 1164 2015 eo
1188 1973 1246 2015 non
1271 1954 1388 2030 luisset,
1414 1954 1472 2016 dn·

107 2045 187 2106 bium
211 2061 270 2104 non
296 2052 360 2120 est,
385 2043 455 2125 quin
480 2061 570 2123 qnare
595 2049 692 2116 esset,
721 2042 904 2113 invenisset,
933 2051 1024 2123 atque
1048 2042 1122 2105 haec
1146 2043 1295 2105 coelomm
1317 2042 1472 2123 proportio

107 2139 167 2197 lam
192 2138 266 2193 nota
288 2152 365 2195 nnnc
390 2141 488 2207 esset,
514 2150 601 2213 qnam
625 2133 693 2211 ipsa
716 2132 843 2212 quinque
867 2150 1007 2211 corpora,
1039 2140 1101 2194 tam
1125 2131 1196 2194 item
1220 2142 1358 2212 recepta,
1384 2150 1472 2213 qnam

107 2222 163 2284 boc
198 2230 364 2301 temporum
395 2221 522 2283 decurso
551 2220 678 2282 invaluit
705 2219 759 2282 illa
792 2221 828 2281 de
861 2218 942 2283 Solis
975 2231 1057 2282 motu
1089 2222 1185 2301 deqne
1218 2221 1318 2301 quiete
1342 2221 1472 2285 Telluris

105 2328 217 2392 opimo.

195 2398 310 2460 Vemm
333 2416 390 2477 age
414 2396 462 2458 vel
492 2398 613 2458 tandem
642 2397 847 2475 experiamur,
880 2406 977 2460 utrum
1006 2397 1085 2459 inter
1113 2397 1200 2460 orbes
1225 2395 1385 2477 Copernici
1408 2399 1470 2461 sint

105 2489 183 2551 istae
208 2505 365 2569 corporum
388 2485 608 2565 proportiones.
643 2486 691 2548 Ac
714 2485 800 2548 initio
820 2506 882 2549 rem
898 2486 1098 2548 crassinscule
1114 2504 1300 2549 censeamus.
1334 2486 1470 2549 Maxima

104 2578 319 2657 distantiarum
343 2575 512 2637 differentia
535 2574 564 2636 in
578 2572 758 2653 ¹Copernico
783 2584 831 2636 est
854 2575 933 2637 inter
953 2574 1061 2637 Jovem
1086 2584 1118 2637 et
1140 2576 1289 2649 Martem,
1322 2585 1355 2637 ut
1382 2575 1468 2638 vides

104 2668 134 2730 in
158 2663 361 2746 explicatione
386 2663 595 2745 hypothesium
620 2662 695 2725 Tab.
721 2661 760 2726 10
784 2670 816 2724 et
839 2663 917 2725 iufra
941 2683 1007 2743 cap.
1036 2660 1075 2726 14
1099 2674 1131 2726 et
1156 2663 1207 2729 15.
1255 2664 1366 2726 Martis
1389 2664 1468 2727 enim

104 2756 253 2819 distantia
276 2774 295 2814 a
318 2751 391 2816 Sole
414 2772 473 2813 non
497 2759 610 2833 aequat
636 2751 759 2815 tertiam
781 2760 899 2832 partem
922 2751 1041 2814 Joviae.
1089 2752 1260 2824 Quaeratnr
1283 2752 1374 2831 igitur
1397 2771 1465 2815 cor·

103 2864 170 2926 pne,
190 2845 270 2926 qnod
284 2842 447 2904 maximam
462 2841 537 2903 lacit
551 2841 750 2904 differentiam
765 2840 844 2904 inter
857 2840 958 2903 orbem
974 2842 1228 2923 circumscriptum
1243 2850 1273 2904 et
1288 2841 1466 2921 inscriptum

104 2934 303 3007 (concedatur
325 2931 411 2993 nobis
435 2931 509 2992 haec
533 2953 711 3012 καταχρησις
741 2949 845 2991 aarum
873 2948 927 3009 pro
957 2931 1052 2992 solido
1083 2930 1240 3005 censendi)
1254 2929 1283 3003 ¹)
1315 2931 1393 3013 qnod
1418 2939 1467 2993 est

103 3023 289 3087 tetraedrnm
313 3020 377 3082 sive
400 3019 543 3102 pyramis.
580 3019 640 3082 Est
663 3020 754 3098 igitur
778 3018 979 3081 interiorem
997 3014 1036 3081 'et
1054 3021 1185 3084 Martem
1208 3019 1351 3102 pyramis.
1388 3019 1468 3083 Post

103 3113 158 3175 bos
191 3114 352 3174 maximam
384 3109 500 3171 faciunt
532 3107 731 3170 differentiam
764 3108 927 3170 distantiae
956 3108 1076 3189 Jupiter
1106 3118 1138 3172 et
1160 3108 1321 3172 Saturnus.
1367 3109 1465 3190 Hujus

102 3201 182 3265 enim
206 3201 258 3264 ille
281 3199 373 3280 paulo
396 3199 464 3279 plus
488 3196 640 3260 dimidium
665 3207 785 3277 aequat.
833 3195 948 3259 Similis
982 3207 1109 3279 apparet
1140 3197 1170 3260 in
1204 3198 1272 3260 cubi
1300 3196 1404 3262 intimo
1434 3207 1465 3260 et

102 3290 214 3354 extimo
238 3289 310 3352 orbe
334 3286 512 3351 differentia.
561 3283 677 3348 Cabum
700 3285 792 3365 igitur
815 3284 964 3348 Saturnus
989 3286 1100 3363 ambit,
1125 3288 1217 3349 cubus
1240 3286 1356 3351 Jovem.

189 3377 338 3459 Aequalis
363 3377 424 3439 lere
447 3374 601 3457 proportio
626 3384 675 3437 est
698 3376 777 3436 inter
796 3375 946 3438 Venerem
970 3384 1003 3438 et
1025 3376 1213 3451 Mercurium,
1239 3396 1294 3438 nec
1318 3375 1465 3440 absimilis

102 3469 180 3533 inter
203 3469 291 3531 orbes
315 3465 461 3529 octaedri.
508 3464 613 3526 Venus
636 3464 728 3543 igitur
751 3464 807 3525 hoc
831 3482 938 3545 corpus
962 3464 1071 3537 ambit,
1094 3465 1260 3529 Mercurius
1284 3465 1390 3527 induit.

190 3557 338 3638 Reliquae
363 3556 440 3617 dnae
464 3552 675 3634 proportiones
705 3553 784 3613 inter
807 3552 958 3615 Venerem
987 3562 1020 3616 et
1042 3555 1184 3630 Terram,
1217 3554 1296 3616 inter
1327 3555 1405 3615 hanc
1433 3560 1466 3613 et

101 3647 233 3709 Martem
256 3645 396 3707 minimae
420 3649 504 3718 snnt,
536 3649 568 3705 et
591 3643 653 3703 lere
685 3643 841 3721 aequales,
872 3661 977 3722 nempe
1001 3643 1126 3705 interior
1149 3642 1308 3704 exterioris
1332 3642 1464 3703 dodrans
1522 3684 1526 3690 ,

102 3744 153 3798 ant
176 3736 231 3797 bes
255 3728 324 3817 Ol„
346 3730 411 3812 Ἃ).
446 3734 479 3795 1n
495 3732 651 3794 icosaddro
667 3739 699 3793 et
718 3731 907 3792 dodecaedro
923 3739 993 3792 snnt
1016 3732 1108 3793 etiam
1132 3730 1275 3810 aequales
1299 3730 1464 3792 distantiae

102 3824 236 3887 binorum
260 3824 393 3897 orbium,
419 3828 451 3883 et
473 3821 665 3901 proportione
689 3827 814 3882 utnntnr
836 3820 959 3882 minima
981 3820 1060 3881 inter
1083 3820 1198 3900 reliqua
1220 3818 1371 3899 regularia
1393 3836 1463 3881 cor·

100 3932 183 3994 pora.
227 3910 330 3985 Quare
353 3911 515 3974 verisimile
539 3918 597 3986 est,
622 3910 752 3971 Martem
776 3909 889 3971 ambire
913 3909 1037 3970 Terram
1059 3909 1211 3970 mediante
1235 3910 1382 3970 alterutro
1404 3907 1462 3970 ho·

100 4023 163 4067 rum
188 4021 354 4083 corporum,
378 3996 502 4063 Terram
528 4007 628 4061 antem
643 4020 661 4059 a
678 3998 798 4060 Venere
813 4005 1001 4072 summotam,
1026 3998 1178 4060 mediante
1201 3997 1325 4079 reliquo.
1361 3996 1463 4069 Quare

100 4093 125 4155 si
149 4092 217 4175 quis
242 4111 280 4155 ex
302 4110 348 4154 me
372 4095 510 4172 quaerat,
534 4109 587 4151 cnr
611 4089 673 4149 sint
696 4095 811 4151 tantum
836 4106 891 4149 sex
905 4087 993 4148 orbes
1008 4086 1145 4162 mobiles,
1169 4087 1464 4169 respondebo,'qnia

99 4201 157 4244 non
184 4190 325 4262 oporteat
346 4178 448 4261 plnres
464 4177 592 4259 quinque
607 4176 815 4257 proportiones
831 4194 908 4250 esse,
933 4175 1061 4237 totidem
1084 4195 1201 4257 nempe,
1225 4184 1298 4257 qnot
1311 4176 1463 4256 regularia

100 4278 170 4334 sunt
188 4271 219 4333 in
237 4271 367 4332 mathesi
382 4286 518 4348 corpora.
552 4264 615 4329 Sex
639 4274 738 4326 autem
762 4265 882 4328 temrini
906 4273 1114 4328 consummant
1136 4267 1212 4328 hnnc
1235 4266 1460 4347 proportionum

99 4379 262 4423 numerum.
