3428 5542
255 305 303 379 OE
856 311 1016 371 emunim

257 480 417 554 praestare
436 473 537 552 potnit
559 473 729 553 egregium,
757 475 784 537 si
808 494 971 538 concursus
993 476 1195 555 planetarum,
1221 496 1285 541 rom
1307 497 1376 543 cum
1392 480 1460 547 viu
1483 481 1620 545 admira·

257 561 346 625 bilem
370 562 510 637 maxime,
536 570 599 624 tum
622 563 728 624 effectu
752 564 1047 642 praestantissimam
1071 567 1100 627 in
1125 574 1234 628 natura
1257 566 1370 631 omisit.

346 649 409 714 Sed
428 651 510 713 aliud
534 651 627 714 etiam
650 660 714 726 est,
744 654 822 731 quod
853 652 883 714 iu
906 673 962 716 sua
985 655 1125 717 machina
1148 653 1308 719 Uardanus
1332 657 1454 721 laudat:
1487 677 1619 739 „quam-

256 760 383 822 ‚,quam,
409 736 519 820 inquit,
550 759 645 820 neque
669 741 803 820 pondera
826 761 923 821 neque
947 743 1032 804 funes
1057 743 1168 806 artifex
1192 752 1295 806 noster
1318 745 1509 809 miscuerit.“
1554 747 1621 809 Hoc

251 829 318 910 jam
341 829 429 892 hodie
452 829 525 892 nihil
550 829 669 902 mirum,
696 848 791 910 neque
817 848 873 908 ego
898 831 1056 911 quicquam
1073 832 1177 895 borum
1190 833 1330 896 meditor.
1378 835 1491 899 Verum
1506 836 1618 899 andia-

256 938 322 981 mus
351 918 522 987 (lurdonum
551 920 676 981 formam
705 938 777 980 suae
815 919 963 998 sphaerae
995 921 1114 1001 penitus
1146 922 1391 1001 patefacientem.
1444 922 1520 996 Ait,
1552 925 1620 1001 „sic

250 1017 392 1088 „aptam
417 1016 518 1085 ntea,
543 1008 649 1089 quibus
674 1007 1031 1094 motusxadministratur,
1057 1009 1137 1071 intus
1161 1010 1293 1072 lateant:
1324 1010 1380 1091 ipsi
1402 1030 1473 1075 veru
1496 1031 1621 1078 errones

256 1117 295 1173 „o
319 1097 431 1159 tabulis
454 1117 520 1159 cum
549 1097 728 1177 quibusdam
751 1097 871 1159 circulis
886 1098 1088 1179 prominentes
1112 1097 1225 1179 absque
1249 1098 1461 1181 impedimento
1486 1103 1619 1182 spectari

255 1184 427 1269 „possint.“
456 1184 634 1256 Quomodo
658 1186 759 1247 nescio
783 1206 820 1247 an
845 1186 983 1249 obtineat
1006 1187 1035 1250 in
1059 1207 1115 1249 sua
1138 1187 1280 1268 sphaera,
1310 1191 1388 1269 qnod
1412 1189 1485 1251 mihi
1508 1209 1619 1253 neccs-

255 1275 365 1338 sarium
394 1274 522 1347 omissa,
561 1275 689 1336 maxime
727 1294 774 1336 me
811 1285 917 1349 vexat,
960 1276 1074 1337 indices
1112 1275 1242 1343 scilicet,
1263 1295 1319 1354 per
1355 1278 1469 1357 gradus
1501 1278 1619 1345 zodiaci

253 1374 417 1428 curreutes.
463 1364 543 1426 Nam
567 1364 624 1425 etsi
649 1371 810 1442 separatas
834 1364 920 1426 nobis
943 1364 1084 1444 proponit
1107 1366 1239 1439 tabellas
1260 1366 1395 1445 singulas
1414 1385 1469 1445 pro
1484 1366 1619 1447 planetis

253 1453 396 1532 singulis,
421 1452 605 1532 totidemque
629 1453 784 1525 zodiacos;
807 1471 903 1532 neque
927 1453 956 1514 in
982 1472 1016 1514 eo
1041 1462 1123 1514 metu
1147 1462 1208 1528 est,
1243 1453 1441 1533 impedituros
1464 1474 1498 1517 se
1513 1465 1618 1519 mutuo

253 1542 367 1603 iudices
390 1541 419 1602 in
445 1549 546 1603 mutuo
571 1559 711 1602 occursu:
738 1551 838 1602 tamen
863 1560 987 1604 necesse
1012 1550 1075 1616 est,
1099 1552 1204 1604 centra
1228 1543 1431 1618 zodiacorum,
1456 1543 1485 1605 in
1510 1543 1619 1625 quibus

254 1630 336 1709 affigi
360 1630 471 1692 debent
495 1629 622 1704 indices,
653 1649 720 1691 esse
745 1649 811 1691 cum
835 1630 945 1692 circulo
973 1631 1116 1712 planetae
1140 1631 1273 1694 mobilia.
1322 1629 1410 1703 Quod
1439 1632 1520 1695 enim
1543 1633 1619 1697 dicit

254 1717 426 1793 Cardanus,
453 1718 545 1780 certis
569 1719 745 1798 quibusdam
769 1719 888 1781 circulis
913 1739 1034 1781 errones
1057 1720 1239 1801 prominere,
1271 1719 1301 1783 id
1324 1721 1499 1784 necessario
1522 1720 1616 1784 intel·

254 1809 357 1889 ligitur
386 1809 423 1869 de
455 1807 555 1887 planis
585 1806 789 1869 circularibus.
834 1807 916 1886 Ergo
948 1808 1062 1870 indices
1091 1808 1120 1870 in
1144 1810 1234 1888 plano
1258 1808 1410 1884 circulari,
1445 1809 1615 1891 quodcum

252 1897 378 1979 planeta
404 1896 513 1959 mobile
538 1904 602 1968 est,
637 1896 719 1958 affixi
742 1915 800 1958 non
824 1898 999 1976 pendebunt
1022 1905 1199 1960 constanter
1223 1918 1260 1959 ex
1282 1907 1386 1963 centro
1409 1897 1528 1974 mundi,
1558 1899 1615 1961 nisi

252 1986 368 2049 tabella
395 1985 551 2048 circularis
575 1986 716 2065 planetae
741 1985 909 2066 aequaliter
937 1994 1093 2048 moveatur
1124 1986 1204 2048 circa
1227 1987 1315 2049 idem.
1363 1985 1425 2050 Sed
1456 1986 1540 2050 hisce
1564 1996 1614 2049 at-

252 2094 368 2154 cunque
391 2073 505 2136 occurri
530 2073 660 2135 fortasse
684 2081 802 2154 potest,
834 2074 873 2135 ad
901 2075 1053 2139 minimum
1086 2083 1186 2136 tamen
1209 2075 1323 2138 indices
1354 2084 1477 2156 propter
1501 2082 1615 2138 motum

253 2163 421 2227 latitudinis
450 2162 604 2225 zodiacum
637 2163 777 2225 deserent
805 2163 834 2237 in
863 2163 958 2225 latum
982 2171 1140 2238 exeuntes,
1173 2174 1206 2227 ct
1228 2165 1271 2226 sic
1300 2165 1374 2226 fient
1400 2164 1614 2244 propemodum

252 2253 388 2326 inutiles,
422 2269 488 2313 curn
512 2251 610 2313 officio
633 2271 686 2312 suo
715 2251 868 2315 iudicandi
892 2252 1004 2331 gradus
1032 2252 1148 2315 zodiaci
1175 2253 1294 2315 minime
1315 2254 1487 2332 iungantur.
1536 2250 1614 2317 cte-

251 2342 378 2404 didcrim
402 2359 458 2419 ego
483 2360 541 2401 non
567 2340 717 2403 adhibitos
741 2341 869 2415 iudices,
895 2341 949 2402 sed
968 2349 1153 2403 monstrasse
1179 2362 1212 2404 se
1235 2342 1319 2421 ipsos
1333 2342 1474 2421 planetas
1498 2340 1529 2405 iu
1552 2342 1615 2405 suis

251 2430 385 2495 audiaris
408 2430 583 2492 immediate
607 2430 664 2491 sihi
694 2430 904 2510 suprapositis.
952 2428 1020 2500 Quo
1051 2431 1148 2492 miuus
1178 2450 1224 2491 me
1253 2449 1363 2510 angere
1393 2430 1503 2504 debet,
1536 2430 1614 2513 quod

250 2528 283 2582 et
306 2538 362 2601 ego
386 2521 415 2582 in
440 2518 578 2581 rnaclvina
602 2521 689 2597 longe
714 2518 875 2581 difficiliori
899 2537 986 2581 careo
1012 2517 1167 2580 indicibus.
1213 2516 1275 2580 Sed
1299 2518 1408 2598 pedem
1425 2519 1614 2600 proferamus

252 2610 289 2672 ad
315 2609 468 2690 egregium
493 2606 625 2670 Cardani
650 2608 864 2671 testimonium.

339 2698 409 2772 „Ex
432 2718 504 2779 quo,
530 2698 640 2780 inquit,
665 2697 857 2760 manifestum
881 2705 941 2769 est,
967 2695 1120 2778 antiquam
1136 2703 1318 2757 structuram
1335 2696 1424 2776 longe
1438 2696 1495 2759 hac
1509 2704 1616 2760 nostra

251 2787 451 2863 „nobiliorem
481 2807 549 2849 esse
574 2809 609 2849 ac
637 2786 858 2879 pulchrioremb
880 2794 1014 2847 nostram
1043 2803 1114 2846 vero
1145 2784 1392 2849 diuturniorem.“
1438 2784 1535 2866 Atqui
1558 2803 1615 2867 ego

251 2877 393 2957 antiquos
423 2877 495 2939 mihi
523 2895 657 2958 propono
689 2876 849 2938 imitandos
879 2875 907 2936 in
933 2893 997 2934 mea
1022 2873 1166 2953 sphaera,
1196 2892 1272 2954 quae
1296 2874 1374 2938 vitro
1404 2874 1537 2954 tegenda
1552 2883 1613 2938 est.

249 2965 301 3028 Ad
334 2965 413 3045 qnod
445 2965 655 3029 subministrat
688 2963 760 3028 mihi
783 2962 952 3036 consilium,
987 2962 1030 3023 sic
1054 2980 1200 3043 pergens:
1234 2960 1345 3036 ‚‚Quod
1370 2962 1396 3025 si
1424 2982 1462 3025 ex
1484 2962 1615 3027 materia

250 3053 348 3129 „dura
371 3063 403 3114 et
420 3054 579 3134 perspicua
603 3054 722 3128 tierent,
748 3051 995 3133 quemadmodum
1011 3050 1140 3113 diximus
1164 3052 1301 3130 superius
1325 3051 1362 3113 de
1383 3051 1541 3134 crystallo,
1565 3052 1613 3115 cui

250 3150 429 3222 „argentum
453 3142 491 3204 sit
517 3143 693 3217 immistum,
723 3151 794 3204 tunc
818 3149 850 3202 et
873 3140 1004 3203 naturali
1028 3139 1174 3202 rotundas
1199 3140 1314 3202 somnae
1338 3148 1370 3201 ct
1392 3140 1612 3205 constructioni

250 3230 403 3305 „orbium,
437 3250 495 3311 qua
518 3251 594 3294 unus
618 3231 706 3294 alteri
735 3230 909 3303 includitur,
941 3237 972 3290 et
993 3228 1205 3310 perspicuitati
1237 3249 1273 3291 ac
1300 3228 1514 3310 pulchritudini
1546 3248 1613 3294 cum

251 3318 470 3395 „dintumitate
494 3321 663 3382 consultum
688 3319 805 3383 esset.“
847 3318 952 3392 Addit,
978 3326 1048 3381 tunc
1069 3318 1155 3397 longe
1171 3318 1299 3398 majores
1314 3318 1378 3381 lieri
1393 3318 1501 3381 solitas
1516 3318 1614 3391 moles

250 3406 337 3483 illae,
363 3427 451 3489 quam
476 3427 552 3490 quae
573 3429 608 3470 ex
624 3410 748 3471 metallo
764 3426 850 3471 nunc.
898 3405 986 3478 Quod
1002 3407 1028 3469 si
1048 3425 1150 3468 verum
1170 3417 1232 3482 est,
1256 3415 1398 3487 potemnt
1412 3425 1484 3488 ergo
1499 3407 1612 3470 etiam·

250 3515 318 3560 unm
342 3498 443 3578 magni
467 3497 548 3577 globi
573 3496 660 3561 vitrei
683 3499 762 3572 lieri,
787 3505 877 3577 atque
901 3496 957 3558 hac
982 3496 1011 3557 in
1035 3504 1122 3577 parte
1147 3495 1261 3557 inutilis
1276 3504 1325 3558 est
1345 3514 1412 3559 mea
1427 3495 1611 3560 sollicitudo.

248 3586 283 3668 In
312 3586 506 3668 sequentibus
535 3587 614 3649 omni
643 3606 689 3648 me
717 3587 806 3648 laude
837 3585 1018 3648 inventionis
1049 3583 1175 3664 spoliat,
1210 3585 1340 3648 eumad
1374 3605 1440 3648 earn
1473 3585 1611 3659 formam,

248 3693 337 3757 quam
362 3694 418 3756 ego
442 3675 585 3749 meditor,
609 3677 819 3738 concinnatam
844 3674 999 3737 existimat
1018 3673 1178 3753 sphaeram
1201 3673 1444 3737 Archimedeam.
1492 3672 1611 3749 „Orbi-

249 3765 342 3839 ,‚bns,
367 3765 463 3846 inquit
486 3768 538 3838 (ex
562 3765 758 3845 conjectura?
782 3784 820 3826 an
845 3765 914 3846 quia
933 3771 1068 3825 autorem
1081 3761 1225 3835 habeti),
1250 3783 1338 3825 unum
1359 3772 1477 3826 tanturn
1496 3771 1612 3827 motum

248 3853 448 3929 „addiderat,
474 3873 635 3935 omnesque
659 3855 740 3916 circa
762 3854 841 3916 idem
865 3862 1000 3915 centrum
1025 3848 1211 3926 collocabat,
1237 3859 1270 3913 ut
1288 3850 1436 3932 Calippus
1460 3860 1491 3913 et
1504 3850 1611 3915 Eudo·

249 3959 343 4016 ,urum
373 3943 468 4022 ipsam
491 3960 562 4007 vcro
586 3944 726 4018 Terram,
756 3943 894 4022 exiguam
914 3940 1106 4022 sphaerulam
1129 3940 1286 4019 multiplici
1311 3950 1393 4005 motu
1416 3940 1558 4020 agitabat
1580 3940 1611 4003 in

250 4030 384 4105 ,‚medio,
409 4032 524 4100 nescio,
556 4032 663 4112 quibus
687 4031 831 4096 artificiis.
879 4031 958 4092 b'arn
982 4030 1026 4092 sic
1051 4028 1239 4091 existimavit
1262 4030 1343 4094 orbis
1366 4039 1471 4110 partes
1495 4048 1529 4093 se
1552 4031 1610 4093 ha·

250 4119 356 4194 „herm
381 4128 415 4183 ut
438 4120 466 4181 in
491 4120 592 4182 libello
616 4122 654 4183 de
678 4140 788 4184 arenae
812 4138 934 4183 numero
949 4119 1109 4181 manifeste
1134 4126 1277 4181 testatur.
1326 4116 1425 4191 Quam
1440 4118 1611 4199 opinionem

249 4217 393 4281 „secutus
417 4217 463 4269 est
488 4208 634 4272 Nicolaus
654 4209 838 4290 Cupernicus
862 4216 965 4271 aetate
989 4217 1102 4271 nostra.
1151 4208 1198 4271 Aa
1225 4227 1295 4270 vero
1321 4210 1359 4271 ad
1384 4227 1526 4289 unguem,
1552 4227 1611 4271 non

250 4297 349 4371 ,satis
372 4304 505 4371 constat,
540 4318 606 4361 cum
630 4299 774 4363 incertum
798 4296 852 4371 sit,
887 4317 925 4360 an
949 4296 1147 4359 Archimedes
1170 4297 1275 4361 Lunae
1298 4297 1404 4371 orbes,
1435 4307 1468 4360 ut
1491 4297 1611 4379 Copor-

250 4385 369 4460 „nicus‚
403 4406 469 4449 cum
493 4388 748 4466 elementis-ipsis
772 4386 963 4450 circumvolvi
987 4385 1150 4449 voluerit.“
1196 4387 1280 4449 Haec
1305 4384 1475 4450 Cardenus.
1522 4383 1611 4459 Quae

249 4473 275 4537 si
300 4483 332 4537 tu
355 4476 481 4556 legeris,
515 4476 620 4541 mirum
644 4477 700 4538 nisi
725 4476 858 4548 dubites,
889 4495 927 4537 an
951 4494 1010 4538 non
1035 4494 1090 4555 ego
1115 4475 1259 4556 proximis
1283 4475 1381 4539 literis
1404 4475 1548 4556 pleraque
1572 4492 1611 4539 ex

250 4561 306 4625 hoc
330 4564 395 4627 loco
418 4565 673 4645 transcripserim,
703 4566 778 4627 adeo
803 4565 994 4628 convenimus
1022 4572 1054 4626 ct
1077 4564 1106 4627 in
1130 4565 1262 4646 sphaera
1285 4563 1494 4638 Archimedis,
1524 4564 1610 4628 etin

249 4653 371 4731 propria
393 4653 573 4715 inventione.

337 4741 380 4803 Et
403 4742 472 4820 quia
494 4741 593 4822 incepi
616 4742 655 4803 ah
680 4742 735 4803 hac
760 4740 896 4815 materia,
921 4740 1031 4803 addam
1055 4749 1086 4803 et
1110 4741 1201 4815 illud,
1232 4740 1311 4824 quod
1324 4739 1461 4892 ppoxirne
1476 4748 1610 4819 testatus

248 4846 316 4893 sura
343 4847 390 4893 me
413 4829 443 4893 iu
466 4848 613 4915 suspenso
633 4830 821 4914 relinquere,
845 4828 964 4897 scilicet
986 4827 1024 4897 de
1047 4829 1204 4915 multiplici
1225 4838 1309 4905 motu
1355 4829 1455 4897 enoris
1472 4835 1507 4894 rt
1522 4829 1609 4909 usr-
