3428 5542
612 311 939 377 meseonem
984 274 996 297 ”
1384 311 1450 383 sss

94 469 174 530 Nam
195 475 318 547 praeter
341 466 480 547 antiquos
500 474 647 546 aspectus,
665 485 704 531 ex
725 469 811 530 novis
834 469 952 531 accedit
974 470 1108 549 quintilis
1132 469 1256 534 Saturni
1276 480 1307 535 st
1329 473 1449 535 Martis.

92 556 240 638 Sequitur.
260 555 429 618 amoenitas
452 554 652 635 pulcherrima
669 574 736 617 cum
759 556 991 621 humectatione.
1037 559 1111 623 Fine
1135 560 1268 624 tonitrua
1281 569 1315 624 et
1327 562 1449 629 imbres.

653 644 785 707 Thesis
808 645 892 708 LVI.

182 730 260 795 Cum
282 751 376 795 cansa
396 731 576 794 universalis
600 750 750 799 annornm.
767 733 973 814 dispositionis
997 734 1164 813 ignoretur,
1194 737 1238 799 ita
1268 736 1306 798 de
1330 743 1451 800 aestate

92 821 166 883 mihi
189 821 380 884 scribendum
403 828 465 896 est,
494 840 531 882 ao
563 820 590 883 si
613 839 708 883 annus
735 821 800 902 ipse
828 842 882 887 seu
905 824 999 885 Terra
1020 823 1077 885 hoc
1101 842 1178 887 anno
1208 826 1249 887 sit
1272 826 1372 888 futura
1394 845 1449 888 suo

92 918 187 973 statu.
234 911 342 990 Itaque
356 902 392 971 ‘si
416 910 606 989 conjecturae
631 909 833 990 astrologicae
865 911 947 974 circa
973 911 1156 975 individuum
1197 913 1226 975 in
1258 921 1347 975 tauta
1374 933 1449 976 cau·

91 1018 192 1061 sarum
224 998 411 1078 ignoratione
453 998 614 1072 fallantur,
648 999 738 1062 venia
769 999 876 1080 dignas
904 1008 987 1079 pnto.
1043 1001 1112 1062 Non
1140 1001 1218 1063 enirn
1246 1021 1449 1082 supervacuae

92 1088 151 1151 dici
174 1096 318 1168 possunt,
352 1107 429 1167 quae
461 1087 491 1148 in
523 1088 652 1150 materia
682 1088 830 1150 maximae
855 1089 932 1153 citra
954 1090 1189 1156 controversiam
1212 1090 1355 1153 utilitatis
1377 1110 1448 1165 vere

90 1185 197 1239 santur
204 1195 213 1252 ;
247 1177 273 1237 si
306 1178 444 1256 qnando,
477 1195 553 1256 qnae
586 1177 683 1239 adhuc
717 1178 831 1252 latent,
865 1170 896 1239 in
928 1179 1024 1240 lucem
1050 1178 1170 1259 penitus
1202 1180 1447 1259 producerentur.

89 1266 196 1346 ltaque
219 1265 302 1326 Junii
324 1265 502 1345 principium
525 1265 671 1327 fervidum
695 1274 727 1327 et
750 1285 889 1328 serenum
907 1266 1026 1345 jndico;
1054 1274 1126 1346 post
1147 1268 1341 1346 plenilunium
1364 1270 1447 1348 peri-
1507 1272 1512 1281 '

90 1355 212 1416 culosas
236 1355 465 1428 commotiones,
492 1353 717 1427 inundationes,
747 1362 778 1416 et
802 1355 927 1417 fulmina
949 1356 1063 1417 crebra.
1111 1355 1145 1417 Si
1168 1356 1447 1436 generalisdispo-

87 1443 161 1504 sitio
191 1443 304 1504 Terrae
337 1442 376 1503 ad
409 1441 579 1504 siccitatem
610 1442 789 1517 inclinaret,
823 1443 897 1505 nihil
930 1452 1013 1505 esset
1039 1442 1172 1523 periculi
1221 1443 1336 1508 Contra
1359 1445 1386 1507 si
1410 1445 1448 1509 sd

88 1530 314 1593 humiditatem:
339 1550 398 1593 non
422 1537 509 1592 erunt
532 1531 666 1606 fulmina,
690 1532 745 1593 sed
768 1531 927 1594 continuae
951 1539 983 1592 et
1006 1532 1134 1612 frigidae
1157 1533 1287 1612 pluviae.
1334 1533 1449 1605 Ultima
1562 1560 1571 1573 ·

35 1625 41 1636 '
88 1619 239 1682 medietas
262 1619 411 1682 continuis
436 1619 522 1700 quasi
541 1619 759 1715 statiqnibns'
752 1640 781 1681 ιιι
805 1638 876 1683 suos
900 1628 1042 1703 aspectus
1066 1629 1113 1681 est
1138 1621 1308 1685 distributa.
1352 1620 1447 1685 Com-

71 1708 235 1770 -motiones
260 1718 357 1769 erunt
403 1707 577 1769 Verisimile
610 1686 664 1787 pist
665 1728 747 1771 arem
776 1710 813 1770 ob
847 1709 958 1771 multas
992 1708 1187 1772 humiditates
1210 1709 1448 1790 frigidiusculnm

87 1798 219 1858 intnrum
242 1815 391 1871 mensem,
420 1796 478 1858 nisi
507 1796 595 1857 hic
582 1815 646 1875 Jam
669 1805 757 1860 totus
776 1817 871 1858 annus
895 1792 987 1861 1601.
1013 1798 1085 1862 talis
1109 1799 1227 1862 fnisset.
1274 1798 1329 1861 Sin
1352 1816 1447 1863 annus

86 1885 302 1948 universaliter
325 1886 364 1946 ad
388 1885 557 1947 siccitatem
581 1886 751 1960 inclinetur,
776 1905 814 1947 ea
836 1886 892 1947 hoc
915 1905 1017 1949 mense
1042 1895 1129 1949 tanto
1152 1888 1248 1967 major
1271 1889 1339 1950 erit.

634 1974 769 2036 Thesis
792 1974 892 2040 LVII.

173 2059 273 2123 Julius
297 2062 403 2123 eodem
425 2061 455 2122 in
479 2081 572 2123 censu
595 2070 653 2134 est,
668 2063 774 2124 eadem
789 2062 1007 2142 ambignitate..
1028 2063 1107 2125 Nam
1130 2059 1170 2126 18
1185 2071 1328 2143 aspectus
1343 2063 1446 2128 habet.

85 2148 164 2212 Cum
187 2150 266 2211 enim
290 2150 451 2229 quotannis
480 2149 540 2214 150
565 2151 686 2212 circiter
708 2151 771 2213 sint
792 2160 952 2230 aspectus,
991 2152 1012 2214 ii
1040 2152 1095 2214 hoc
1124 2171 1201 2214 anno
1229 2153 1339 2231 potiori
1359 2162 1446 2231 parte

85 2239 116 2299 in
144 2247 292 2300 semestre
321 2238 469 2300 aestivum
497 2241 732 2307 accumulantur.
788 2241 863 2301 Dies
896 2240 921 2301 1.
952 2238 982 2302 2.
1008 2239 1038 2303 5.
1064 2236 1084 2302 6
1116 2241 1296 2315 mediocres,
1330 2242 1446 2303 ventosi

85 2345 152 2389 cum
175 2326 329 2389 imbribus.
368 2327 442 2389 Dies
466 2325 496 2390 8.
521 2327 640 2406 pluvius
664 2336 696 2389 et
720 2328 859 2407 frigidus:
884 2329 1005 2391 flatnosi
1029 2325 1059 2392 9.
1088 2328 1138 2392 11.
1175 2330 1221 2390 At
1247 2326 1296 2399 12.
1325 2326 1444 2402 11114.

83 2415 267 2479 infestantur
291 2415 402 2492 (7119,
434 2436 510 2496 qnae
534 2417 591 2478 hoc
615 2436 692 2478 anno
717 2425 856 2496 quartum
884 2417 1021 2480 iteratur.
1068 2419 1282 2496 Tempestates
1305 2435 1443 2498 magnae.

82 2504 157 2565 Dies
184 2503 233 2567 18.
262 2501 313 2568 19.
338 2501 392 2566 21.
417 2505 512 2580 mixti,
538 2506 640 2567 futura
664 2505 796 2567 tonitrua
819 2513 851 2565 et
874 2504 997 2567 imbres.
1026 2504 1075 2566 Ex
1098 2523 1133 2567 eo
1149 2506 1300 2569 serenitas
1315 2516 1348 2568 et
1362 2506 1445 2580 calor

83 2611 220 2672 magnus,
245 2595 477 2673 congrediuntur
500 2591 579 2655 enirn
603 2595 734 2674 Augusti
755 2594 901 2673 principio
924 2593 1045 2673 Jupiter
1068 2601 1100 2656 et
1122 2595 1217 2657 Mars.

626 2682 758 2744 Thesis
782 2682 898 2744 LVIII.

173 2769 308 2831 'landem
345 2769 447 2850 aliqua
479 2769 618 2851 Angusto
652 2771 755 2852 quies,
783 2781 815 2832 et
846 2773 938 2835 calor.
984 2771 1042 2832 Die
1073 2768 1102 2833 5.
1126 2771 1246 2851 pluviae
1275 2777 1307 2831 et
1334 2769 1382 2833 die
1410 2767 1441 2835 9.

81 2856 173 2921 Circa
200 2856 249 2921 15.
273 2858 401 2939 frigidae
433 2860 552 2939 pluviae
576 2879 644 2922 cnm
667 2860 839 2923 tonitribus.
886 2861 962 2923 Post
984 2860 1039 2925 hos
1063 2869 1182 2933 aestus,
1207 2868 1239 2922 et
1266 2855 1315 2928 19.
1341 2858 1443 2922 valide

82 2946 255 3010 commotio.

642 3036 777 3098 Thesis
800 3035 882 3097 LlX.

171 3122 353 3204 September
382 3123 468 3186 initio
501 3142 556 3186 sno
580 3131 664 3187 statu
687 3132 750 3187 est:
782 3124 810 3186 d.
839 3124 887 3187 11.
912 3124 1047 3202 pluviae,
1072 3124 1217 3187 nebulae:
1243 3123 1307 3187 dies
1335 3119 1385 3184 15.
1409 3130 1442 3185 et

85 3211 136 3275 17.
161 3213 302 3276 humecti.
349 3213 394 3274 At
418 3212 465 3274 dis
490 3210 542 3274 20.
568 3209 655 3292 &bd
679 3213 791 3274 infesta
814 3221 863 3273 est
886 3213 1055 3274 admodum.
1095 3213 1194 3293 Tepor
1213 3213 1240 3276 si
1262 3209 1439 3292 praecessit,

76 3303 142 3382 jam
171 3302 310 3363 horridae
340 3308 541 3381 tempestates
575 3308 672 3364 erunt.
717 3302 763 3363 At
792 3301 818 3363 si
846 3301 983 3363 humidus
1012 3302 1195 3380 generaliter
1223 3320 1317 3364 annus
1346 3307 1439 3373 esset,

78 3391 200 3471 pluviae
224 3390 280 3452 hos
303 3390 369 3453 dies
393 3390 548 3451 coniectae
572 3391 751 3452 obtenturas
776 3398 880 3452 essent
903 3408 968 3451 cnm
984 3389 1104 3469 frigore.
1139 3391 1172 3451 ln
1186 3408 1298 3470 genere
1312 3388 1439 3450 nebulae

78 3479 236 3560 plurimae.
282 3479 358 3541 Dies
381 3479 473 3541 etiam
497 3475 549 3541 27.
561 3477 699 3540 nebulas
723 3479 794 3540 ciet.
841 3476 964 3540 Castori
987 3487 1110 3541 manent
1131 3497 1185 3541 suo
1209 3487 1304 3541 statu.

574 3578 580 3589 ‘
648 3568 782 3629 Thesis
805 3567 873 3629 LX

170 3619 300 3727 Quintus
331 3654 474 3718 Octobris
512 3655 638 3735 frigidas
671 3656 789 3735 pluvias
827 3655 928 3718 habet.
975 3652 1021 3714 De
1052 3660 1153 3717 cetero
1184 3653 1295 3715 mensis
1326 3651 1374 3714 hic
1399 3671 1438 3715 eo

78 3752 164 3807 statu
191 3745 268 3824 erit,
302 3763 388 3825 quem
420 3744 555 3806 admittit
587 3743 766 3823 September
793 3745 984 3808 antecedens.
1031 3743 1111 3811 Nam
1134 3752 1167 3804 ut
1195 3759 1286 3821 saepe
1314 3741 1436 3815 dictum,

77 3833 204 3900 multum
240 3833 387 3906 interest,
420 3834 538 3912 qualem
567 3833 679 3895 'lernae
712 3833 958 3896 constitutionem
985 3831 1097 3893 mensis
1130 3830 1256 3910 quilibet
1293 3829 1436 3892 inveniat.

79 3919 208 3988 Dies3.
234 3919 266 3985 9.
291 3920 344 3985 27.
369 3921 483 3984 habent
505 3921 634 3983 nimbos.
672 3922 747 3986 Dies
771 3904 823 3985 28.
850 3919 902 3984 29.
927 3920 1026 3982 ventis
1048 3926 1243 3999 perstrepunt
1265 3925 1297 3980 et
1318 3918 1436 3999 pluvia,

78 4011 134 4073 sed
158 4011 290 4074 calorem
312 4018 385 4090 puto
419 4018 642 4092 superaturum
676 4013 734 4074 etsi
767 4011 885 4108 quidem
916 4018 1074 4072 ventorum
1107 4008 1292 4089 quorundam
1330 4016 1440 4070 natura

78 4118 118 4164 ex
140 4099 313 4180 regionibus
337 4100 400 4162 suis
423 4098 628 4178 frigidissima.

639 4188 772 4250 Thesis
796 4187 878 4249 LXl.

166 4275 271 4338 Etiam
292 4275 464 4339 November
488 4284 537 4338 est
559 4276 588 4337 in
613 4296 668 4339 sua
690 4275 908 4348 mediocritate,
923 4272 1132 4353 grandinosus,
1153 4279 1185 4334 et
1203 4272 1322 4335 acribus
1336 4267 1438 4331 ventis

75 4364 197 4429 infestis
221 4365 353 4446 quintus.
401 4361 616 4435 Quindecimus
650 4366 825 4427 inconstans
858 4372 890 4425 et
918 4362 1037 4442 tepidus
1065 4362 1103 4424 ob
1131 4362 1273 4424 sextilem
1294 4358 1381 4421 Jovis
1405 4365 1438 4420 et

76 4453 209 4516 Veneris
246 4454 304 4516 hoc
336 4452 406 4515 anni
434 4460 580 4532 tempore.
627 4453 701 4515 Dies
732 4451 782 4516 18.
811 4453 930 4532 pluvias
953 4450 1061 4513 habet.
1096 4452 1142 4513 sin
1172 4467 1308 4511 serenum
1327 4445 1435 4521 ruent,

75 4543 206 4624 primum
229 4544 309 4622 gelu.
356 4542 403 4605 At
424 4542 497 4604 mihi
518 4543 649 4604 nondum
672 4542 823 4605 credibilis
847 4542 962 4622 hyems.
1009 4539 1090 4603 Nam
1113 4541 1169 4602 ine
1189 4537 1300 4601 mensis
1317 4535 1439 4615 Jupiter

74 4632 172 4694 Marti
200 4638 232 4693 et
263 4630 379 4693 Veneri
415 4630 617 4710 configuratus
651 4631 716 4693 dies
749 4631 913 4693 etiamnum
939 4628 1059 4709 tepidos
1092 4627 1227 4702 exhibet,
1261 4633 1294 4688 et
1319 4624 1437 4700 nimbos

75 4739 144 4784 enm
166 4720 289 4794 nentis;
312 4719 362 4801 qui
385 4738 440 4801 per
462 4718 603 4783 accidens
627 4720 722 4800 frigus
746 4718 857 4782 alicubi
881 4719 1004 4783 facient.
1506 4728 1513 4735 '

128 4823 334 4874 maon-r.
424 4894 427 4905 Ι
1190 4781 1235 4873 28ὴ
