3428 5542
757 342 841 399 roas
859 332 974 398 naam.
1478 342 1539 414 281
1629 316 1632 321 ’

186 509 281 564 oculos
303 514 401 578 aperte
422 507 595 578 perspicere,
627 507 655 561 in
675 508 768 562 multis
796 509 947 573 caecutire,
978 509 1006 563 in
1026 508 1165 580 plerisque
1186 510 1297 580 penitus
1323 525 1421 564 caecos
1442 509 1545 565 erret·

185 589 309 644 Atilios
332 595 375 643 tot
388 589 549 651 ‚seculorum
570 588 746 658 experientia
766 594 869 651 tuetur,
891 605 962 658 quae
983 588 1060 643 nullo
1081 605 1172 653 sensu,
1195 590 1271 644 nullo
1286 590 1467 645 instrumento
1487 607 1543 645 ma·

185 669 350 732 thematico,
382 668 461 722 nulla
481 666 597 721 rationis
618 668 780 722 deductione
800 685 920 746 unquam
942 668 1064 723 convinci
1084 674 1195 738 potest?
1236 670 1385 724 Praeclare
1406 687 1488 735 sane,
1514 678 1545 726 ut

185 749 264 803 nobis
286 755 393 802 noctem
408 748 587 817 percuciens,
610 764 669 800 cum
684 764 786 801 aurora
800 748 933 811 illuxerit,
956 749 1092 802 fenestras
1109 749 1213 802 claudis
1235 767 1286 802 nec
1308 766 1427 820 unquam
1442 750 1544 821 aperiri

185 829 261 882 sinis.
303 831 343 881 At
362 844 416 881 non
436 827 526 889 vider,
558 828 654 880 eadem
675 827 825 898 negatione
846 834 875 882 te
896 828 1051 882 nniversam
1066 828 1269 883 »astronomiam
1289 835 1433 883 evertere?
1475 830 1544 892 Quid

185 909 273 980 igitur
294 909 392 962 laudas
414 907 585 977 Tychonem,
616 906 679 976 quid
708 907 845 975 praeclari
867 907 984 978 abipso
1014 908 1042 960 in
1063 909 1231 962 astronomia
1251 925 1365 978 sperare
1394 917 1490 978 potes,
1522 909 1544 964 si

187 994 233 1051 ,te
255 1005 309 1041 non
330 987 403 1040 latet
424 985 519 1039 talium
542 986 678 1040 rationum
698 985 900 1053 incertitudot“
944 988 1000 1041 Cur
1013 987 1173 1041 Ptolemaeo
1193 990 1226 1041 de
1241 987 1428 1052 concentricis,
1450 1007 1545 1044 eccen-

185 1067 270 1130 tricis,
292 1066 424 1137 epicyclis
446 1065 546 1128 credis,
574 1064 597 1118 si
617 1066 688 1119 haec
712 1066 916 1128 „instrumentis
938 1068 1026 1130 cerni,
1049 1073 1099 1120 aut
1121 1068 1178 1120 ullo
1199 1084 1282 1121 sensu
1303 1070 1348 1122 vel
1369 1068 1477 1122 ratione
1498 1071 1544 1123 de·

185 1146 337 1217 prehendi“
361 1150 524 1215 nequeunti
567 1145 636 1207 Quid
657 1145 765 1199 habent
786 1146 861 1200 alind
883 1147 1048 1210 astronomi,
1071 1164 1123 1216 quo
1145 1146 1172 1200 in
1193 1147 1378 1218 cognitionem
1400 1149 1545 1202 distantia·

181 1243 242 1281 rum
257 1225 371 1279 veniunt
386 1225 589 1294 altissimosque
604 1223 695 1278 coelos
711 1234 870 1295 perrepunt,
898 1227 950 1301 nisi
965 1226 1149 1281 instrumenta
1163 1232 1233 1280 suat
1270 1227 1374 1290 Quibus
1391 1227 1415 1282 si
1429 1236 1547 1298 possunt

186 1307 214 1360 in
234 1306 381 1359 stellamm
402 1304 586 1376 cognitionem
607 1313 697 1358 motus
718 1313 748 1358 et
769 1305 821 1358 loci
842 1307 950 1369 venire,
982 1312 1099 1376 possunt
1120 1312 1149 1360 et
1169 1307 1197 1361 in
1218 1314 1394 1361 cometarum.
1437 1308 1545 1362 Necte

183 1386 228 1439 hic
249 1385 344 1438 audiet
365 1385 516 1455 quisquam,
539 1386 609 1454 quod
630 1384 681 1437 illa
702 1401 819 1453 corpora
839 1387 997 1440 constantia
1010 1387 1075 1449 sint,
1096 1392 1186 1440 motus
1201 1387 1317 1456 perfecti
1339 1393 1369 1441 et
1388 1387 1544 1458 regulares,

184 1472 309 1519 cometae
330 1470 499 1518 evanescant
519 1471 549 1516 et
569 1470 709 1535 vagentur
729 1463 835 1518 incerti.
877 1467 949 1521 Nam
970 1483 1023 1536 quo
1044 1483 1127 1519 sensu
1159 1473 1250 1521 certas
1271 1473 1393 1520 motuum
1414 1468 1494 1537 leges
1516 1468 1543 1521 in

184 1545 274 1600 stellis
295 1543 463 1614 deprehendi
485 1559 567 1612 posse
589 1542 684 1606 credis,
706 1545 801 1597 eodem
816 1546 909 1615 Tycho
931 1547 1040 1600 easdem
1058 1545 1086 1598 in
1101 1546 1214 1600 cometis
1229 1547 1396 1616 deprehendi
1412 1547 1542 1602 affirmat.

182 1625 244 1679 Ait
264 1625 286 1678 T
292 1625 395 1695 ycho,
417 1622 523 1692 peritus
545 1623 657 1686 artifex,
679 1623 725 1693 qui
745 1624 901 1693 hujusmodi
916 1625 1079 1679 observandi
1094 1625 1303 1696 calculandique
1324 1626 1435 1679 labores
1457 1627 1544 1680 totius

182 1705 274 1759 mundi
295 1703 374 1757 vanis
396 1703 505 1774 gaudiis
526 1701 686 1772 anteponit:
709 1711 818 1774 negat
838 1705 1001 1768 medicus,
1024 1704 1067 1758 cui
1088 1705 1115 1757 in
1132 1705 1300 1760 astronomia
1313 1706 1419 1759 versari
1432 1705 1541 1760 minime

182 1793 278 1846 vacat,
311 1785 355 1853 qui
389 1799 446 1836 rem
474 1782 639 1836 levissimam
670 1800 720 1836 nec
743 1783 834 1837 verbis
856 1785 968 1856 dignam
998 1803 1035 1838 ex
1055 1785 1109 1838 hac
1139 1784 1303 1839 observandi
1328 1785 1437 1839 ratione
1467 1785 1544 1840 facit.

181 1865 244 1919 Utri
266 1864 357 1933 potius
382 1864 545 1916 credendum
565 1862 637 1916 eritt
680 1866 723 1915 An
745 1862 810 1933 quia
828 1864 1073 1926 Maestlinum,
1096 1865 1162 1935 quia
1181 1865 1347 1918 Geminam
1370 1865 1495 1919 inscitiae
1516 1871 1546 1919 et

182 1943 311 1999 ruditatis
334 1943 362 1995 in
384 1942 555 1995 obseruando
577 1941 681 2012 arguis,
703 1943 758 1995 hac
777 1945 922 2012 praetoria
942 1944 1067 1998 oratione
1089 1951 1118 1997 te
1139 1945 1211 1998 inter
1225 1944 1331 2013 peritos
1346 1945 1465 1999 artifices
1480 1949 1543 1999 con·-

182 2024 297 2079 stituis?
338 2022 450 2075 Scilicet
471 2022 496 2074 id
517 2022 637 2091 populus
652 2028 738 2083 curat,
760 2030 864 2077 temere
878 2025 943 2094 quid
967 2025 1086 2078 affirmes
1107 2040 1143 2078 an
1162 2026 1340 2078 demonstres.
1382 2027 1544 2078 Hauserunt

181 2112 276 2158 tamen
297 2102 339 2155 illi
360 2101 490 2155 decennio
512 2109 576 2170 post
596 2118 660 2154 suos
681 2101 792 2155 labores
813 2103 970 2172 publicatos
991 2122 1028 2157 ex
1049 2112 1078 2156 te
1098 2111 1280 2173 praeceptore
1306 2104 1441 2157 rationem
1460 2120 1541 2173 sepa·

181 2183 261 2238 randi
290 2189 380 2236 motus
403 2188 526 2234 cometae
555 2181 660 2250 proprii
687 2197 705 2234 a
726 2182 839 2253 negotio
869 2184 1069 2252 parallaxeost
1112 2184 1134 2236 0
1157 2182 1282 2245 miseros,
1314 2183 1360 2253 qui
1382 2201 1434 2237 non
1466 2183 1542 2253 prius

182 2271 260 2317 tuam
282 2261 485 2331 Capnuraniam
500 2260 625 2314 viderint.
669 2262 745 2322 Quod
761 2261 812 2315 nisi
827 2269 885 2316 tant
898 2263 1066 2317 confidenter
1080 2271 1109 2316 te
1124 2269 1281 2332 pertaesum
1303 2271 1379 2316 esset
1403 2265 1541 2338 πολυρῤη·

179 2363 278 2416 topice
300 2341 509 2412 Tychonianae,
533 2357 586 2393 non
602 2339 662 2407 jam
684 2357 733 2394 nos
755 2340 866 2411 pigeret
880 2342 963 2411 hujus
978 2342 1102 2396 mambae
1118 2342 1194 2396 bisa
1216 2349 1245 2395 te
1269 2350 1380 2413 coctae3
1403 2345 1437 2397 ad
1460 2360 1541 2414 quam

182 2423 224 2476 ita
245 2421 394 2491 diligenter
414 2427 443 2474 et
464 2420 550 2473 solide
571 2419 709 2488 Tychonis
731 2421 864 2492 apologia
884 2422 1033 2491 respondit,
1055 2430 1086 2475 ut
1106 2428 1137 2475 tu
1158 2422 1272 2479 rerbum
1292 2422 1336 2475 hic
1359 2439 1410 2475 non
1428 2423 1540 2487 dixeris,

181 2504 252 2573 quod
275 2501 357 2554 isthic
377 2501 511 2554 intactum
525 2499 707 2568 relinquatur.
748 2499 871 2555 Vidisses
885 2502 932 2565 ibi,
955 2519 1008 2556 non
1032 2502 1093 2554 ideo
1114 2501 1180 2572 quia
1194 2501 1287 2570 Tyoho
1302 2502 1338 2554 ab
1353 2502 1540 2556 instrumentis

181 2581 342 2636 instructior
371 2586 401 2634 et
422 2580 449 2633 in
471 2580 548 2632 coelo
580 2578 747 2647 inspiciendo
778 2582 880 2634 multas
902 2583 937 2636 ob
959 2581 1179 2643 commoditates,
1210 2580 1309 2650 quibus
1332 2581 1414 2635 alteri
1435 2589 1539 2644 carent,

179 2660 350 2733 diligentior,
367 2659 432 2727 jure
453 2661 569 2729 quodam
591 2675 640 2711 suo
661 2657 689 2712 in
710 2660 860 2714 alterorum
876 2662 1082 2715 observationes
1098 2660 1293 2714 animadvertit
1307 2677 1410 2731 easque
1424 2661 1539 2716 limitat:

180 2759 236 2796 non
257 2740 368 2810 inquam
389 2739 449 2792 ideo
470 2739 515 2791 vel
536 2740 570 2791 de
592 2743 653 2792 tota
673 2754 759 2792 causa
779 2746 870 2794 actum
890 2758 962 2804 esse,
985 2742 1030 2794 vel
1045 2740 1159 2795 cuilibet
1172 2741 1283 2794 easdem
1297 2740 1432 2810 sugillare
1446 2741 1540 2804 licere,

180 2821 262 2892 quasi
283 2827 342 2873 toto
364 2819 440 2873 coelo
462 2820 601 2872 aberrent.
644 2818 721 2879 Quae
742 2818 813 2872 enim
840 2820 913 2874 inter
936 2821 1046 2874 illorum
1066 2832 1097 2874 et
1117 2819 1253 2890 Tychonis
1282 2821 1432 2874 observata
1453 2821 1538 2875 minu-

179 2901 243 2955 tula
263 2899 418 2953 differentia
439 2897 599 2959 intercedit,
630 2897 691 2965 ejus
717 2899 828 2968 culpam
849 2900 909 2969 quis
935 2918 1038 2972 quaeso
1059 2901 1105 2954 vel
1126 2900 1154 2954 in
1174 2900 1246 2953 hunc
1267 2900 1311 2952 vel
1343 2901 1370 2953 in
1391 2901 1453 2954 illos
1476 2918 1538 2954 con·

179 2982 253 3034 terre
275 2981 384 3040 audeat,
407 2978 451 3048 qui
474 2995 528 3033 non
548 2994 585 3030 ex
605 2976 676 3030 libro
691 2977 827 3047 Tychonis
849 2980 940 3034 obiter
954 2981 1077 3050 perlecto
1092 2979 1233 3033 balbutire
1251 2979 1327 3049 prius
1341 2981 1375 3032 de.
1390 2981 1434 3033 his
1448 2987 1537 3035 astro·

179 3060 288 3116 nomiae
318 3058 457 3129 mysteriis
486 3056 596 3110 didicit?
644 3056 768 3111 Vidisses
798 3059 896 3122 etiam,
933 3061 956 3113 si
986 3060 1037 3114 tibi
1061 3060 1239 3131 Tyohoniano
1268 3060 1358 3114 labori
1388 3061 1540 3129 placuisset

180 3140 329 3212 invigilare
359 3139 490 3209 legendo,
523 3152 604 3206 quam
633 3136 700 3190 nihil
731 3137 803 3192 obsit
824 3140 1019 3209 Tychonianae
1051 3139 1300 3211 argumentationi,
1332 3142 1403 3210 quod
1424 3143 1538 3194 eundern

179 3220 305 3274 laborem
326 3217 490 3272 Maestlinus
517 3215 636 3270 tentavit
657 3216 685 3270 in
713 3219 798 3286 paulo
820 3219 879 3272 alia
906 3221 1070 3290 hypothesi:
1102 3219 1197 3290 itaque
1227 3219 1309 3288 hujus
1340 3219 1443 3287 injectu
1464 3236 1538 3275 scru-
1618 3217 1623 3230 '

179 3300 240 3369 puli
260 3301 296 3352 ad
316 3296 483 3367 suspiciones
505 3295 681 3350 concitandas
703 3297 730 3350 in
751 3298 804 3351 hac
823 3300 989 3367 repetitione
1010 3308 1061 3354 tua
1080 3299 1291 3368 supersedisses.

251 3428 297 3477 His
316 3428 439 3490 abrumpit
455 3439 592 3475 sermonem
610 3426 746 3489 Keplerns,
765 3442 845 3491 nsque
862 3428 964 3478 ulterius
983 3430 1015 3479 ad
1034 3429 1099 3479 hanc
1117 3430 1185 3478 litem
1204 3429 1284 3486 rediit,
1303 3429 1408 3479 libenter
1425 3443 1476 3478 rom
1495 3429 1532 3478 in·

178 3506 279 3566 gratam
298 3513 315 3549 a
332 3499 449 3562 Tychons
466 3497 571 3561 potitam
589 3496 630 3546 illo
648 3503 743 3547 mortno
762 3499 889 3561 abjiciens.

253 3655 282 3717 t)
302 3672 326 3720 p.
348 3652 408 3704 2³2.
447 3654 518 3716 Quae
528 3654 651 3718 Keplerns
665 3651 781 3712 ’,antea“
802 3663 890 3707 contra
901 3657 992 3708 Ursum
1004 3659 1156 3722 conscripsit,
1175 3659 1311 3723 disqnhitio
1324 3659 1387 3707 torte
1400 3664 1446 3715 est,
1465 3671 1539 3722 quam

135 3732 138 3736 ’
180 3730 239 3780 dnm
257 3730 283 3777 in
301 3727 450 3777 bibliotheca
463 3726 646 3776 Viennensi
665 3728 835 3790 manuscripta
844 3728 945 3792 Kepleri
958 3730 1147 3792 quaerehamus,
1167 3732 1307 3793 accepimns
1321 3731 1391 3792 quasi
1407 3727 1539 3791 aKepleri

179 3815 257 3850 manu
275 3800 399 3862 scriptam.
437 3798 511 3846 Hanc
529 3796 629 3860 quidem
648 3812 697 3847 non
716 3798 780 3847 illius
798 3813 875 3848 mann
893 3801 1010 3863 scriptam
1026 3801 1199 3863 judicavimus,
1221 3807 1249 3849 st
1267 3799 1417 3862 descriptam
1436 3812 1490 3848 osse
1511 3800 1542 3848 ab

179 3869 335 3935 autographo
353 3869 456 3932 Kepleri
474 3869 508 3917 nil
529 3867 596 3917 dubii
615 3869 706 3918 obstat

252 4012 400 4074 inscriptum
419 4016 457 4058 est
475 4009 560 4059 lolium
578 4009 707 4059 continens
726 4010 792 4059 hanc
810 4011 1020 4076 disquisitionem:

261 4120 298 4173 Μ.
319 4121 367 4172 Jo.
389 4117 538 4186 Kepleri
567 4117 642 4171 Ord.
669 4118 764 4171 Prov.
787 4117 938 4189 Styriae
959 4120 1197 4175 Mathematici
1224 4120 1395 4188 judicium
1427 4122 1465 4174 do
1486 4120 1542 4191 hy·

177 4199 393 4272 pothesibus
423 4196 674 4268 Tychonianis,
706 4215 790 4268 quas
820 4199 961 4268 quidam
990 4200 1162 4254 Nicolaus
1193 4201 1298 4255 Ursus
1320 4201 1542 4254 Dithmarsus

177 4280 251 4334 sibi
273 4294 444 4349 arrogare
466 4277 680 4347 praesumit,
712 4286 762 4332 aut
782 4277 805 4331 si
827 4279 853 4332 id
874 4282 948 4349 apud
969 4280 1137 4334 cordatiores
1160 4281 1285 4335 obtinere
1306 4298 1359 4334 non
1381 4286 1489 4348 posset,
1510 4286 1543 4333 ut

178 4361 280 4414 saltem
303 4357 439 4429 Tychonis
461 4357 600 4410 inventum
622 4374 676 4410 non
697 4374 767 4418 esse,
789 4361 837 4412 sed
858 4378 895 4413 ex
916 4360 1055 4413 Martiano
1071 4361 1197 4430 Capella,
1220 4360 1370 4430 Copernioo
1392 4359 1541 4428 authpol·

177 4439 255 4493 lonio
275 4439 403 4510 Pergaeo
424 4439 577 4491 desumtum
598 4436 676 4490 fldem
698 4438 813 4495 iaceret.
858 4440 936 4501 Quae
958 4440 1048 4494 omnia
1070 4456 1088 4494 a
1107 4440 1179 4494 dicto
1202 4441 1325 4510 Keplcro
1348 4438 1542 4493 irrathematico

177 4517 282 4574 eximio
300 4525 335 4571 ¹et
354 4517 381 4570 in
403 4517 563 4570 Ptolemaeo
584 4522 670 4585 atque
693 4518 842 4587 Coperuico
864 4520 935 4573 bene
956 4531 1068 4573 versato
1090 4520 1227 4574 succincte
1248 4528 1277 4574 et
1297 4519 1382 4573 solide
1403 4519 1448 4572 hic
1468 4518 1541 4572 rehr-

177 4605 285 4653 tantnr.
329 4598 558 4659 Quemadmodum
579 4595 677 4658 etiam,
711 4605 858 4668 antequam
890 4601 912 4652 is
935 4600 1091 4670 Tychonem
1122 4602 1154 4653 ds
1176 4601 1248 4653 facie
1270 4606 1378 4660 nosset,
1410 4600 1444 4652 ad
1475 4598 1539 4650 nob.

177 4686 209 4733 et
229 4686 334 4748 praest.
357 4676 444 4730 virum
464 4677 499 4730 D.
520 4678 564 4729 Jo.
587 4676 620 4729 G.
643 4677 819 4732 Herwartum
839 4681 875 4733 ab
896 4681 1085 4750 Hohenburg,
1113 4687 1236 4734 statuum
1258 4677 1465 4749 provincialium
1487 4678 1541 4729 Ba-

177 4758 276 4812 variae
298 4756 507 4819 cancellarium,
539 4757 611 4810 hanc
632 4757 822 4826 quaestionem
843 4767 1011 4821 moventem,
1034 4760 1244 4829 perscripserat,
1277 4773 1348 4829 quae
1369 4757 1469 4810 literae
1491 4772 1541 4808 suo

154 4844 308 4911 ·tempore
330 4835 428 4891 haberi
450 4842 480 4890 et
500 4836 528 4893 in
549 4835 677 4890 veritatis
699 4838 848 4894 subsidium
869 4840 982 4901 proferri
1004 4847 1128 4909 possunt
