3428 5542
701 323 859 378 Pmosnton.
1098 337 1102 345 '
1411 319 1449 393 lt

105 485 143 545 de
168 483 361 548 latitudinum
382 486 531 548 vmetate
554 487 725 567 cogitandi:
755 488 833 551 sicut
854 489 987 551 videmus
1011 486 1172 550 octaedron
1194 487 1342 551 Mercurio
1365 489 1450 552 unius

105 574 342 636 eceentricitatis
365 575 482 636 modum
505 576 745 656 praescripsisse.

196 662 290 725 Porro
313 664 350 725 de
372 664 474 726 Luna
495 665 609 744 pridem
632 672 749 746 tempus
772 674 827 740 est,
853 673 887 727 ut
909 663 1021 745 aliquid
1044 665 1152 727 dicam.
1192 664 1272 727 Nam
1294 666 1451 730 concordia

105 750 238 814 Veneris
261 753 396 815 cumani
420 754 551 833 corporis
575 754 755 816 dimensione
779 754 891 834 arguit,
923 754 1000 816 hene
1028 753 1238 816 dimensionem
1262 754 1300 816 ad
1324 755 1450 832 Lunam,

105 858 183 920 quae
206 841 330 904 Terram
353 841 455 917 ambit,
481 843 521 904 nil
543 842 708 922 pertinere:
732 843 790 905 nisi
812 843 937 905 velimus
957 862 1013 903 non
1029 843 1158 905 Martem
1171 843 1291 919 Terrae,
1315 844 1371 907 sed
1385 864 1450 907 me-

106 930 187 992 diam
211 929 322 992 Terrae
344 931 521 992 distantiam
542 931 635 994 Marti
666 933 787 1013 propius
820 933 996 1005 admovere,
1031 939 1064 993 ut
1095 932 1199 994 Lunae
1227 932 1306 995 circa
1329 933 1451 997 Terram

106 1019 247 1099 utrinque
269 1019 405 1100 aequalis
427 1028 548 1100 pateret
569 1022 649 1083 inter
669 1021 876 1103 proportiones
898 1021 1052 1082 transitus.
1088 1021 1202 1082 Verum
1220 1040 1258 1082 ex
1272 1022 1327 1083 hoc
1342 1041 1450 1103 seque-

106 1115 190 1169 retur
213 1106 321 1170 Martis
345 1116 378 1169 et
397 1108 484 1170 Jovis
507 1110 601 1190 longe¹
617 1111 712 1191 major
733 1110 914 1191 parallaxis,
946 1124 1020 1191 qnae
1043 1109 1107 1190 jam
1131 1118 1220 1172 antea
1242 1110 1452 1190 grandiuscula

107 1203 165 1258 est.
211 1195 361 1260 Mercurio
383 1217 465 1274 vero,
489 1199 538 1279 qni
560 1199 656 1261 minna
679 1200 758 1279 justo
782 1206 814 1261 et
827 1199 941 1262 Veneri
963 1216 1038 1281 quae
1062 1198 1138 1261 satis
1160 1198 1302 1268 hahebat,
1325 1200 1451 1280 amplius

109 1285 179 1365 qnid
203 1285 260 1346 hoc
281 1285 370 1348 medo
393 1287 570 1350 demeretur.

198 1374 261 1437 Sed
283 1375 354 1455 qnid
377 1375 488 1438 attinet
510 1375 613 1438 Lunae
636 1372 782 1438 rationem
805 1376 924 1449 habere,
949 1394 1015 1437 curn
1036 1375 1091 1436 illa
1113 1394 1169 1438 nen
1194 1375 1233 1437 ad
1256 1377 1357 1439 orbem
1374 1377 1451 1439 Tor·

106 1483 177 1537 rae,
202 1470 237 1524 nt
258 1473 423 1527 ceterorum
445 1464 632 1544 planetarum
655 1465 808 1546 epicyclia,
832 1464 949 1545 proprie
971 1464 1130 1543 pertineat.

198 1553 322 1615 Terram
345 1553 422 1615 enim
445 1556 654 1633 φιλανθρωπος
677 1564 795 1616 creator
817 1554 887 1616 orbe
902 1552 1013 1615 Lunari
1031 1552 1135 1614 ultimo
1149 1552 1308 1615 vestivisse
1323 1553 1449 1631 videtur,

108 1641 181 1722 qnia
209 1661 276 1704 eam
303 1642 425 1705 volebat
447 1642 646 1707 instar·Solis
669 1662 750 1717 esse,
781 1651 814 1704 ut
836 1651 868 1704 et
888 1641 957 1722 ipsa
979 1641 1150 1704 ambiretur.
1195 1642 1381 1721 Argumento
1404 1652 1453 1705 eat

108 1732 262 1813 proportio
286 1731 402 1793 mediae
426 1732 591 1794 distantiae
605 1733 708 1795 Lunae
732 1753 750 1792 a
772 1740 874 1794 centro
889 1731 999 1794 Terrae
1018 1731 1057 1792 ad
1076 1731 1328 1793 semidiametrum
1342 1732 1452 1795 Terrae

109 1821 217 1882 eadem
240 1820 321 1896 fere,
346 1839 421 1901 qnae
444 1821 559 1883 mediae
583 1820 745 1883 distantiae
768 1820 907 1883 Mercurii
930 1841 949 1883 a
971 1829 1072 1882 centro
1095 1818 1176 1881 Solis
1200 1820 1237 1881 ad
1261 1820 1453 1887 semidiame-

109 1917 189 1971 trum
213 1907 304 1971 Solis.
350 1910 428 1973 Nam
452 1911 479 1971 si
501 1911 665 1972 Mercurius
689 1909 727 1971 ad
751 1909 853 1972 Solem
885 1920 968 1970 esset
998 1918 1032 1970 ut
1059 1910 1160 1970 Luna·
1174 1917 1224 1970 est
1251 1909 1290 1970 ad
1319 1909 1452 1984 Terram,

110 1998 241 2060 distaret
271 1994 336 2061 435
369 1997 598 2060 semidiametris
626 1999 747 2060 Terrae.
794 1997 976 2080 Cepernicns
1008 1999 1096 2077 paulo
1128 1998 1196 2077 plns
1222 2008 1376 2074 numerat,
1409 2018 1452 2062 ac.

113 2081 235 2169 4517„
260 2088 326 2167 quis
349 2087 415 2161 scit,
442 2106 529 2167 quam
552 2087 645 2149 vere?
667 2087 794 2149 lnlerins
817 2096 950 2149 correcto
973 2087 1060 2148 medo
1084 2094 1170 2148 erunt
1190 2083 1264 2150 441.

200 2176 305 2256 Neque
330 2194 408 2238 vero·
423 2177 612 2237 metuendum
635 2185 691 2250 est,
716 2196 752 2250 ne
776 2178 912 2238 Lunares
935 2175 1022 2237 orbes
1045 2175 1186 2237 avieinis
1210 2186 1364 2255 corporum
1383 2194 1455 2256 pro-

10 2338 12 2352 Ι
109 2264 300 2346 portionibus
323 2266 485 2345 compressi
509 2266 667 2328 elidantur.
714 2266 793 2327 Nam
816 2265 975 2327 absurdum
991 2273 1022 2325 et
1036 2272 1234 2326 monstrosum
1249 2274 1306 2338 est,
1330 2283 1456 2345 corpora

111 2354 187 2415 haec
211 2353 340 2415 materia
362 2354 491 2435 quadam
513 2354 645 2423 vestita,
679 2373 754 2434 quae
778 2354 874 2416 alieno
897 2353 1011 2433 corpori
1035 2354 1195 2416 transitum
1218 2372 1276 2415 non
1297 2354 1453 2433 praebeat,

109 2444 140 2505 in
165 2443 281 2505 coelum
304 2444 462 2506 collocare.
501 2443 564 2506 Sed
587 2458 681 2523 neque
705 2445 741 2504 de
761 2443 900 2506 crassitie
914 2441 994 2503 orbis
1009 2442 1131 2505 Terreni
1144 2443 1344 2522 cogitandum,
1369 2442 1454 2524 quasi

110 2541 200 2593 tanta
223 2550 290 2593 esse
314 2532 432 2607 debeat,
456 2541 490 2594 ut
511 2533 660 2611 integram
678 2533 782 2593 Lunae
805 2532 964 2610 sphaeram
987 2530 1129 2606 includat,
1153 2550 1189 2592 aa
1211 2530 1335 2611 proinde
1349 2531 1453 2593 Lunae

113 2639 229 2701 qnoque
252 2641 273 2682 a
296 2621 390 2682 Terra
418 2621 563 2682 distantia
585 2622 615 2682 in
637 2619 858 2700 proportionem
889 2620 966 2682 hanc
994 2621 1101 2681 cadere
1129 2620 1247 2683 debeat.
1293 2619 1373 2682 Nam
1396 2619 1453 2681 etsi

116 2709 264 2771 orbiculus
287 2709 392 2771 Lunae
415 2728 506 2789 supra
528 2709 655 2771 Telluris
678 2708 779 2770 orbem
801 2709 946 2782 emineat,
972 2707 1042 2789 quid
1064 2708 1145 2770 illurn
1167 2709 1349 2787 prohibebit,
1378 2726 1453 2789 quo-

112 2799 208 2860 minus
233 2798 413 2861 moveatur?
446 2796 521 2869 Quis
545 2817 615 2860 vero
639 2798 753 2874 didicit,
777 2818 816 2860 sn
839 2797 957 2860 omnino
980 2796 1022 2858 ibi
1044 2797 1105 2859 sint
1128 2797 1238 2859 orbes?
1261 2797 1303 2858 Et
1324 2797 1354 2858 in
1369 2797 1453 2858 Mer-

110 2886 194 2950 curio
212 2887 278 2967 jam
301 2894 391 2949 antea
412 2887 556 2961 vidimus,
586 2905 642 2967 quo
669 2895 759 2966 pacto
782 2887 846 2967 ejus
869 2886 949 2951 orbis
973 2886 1089 2966 quidem
1112 2896 1213 2948 servet
1234 2885 1454 2966 proportionem

110 2976 259 3046 octaedri,
284 2975 348 3056 ipse
370 2994 442 3038 vero
465 2995 557 3057 nsque
581 2977 619 3038 ad
643 2977 780 3057 quadrati
795 2976 984 3039 altitudinem
1003 2995 1093 3055 supra
1115 2994 1200 3037 suum
1222 2976 1323 3038 orbem
1346 2993 1454 3037 ascen-

110 3066 175 3128 dat.
222 3063 314 3145 (Gap.
337 3064 442 3139 XVI.)

203 3152 267 3216 Sed
289 3162 324 3216 nt
346 3153 472 3235 deniqne
496 3172 641 3215 summam
664 3154 731 3216 huic
754 3153 874 3232 negotio
897 3171 1014 3215 manum
1036 3153 1203 3232 imponam,
1236 3160 1325 3232 utque
1353 3169 1455 3214 omnes

112 3243 247 3318 videant,
272 3243 345 3305 nihil
368 3252 421 3305 aut
442 3262 546 3323 parum
569 3243 598 3304 in
622 3241 825 3322 parallaxibus
848 3243 967 3316 mutari,
991 3250 1105 3305 struem
1128 3261 1235 3304 novum
1254 3240 1404 3313 mundum,
1426 3247 1458 3302 et

111 3331 260 3413 incipiens
284 3353 304 3394 a
326 3351 441 3394 summa
464 3332 608 3394 distantia
626 3351 752 3406 sursum,
778 3330 816 3392 ab
834 3330 894 3391 ima
912 3332 1050 3393 deorsum
1067 3331 1250 3411 progrediar.
1294 3331 1458 3392 Assnmam

112 3431 217 3483 antem
239 3421 318 3484 hanc
341 3421 530 3504 hypothesin,
556 3421 639 3500 qnasi
663 3420 816 3500 proportio
840 3420 1095 3482 eceentricitatum
1118 3420 1167 3481 ad=
1180 3420 1267 3482 orbes
1291 3428 1374 3482 certa
1397 3420 1456 3481 sit:

113 3519 146 3572 et
170 3511 288 3592 siquid
310 3511 340 3572 in
359 3529 474 3572 summa
492 3510 539 3571 vel
561 3510 621 3571 ima
644 3509 790 3571 distantia
812 3508 938 3589 alicujus
960 3509 1040 3572 orbis
1064 3509 1122 3571 erit
1142 3509 1337 3585 immutatum,
1362 3507 1457 3570 corri-

113 3618 186 3681 gam
209 3600 302 3663 etiam
325 3600 581 3662 eceentricitatem
603 3597 880 3679 proportionaliter:
906 3599 984 3678 qnod
1006 3617 1045 3660 an
1067 3606 1149 3659 recte
1172 3598 1293 3672 faciam,
1317 3595 1457 3659 conside·

116 3697 187 3751 rent
210 3689 351 3751 artifices.
397 3688 463 3750 Hoc
485 3689 573 3750 modo
597 3687 778 3750 constitutas
801 3686 963 3748 distantias
986 3687 1026 3748 ad
1047 3686 1175 3749 mediam
1189 3685 1316 3748 Telluris
1339 3684 1458 3747 distan-

113 3777 190 3840 tiam
213 3798 234 3839 a
256 3784 358 3840 centro
381 3778 519 3849 reseram,
542 3777 630 3856 idque
659 3776 741 3852 ideo,
764 3775 843 3856 onia
874 3773 1056 3855 Gopemicus
1089 3793 1190 3837 omnes
1222 3775 1392 3855 parallaxes
1420 3773 1460 3835 ad

112 3866 213 3929 locum
237 3865 318 3930 Solis
341 3867 469 3929 medium
492 3865 737 3927 accommodavit.
785 3861 877 3945 (Cap.
897 3864 985 3937 XV.)
1152 3863 1154 3865 ’

204 3953 258 4018 Sic
280 3955 372 4036 igitur
394 3973 427 4016 se
451 3955 565 4016 habent
588 3953 748 4016 distantiae
773 3961 805 4014 st
825 3952 1068 4016 eceentricitates
1084 3949 1255 4033 Corpomici
1278 3952 1317 4013 ad
1339 3970 1458 4015 correc-

116 4053 168 4106 tas
192 4044 274 4107 dicto
297 4044 395 4107 modo.

189 4147 344 4215 (Sequuntur
360 4151 463 4206 numeri,
481 4163 541 4214 quoa
560 4147 657 4199 exhibet
673 4147 773 4198 tabulae
792 4149 837 4198 sub
854 4148 928 4198 tinem
940 4144 1001 4212 Cap.
1014 4145 1062 4197 XV
1079 4146 1136 4197 ordo
1148 4148 1246 4210 primns,
1265 4146 1355 4198 additis
1372 4159 1460 4197 eceen-

115 4223 272 4274 tricitatibua
284 4217 328 4283 (1⁰
346 4219 371 4271 2‘
392 4217 461 4278 W,
480 4217 524 4269 22⁴
542 4217 609 4276 40⁴¹,
630 4216 670 4268 17‘
689 4215 754 4281 ³0⁴⁴,
774 4216 812 4278 δ’,
833 4218 874 4269 11⁴
893 4215 973 4281 22⁰),
998 4220 1090 4283 pariter
1110 4219 1205 4270 numeri
1226 4219 1315 4271 ordlnls
1333 4218 1397 4268 tertii
1415 4218 1459 4268 ali·

114 4299 236 4358 sunm
255 4288 446 4358 mesmes.)
477 4311 480 4316 ·
572 4316 575 4321 ·
776 4301 783 4313 ·

188 4432 256 4486 Delu
273 4434 354 4502 pergit
370 4432 510 4499 Keplerus:

205 4541 272 4603 Bae
296 4539 457 4604 distantiae
481 4540 670 4603 convenienti
694 4539 780 4600 modo
804 4538 833 4601 io
857 4539 938 4601 sinus
970 4558 1131 4602 conversae
1159 4537 1291 4601 alliciunt
1316 4535 1461 4599 maximas

118 4628 293 4712 parallaxes
324 4629 356 4692 in
388 4629 587 4710 superioribus
621 4647 790 4709 apogaeas,
824 4627 854 4689 in
887 4627 1073 4690 inferioribus
1106 4627 1310 4705 elongatiooes
1334 4625 1460 4688 omnium

118 4719 267 4782 maximas
302 4738 408 4803 parum
438 4714 610 4783 admodnm'
628 4717 861 4796 discrepantes,
903 4737 957 4779 nec
984 4716 1054 4803 nisi¹
1073 4717 1102 4778 in
1134 4717 1233 4778 Marte
1269 4714 1462 4790 notabiliter;

118 4807 256 4874 scilicet:
1114 4818 1118 4828 ·

173 4905 264 4961 uper
278 4911 377 4961 Ormi·
1238 4908 1255 4960 2
