3428 5542
883 195 889 204 .
917 170 935 201 V

724 305 887 359 masmim.
1422 299 1488 370 235

126 472 228 528 autem
251 464 411 546 aliquoties
435 464 624 550 scripserim,
650 467 768 530 omniuo
791 466 864 529 mihi
885 467 1055 549 persuadeo
1079 472 1111 528 et
1133 484 1226 548 prope
1250 471 1366 530 eertum
1389 473 1489 540 teneo,

125 575 173 617 me
197 554 295 634 prima
318 554 425 618 statim
448 554 514 617 vice
530 554 682 636 Tychouis
706 557 814 620 fecisse
838 555 1031 619 mentionem.
1078 555 1184 618 Prodit
1204 575 1237 617 se
1259 555 1358 618 instar
1382 555 1489 619 soricis

126 650 159 705 et
181 662 248 706 meo
267 643 383 723 judicio
408 664 463 706 sua
488 643 679 706 confessione
702 643 745 708 ἐπ’
771 644 940 724 αὐτοφωρῳ
969 644 1213 726 deprehenditur.
1259 644 1322 719 Ait,
1354 664 1387 707 se
1417 663 1489 707 suns

124 732 311 816 hypotheses
342 751 381 794 ex
399 733 580 812 ,Ptolemaeo
609 733 808 810 desumsisse,
840 743 976 797 mutasse
1008 734 1087 796 enim
1110 734 1255 796 nonnulle
1283 735 1312 795 in
1337 731 1491 795 sententie

114 821 283 903 ,Apollonii
307 821 437 902 Pergaei
461 821 498 882 de
521 821 705 884 stationibus
731 823 970 905 speculationem
992 822 1205 902 proponentis:
1230 823 1403 904 Tychonem
1418 841 1489 884 vero

126 908 259 973 indidem
288 930 359 972 suas
389 909 591 989 depromsisse
623 919 654 971 et
682 911 738 973 hoc
763 931 884 992 negare.
931 913 1015 992 Lege
1046 931 1123 992 quoe
1152 911 1188 972 de
1216 911 1273 973 hoc
1296 910 1490 973 Ptolemaeus

126 998 265 1078 scripsit,
290 1007 321 1062 et
345 999 477 1061 insanire
502 999 584 1060 dices
608 999 730 1062 Ursum.
777 1001 893 1064 Verum
917 1001 1036 1083 quidem
1060 1009 1125 1073 est,
1150 1020 1217 1062 curn
1241 1000 1316 1062 duae
1340 1008 1491 1079 ponantur

127 1109 145 1150 a
169 1087 344 1152 Ptolemaeo
367 1087 524 1166 Apollonii
549 1087 735 1164 sententiae,
767 1091 966 1170 posteriorem
994 1109 1032 1151 ex
1056 1088 1116 1151 illis
1144 1089 1335 1169 aliquatenus
1364 1088 1489 1169 digitum

125 1177 282 1239 intendere
315 1178 354 1240 ad
385 1175 539 1258 Tycbonis
571 1176 768 1258 hypotheses.
824 1179 927 1259 Fingit
959 1178 1039 1241 enim
1063 1179 1153 1240 trium
1185 1177 1371 1257 superiorum
1405 1179 1490 1252 (nam

125 1267 318 1329 Ptolemaeus
352 1266 466 1327 diserte
498 1265 586 1341 dicit,
617 1266 750 1332 alteram
780 1269 963 1333 sententiam
991 1267 1152 1347 complecti
1179 1289 1269 1343 posse
1297 1289 1368 1338 rous
1390 1286 1491 1328 nouos

126 1355 272 1428 duogcors
299 1356 472 1427 sereonas)
502 1353 668 1434 quemlibet
699 1355 810 1418 habere
835 1357 1035 1419 eccentrioum
1062 1375 1163 1431 suurn,
1197 1355 1248 1437 qni
1280 1373 1378 1417 annuo
1406 1361 1490 1417 motu

127 1445 294 1506 circumeat
316 1443 479 1506 secundum
505 1441 638 1504 ordinem
663 1443 827 1523 signorum.
874 1445 991 1507 Deinde
1015 1445 1044 1505 in
1069 1444 1203 1524 quolibet
1217 1443 1385 1506 eccentrico
1408 1440 1490 1504 volvi

126 1532 293 1615 epicyclum
322 1533 448 1594 Terram
479 1532 687 1608 umbeuntem,
732 1532 818 1614 cnjus
845 1543 945 1597 motus
974 1533 1015 1599 sit
1042 1532 1326 1615 inpraecedentia,
1355 1530 1491 1613 aequalis

127 1621 224 1685 motui
246 1619 491 1684 commutationis
519 1620 671 1700 planetae.
719 1620 780 1684 Sed
809 1642 867 1684 nou
895 1621 1069 1705 praetendit
1096 1621 1173 1683 hanc
1196 1621 1394 1702 posteriorem
1418 1639 1490 1681 sen-

127 1711 257 1773 tentiam
286 1711 374 1773 homo
404 1708 630 1782 stolidissimus,
664 1728 768 1772 verum
797 1711 880 1773 illam
907 1712 1055 1791 priorem,
1086 1728 1161 1790 quae
1190 1712 1278 1790 plone
1303 1709 1376 1771 nihil
1398 1709 1492 1771 babet

127 1819 284 1863 commune
314 1819 380 1860 curn
410 1797 561 1880 Tychoue.
609 1797 710 1878 thue
742 1800 929 1881 propositum
963 1799 1113 1874 obtineat,
1144 1799 1260 1881 allegat
1292 1796 1491 1879 Cepernicnm

127 1890 180 1953 lib.
205 1888 246 1952 V.
271 1907 338 1971 cap.
364 1884 418 1952 35.
443 1894 474 1949 et
496 1887 587 1966 plane
612 1888 775 1963 contendit,
803 1887 1003 1968 Coperuicum
1026 1887 1077 1950 illo
1097 1888 1196 1967 capite
1220 1888 1301 1950 viam
1324 1886 1492 1968 praeivisse

128 1977 264 2061 Tychoni
294 1978 333 2039 ad
363 1995 434 2038 suas
457 1974 652 2059 hypotheses.
703 1976 788 2040 Dicit
814 1977 894 2043 enim
922 1997 1079 2058 expresse,
1109 1977 1318 2059 Tychonias
1341 1984 1491 2039 exstare

129 2067 163 2129 in
189 2064 403 2146 Gopernico.
452 2061 636 2144 Cepernicus
659 2082 731 2127 vero
754 2065 900 2128 lemmatii
923 2064 1067 2140 meminit,
1094 2066 1172 2146 quod
1193 2067 1232 2128 ad
1246 2065 1376 2146 priorem
1390 2064 1491 2145 Apol·

128 2155 201 2218 lonii
225 2154 408 2231 sententiam
430 2152 573 2234 pertinet.
620 2150 683 2214 Sed
707 2154 779 2217 nihil
802 2155 901 2237 magis
915 2155 1082 2225 ridiculum,
1106 2173 1196 2249 quem
1220 2156 1299 2236 quod
1315 2174 1352 2219 cx
1366 2153 1418 2219 lib.
1434 2153 1491 2215 111.

129 2263 196 2324 cap.
221 2241 274 2307 25.
300 2239 461 2323 Copemici
489 2240 545 2304 has
569 2240 721 2323 Tycbonis
748 2243 932 2326 hypotheses
955 2243 1021 2305 vult
1049 2249 1237 2323 extorquere.
1286 2240 1361 2308 Cum
1389 2240 1492 2305 ibide

128 2340 232 2396 centro
261 2332 363 2404 mundi
387 2328 555 2410 Cepernico
584 2349 682 2392 sermo
711 2332 767 2404 sit,
801 2352 839 2395 an
863 2333 959 2395 Terra
986 2337 1070 2400 motu
1093 2332 1262 2405 eccentrico
1285 2332 1366 2401 circs
1389 2329 1493 2401 Solem

128 2423 253 2498 seratur,
277 2442 317 2484 an
340 2439 411 2482 vero
435 2417 488 2481 Sol
513 2418 593 2480 circa
617 2426 752 2482 centrum
776 2421 857 2484 orbis
881 2421 982 2503 magni
1001 2427 1084 2482 motu
1099 2420 1284 2497 tardissimo,
1311 2419 1407 2483 Terra
1420 2436 1492 2495 vero

128 2518 211 2575 motu
234 2509 424 2574 cencentrico
448 2507 529 2569 circa
551 2507 631 2569 idem
654 2516 790 2572 centrum
813 2509 895 2573 orbis
919 2508 1021 2590 magni
1047 2514 1131 2574 motu
1146 2529 1256 2587 auuuu,
1278 2516 1368 2591 putat
1390 2505 1493 2585 asinus

128 2600 193 2673 ille,
223 2618 281 2662 nou
301 2599 367 2680 jem
391 2615 493 2671 ursus,
524 2593 722 2677 Cupernicum
751 2598 831 2679 loqui
854 2599 891 2660 de
920 2597 1156 2678 transpositione
1180 2596 1261 2662 Solis
1289 2597 1317 2659 in
1347 2595 1493 2671 ambitum

128 2688 210 2751 orbis
234 2689 350 2768 magni,
384 2686 496 2747 Terrae
519 2704 591 2748 vero
615 2685 645 2748 in
669 2693 805 2749 centrum
829 2687 895 2768 ejus
919 2686 1013 2751 orbis.
1060 2684 1147 2758 Quae
1171 2695 1334 2769 postquam
1356 2684 1432 2767 legi,
1464 2682 1493 2747 in

127 2778 206 2841 banc
232 2775 274 2839 ivi
302 2773 499 2849 seutentiam,
528 2793 624 2856 neque
647 2774 759 2838 lectum
782 2795 849 2839 esse
872 2776 952 2840 Urso
975 2776 1198 2846 Ptolemaeum,
1229 2794 1325 2855 neque
1348 2773 1491 2841 intellec-

126 2874 192 2929 tum
216 2864 425 2946 Cepernicum.

198 3023 369 3089 Ksplerus,
391 3027 420 3073 ut
440 3035 472 3074 ex
489 3020 598 3085 epistolis
616 3021 757 3085 praemissis
780 3022 927 3076 concludere
946 3021 1013 3079 licet.
1035 3035 1111 3088 segre
1123 3022 1199 3073 subiit
1210 3022 1337 3088 negotium
1348 3034 1364 3071 a
1376 3018 1495 3084 Tycbone

128 3096 160 3147 sb
172 3097 226 3161 lpse
237 3094 397 3158 manuisum,
418 3100 448 3144 ut
458 3092 556 3157 publice
571 3099 659 3143 contra
670 3091 762 3144 Ursum
774 3094 800 3143 in
813 3095 893 3144 aciem
904 3095 1020 3159 prodiret.
1057 3093 1093 3145 Ut
1104 3099 1189 3144 autem
1201 3093 1353 3158 hebonem,
1376 3093 1409 3142 ed
1420 3105 1494 3158 qus·

127 3182 194 3221 anuo
207 3163 273 3216 16⁰1
298 3180 313 3216 e
334 3165 418 3231 styria
438 3171 607 3230 compressus
629 3169 675 3222 est,
697 3166 744 3215 sibi
756 3165 916 3223 conciliaret,
946 3166 1048 3217 ineunte
1069 3180 1136 3217 anuo
1157 3162 1223 3214 sset
1253 3165 1360 3217 Graetlis
1379 3178 1431 3215 rem
1447 3177 1495 3229 sp·

126 3253 234 3305 gressus,
256 3238 354 3288 initium
368 3234 536 3302 ,Apologise“
551 3248 636 3286 seeum
648 3235 757 3301 Pergam
779 3236 870 3292 auulit,
894 3235 1037 3300 Tycbouenr
1058 3237 1120 3288 torte
1139 3241 1288 3302 exspectans.
1299 3235 1496 3299 edbertstvssm.

127 3316 156 3359 ut
177 3308 237 3360 illud
261 3307 381 3359 adfinem
401 3307 560 3372 perduceret,
588 3311 634 3355 sut
650 3305 712 3357 Urso
735 3312 870 3371 opportune
887 3312 982 3356 mortuo
999 3322 1051 3357 rom
1073 3307 1146 3370 pinne
1166 3308 1293 3370 abjiceret
1331 3302 1496 3371 Gunr'l'yebo

128 3381 216 3431 eodeni
228 3394 294 3430 enno
306 3376 362 3442 (2⁴.
375 3374 451 3439 Nos.)
465 3376 548 3427 subite
559 3383 638 3427 morte
651 3378 788 3427 exstinctus
802 3383 876 3438 esset,
898 3378 952 3428 aliis
967 3377 1143 3445 multiplicibus
1160 3378 1267 3444 negotiis
1288 3379 1388 3429 obrutus
1400 3374 1495 3441 Ksple·
1581 3436 1583 3440 Ι

127 3464 169 3502 rus
192 3465 281 3502 munns
305 3451 367 3501 illud
378 3451 504 3516 ingratum
524 3449 620 3510 rejecit.
645 3462 797 3514 quemquam
820 3464 871 3499 non
896 3449 972 3513 plane
994 3450 1093 3512 abiecit
1130 3448 1268 3510 emmo*
1290 3451 1357 3501 cutus
1377 3447 1497 3499 Daridl

126 3523 295 3581 Fabricios
316 3521 407 3582 „audio
428 3526 454 3571 ts
467 3519 634 3570 absurditates
653 3518 829 3584 hypothesium
840 3519 874 3570 R.
888 3520 944 3572 Ursi
965 3521 1095 3579 retetssse
1134 3519 1233 3583 Quseso
1252 3527 1281 3573 ut
1298 3520 1378 3584 primo
1400 3533 1496 3584 queque

128 3601 236 3660 tempere
248 3599 321 3659 prout
332 3591 445 3657 Tycbcni
457 3591 502 3642 sbs
513 3596 540 3641 te
552 3592 696 3656 promissum
708 3591 762 3649 fnit,
776 3590 862 3649 edas,“
875 3591 1003 3656 respondit
1014 3591 1060 3647 Kc
1067 3591 1181 3656 plorns
1194 3587 1233 3653 (2.
1247 3590 1311 3642 Dec.
1330 3586 1422 3652 1602):

218 3680 357 3763 „Scripsi
381 3681 412 3744 in
434 3679 561 3754 Ursum,
595 3680 650 3741 sed
673 3678 744 3742 mihi
767 3678 826 3760 ipsi
855 3699 914 3742 non
937 3679 1109 3755 satisiaei03
1142 3685 1264 3759 oportet
1292 3678 1375 3758 prius
1399 3676 1495 3758 inspi-

129 3791 198 3835 cere
222 3771 362 3836 Proclum
385 3778 417 3833 et
438 3769 609 3832 Averroem
632 3769 669 3830 de
693 3767 822 3831 historia
843 3768 1066 3851 hypothesium.
1111 3767 1210 3833 Edam
1233 3767 1410 3848 aliqnando,
1445 3765 1496 3829 ubi

127 3862 159 3924 id
182 3859 288 3923 minori
316 3859 432 3933 invidie
454 3857 519 3920 fieri
540 3857 654 3938 poterit
684 3875 773 3937 quam
802 3878 891 3923 nunc.
939 3857 1010 3922 Fuit
1038 3857 1117 3919 enlm
1141 3851 1270 3937 (Ursus)
1295 3875 1379 3923 meus
1404 3861 1496 3919 ante·

127 3950 266 4014 cessor.“

199 4108 248 4160 Hic
271 4121 288 4158 s
309 4105 419 4172 Keplero
442 4103 573 4155 incbostus
596 4118 677 4170 noque
699 4118 756 4154 sero
782 4102 908 4154 absolutus
931 4103 1027 4156 libellus
1052 4103 1119 4157 inest
1140 4102 1197 4156 Vol.
1217 4101 1250 4153 V.
1274 4103 1496 4170 manuscriptorum

127 4179 367 4246 Petropolitsnornm
386 4191 491 4243 eumque
510 4182 642 4241 uquentes
661 4176 779 4228 exhibent
795 4176 912 4242 paginae.
