3428 5542
682 342 1002 409 mum
1463 272 1538 411 soa

175 498 317 572 Quodis
341 498 452 560 circulo
476 498 550 560 facit
573 499 707 562 infinitas
730 499 915 576 inflexionis,
940 499 971 562 id
993 501 1024 563 in
1049 501 1230 582 septaugnlo
1255 502 1329 564 lacit
1351 500 1528 582 impossibi·
1601 543 1606 552 ·

176 591 249 654 litas
273 588 398 650 duarum
421 587 561 650 continue
585 588 872 668 proportionalium,
905 608 943 650 ex
967 610 1026 670 qna
1049 592 1145 653 fluunt
1168 590 1269 652 omnia
1290 589 1375 652 talia.
1420 591 1534 671 ltaque

176 679 253 740 hanc
278 677 375 739 solam
398 676 463 738 loco
488 675 619 740 omnium
641 677 954 741 indemonstrabilium
984 679 1219 742 consideremus.
1265 680 1349 741 luter
1377 698 1531 759 quascun-

177 785 233 847 que
257 764 333 828 duas
357 763 454 827 lineas
478 774 580 828 rectas
604 776 676 828 sunt
699 763 734 841 2,
759 762 790 841 4,
816 762 847 841 6,
872 763 893 829 8
917 766 1034 829 mediae
1057 767 1319 846 proportionales,
1350 786 1404 829 nec
1428 775 1530 831 minen

176 854 303 918 inveniri
324 860 466 933 possunt,
502 853 559 916 nisi
583 873 638 934 per
660 855 866 918 mechanicum
890 854 1030 918 Platonis
1054 855 1300 930 (Eratosthenis)
1323 857 1529 919 mesolabinm.

176 945 210 1007 ld
233 962 293 1005 non
316 950 366 1004 est
388 942 417 1003 in
442 951 549 1004 nostra
571 943 794 1019 imbecillitate,
819 944 875 1005 sed
899 944 928 1004 in
953 950 1063 1006 natura
1086 945 1305 1024 quantitatum3
1344 944 1529 1024 impossibile

178 1032 258 1095 enirn
281 1039 330 1093 est
353 1030 479 1104 homini,
512 1031 649 1093 omnibns
678 1033 741 1094 suis
765 1032 960 1111 conceptibus
983 1042 1238 1114 conceptuuruque
1262 1032 1430 1094 nominibus
1455 1033 1528 1106 (nn-

179 1119 252 1183 meri
276 1128 378 1180 autern
403 1128 472 1181 sunt
494 1120 589 1181 verba
608 1125 843 1200 geometrarum)
874 1121 1032 1183 enunciare
1056 1123 1280 1202 proportionem
1303 1121 1408 1183 harum
1431 1120 1530 1185 linea-

176 1229 267 1287 rum,
291 1226 386 1288 eaque
410 1207 638 1287 impossibilitas
662 1228 699 1270 ex
723 1209 789 1289 ipsa
812 1216 934 1285 natura,
969 1229 1036 1272 cnm
1059 1218 1181 1273 nostrae
1208 1209 1318 1272 mentis
1350 1217 1413 1272 tum
1433 1229 1529 1291 quan-

176 1299 300 1362 titatum
330 1296 437 1371 oritur,
476 1295 520 1358 ita
547 1305 582 1359 ut
610 1297 787 1378 simpliciter
815 1299 855 1360 sit
882 1299 1077 1378 impossibile.
1124 1298 1208 1361 Nihil
1237 1299 1307 1360 novi
1330 1298 1412 1372 dico;
1451 1297 1533 1360 idem

176 1387 251 1449 dicit
272 1384 415 1447 Euclides
439 1385 514 1447 libro
530 1386 585 1457 lX,
611 1387 729 1466 quando
755 1388 791 1448 de
816 1388 946 1448 numeris
971 1387 1128 1468 quadratis
1152 1395 1183 1449 et
1207 1406 1265 1448 non
1281 1386 1437 1467 quadratis
1452 1387 1526 1467 agit,

177 1477 203 1538 si
227 1476 292 1556 ejus
316 1472 523 1536 conclusiones
548 1482 704 1553 aptentur,
731 1483 763 1537 et
786 1496 845 1537 una
868 1476 907 1538 ab
932 1476 992 1538 alia
1017 1475 1192 1539 deducatur.
1238 1476 1319 1536 Nam
1342 1474 1392 1537 ubi
1416 1471 1438 1539 n
1461 1483 1532 1538 snut

178 1564 318 1626 continue
341 1562 599 1643 proportionales,
628 1563 743 1643 primus
772 1573 818 1625 est
843 1566 881 1626 ad
905 1564 1041 1627 ultimum
1072 1574 1105 1626 ut
1129 1563 1223 1626 cubus
1247 1564 1433 1639 adcubum3
1473 1565 1531 1625 duo

177 1652 317 1716 continno
340 1651 582 1730 proportionales
605 1670 663 1713 non
688 1652 837 1716 intersunt
861 1656 985 1716 numeri.
1032 1653 1102 1715 Etsi
1126 1653 1219 1734 igitur
1242 1652 1376 1714 cossista
1394 1653 1457 1714 suis
1480 1672 1531 1714 re-

178 1741 257 1822 gulis
282 1739 397 1802 invenit
420 1740 639 1820 aequationem,
665 1760 693 1801 v.
710 1761 739 1821 g.
765 1743 936 1823 septanguli
961 1751 992 1804 et
1015 1741 1169 1815 diametri,
1194 1741 1328 1822 adeoque
1353 1741 1480 1802 aliarum
1503 1741 1535 1802 in

177 1829 288 1893 circulo
312 1839 481 1903 rectarum,
505 1837 686 1890 tamennon
710 1831 853 1899 nominat,
878 1849 933 1892 nec
957 1831 1128 1895 describere
1153 1832 1259 1904 docet,
1285 1829 1338 1891 sed
1364 1830 1450 1910 quasi
1474 1830 1534 1892 ali·

177 1918 256 1981 unde
279 1926 368 1980 notos
391 1918 484 1979 cubos
507 1917 707 1999 cuborumque
730 1921 822 1981 cubos
847 1920 900 1981 duc.
923 1920 1155 2000 praesupponit,
1181 1938 1248 1982 cum
1269 1927 1370 1980 tamen
1394 1919 1542 1997 nuspiam·

177 2007 375 2081 innotuerint;
403 2006 492 2087 jubet
514 2006 607 2086 igitur
629 2007 659 2068 id
684 2026 842 2087 quaerere,
877 2009 956 2088 quod
981 2007 1157 2087 simpliciter
1181 2007 1308 2069 inveniri
1332 2026 1389 2068 non
1414 2014 1526 2086 potest,

178 2096 248 2159 cubi
271 2115 314 2159 sc.
339 2096 439 2170 latus,
465 2096 514 2174 qui
539 2095 714 2175 exprimitur
737 2115 859 2159 numero
883 2117 942 2159 non
966 2095 1096 2170 cubico,
1112 2096 1280 2176 cujusmodi
1303 2095 1390 2157 radix
1414 2093 1535 2176 quidem

176 2184 301 2267 propius
334 2185 524 2254 accedendo,
561 2185 616 2245 sed
646 2204 795 2264 nunquam
826 2186 914 2266 plane
947 2186 1148 2265 cognoscitur.
1196 2186 1231 2246 In
1265 2202 1399 2258 summa,
1434 2184 1535 2246 omnia

178 2273 359 2355 hujusmodi,
384 2292 459 2354 quae
483 2292 550 2334 cum
573 2273 687 2334 sintin
711 2292 765 2335 suo
789 2274 1002 2337 mathematico
1028 2273 1180 2335 essentiae
1197 2291 1316 2352 genere,
1341 2272 1404 2334 fleri
1431 2280 1533 2334 tamen

178 2383 237 2425 uon
260 2370 403 2443 possunt,
428 2360 481 2422 illa
504 2361 643 2424 videntur
666 2370 751 2435 ante,
777 2373 873 2435 extra,
898 2371 1032 2443 praeter,
1058 2370 1164 2424 contra
1188 2369 1324 2423 nostram
1348 2361 1533 2424 intellectio-

179 2470 248 2514 nem
271 2471 350 2513 esse.
396 2448 458 2512 Sed
483 2450 580 2524 dicas,
616 2469 674 2512 non
699 2450 800 2530 sequi,
833 2460 867 2513 ut
895 2460 1024 2532 nequeat
1047 2451 1131 2523 sciri,
1170 2451 1249 2530 qnod
1273 2450 1363 2512 fuerit
1386 2451 1533 2512 hactenus

180 2541 346 2614 uescitum;
378 2548 465 2619 petes
490 2557 596 2619 nempe
621 2540 927 2614 demonstrationem,
962 2558 1038 2619 quae
1073 2538 1250 2608 convincat,
1285 2538 1358 2600 baec
1382 2538 1452 2601 sciri
1478 2559 1534 2600 sua
1628 2583 1632 2588 ι

181 2639 290 2693 natura
313 2629 444 2708 nequire.
481 2628 558 2689 Esto
584 2646 664 2707 ergo,
689 2637 722 2691 ut
740 2629 841 2709 possit
860 2629 939 2690 sciri.
987 2627 1092 2690 Scire
1117 2629 1145 2689 iu
1170 2627 1363 2709 geometricis
1387 2635 1444 2704 est,
1470 2644 1533 2689 rem

178 2739 233 2801 per
257 2737 380 2780 causam
404 2717 560 2779 formalem
584 2735 774 2796 cognoscere.
821 2719 866 2779 At
889 2718 1024 2779 formalis
1048 2736 1143 2779 causa
1171 2718 1275 2778 horum
1298 2716 1375 2778 haec
1399 2726 1465 2790 est,
1500 2725 1534 2778 nt

179 2806 333 2869 conciliari
356 2825 414 2866 non
437 2805 565 2885 possint.
612 2805 680 2867 Nisi
705 2807 783 2867 enirn
815 2814 887 2867 sunt
918 2807 976 2868 duo
1007 2814 1144 2869 extrema
1175 2805 1263 2880 cubi,
1305 2805 1362 2866 duo
1393 2805 1534 2866 continue

177 2895 279 2959 media
301 2894 540 2975 proportionalia
563 2912 621 2955 non
646 2904 717 2956 sunt
740 2895 863 2970 numeri,
888 2896 966 2975 quod
989 2894 1100 2976 probat
1122 2895 1265 2956 Euclides
1289 2893 1414 2956 lib-IX.
1454 2891 1534 2956 Sciri

180 3004 252 3066 ergo
277 2984 391 3064 poterit
412 2982 460 3058 id,
495 2983 572 3064 quod
597 2983 748 3045 enunciari
773 3003 829 3045 non
853 2993 977 3065 potest;
1014 2985 1071 3045 hoc
1094 3003 1165 3046 vero
1190 2983 1369 3057 absurdum,
1403 2982 1473 3044 sciri
1492 2981 1533 3058 id,

178 3075 258 3157 quod
281 3093 340 3135 non
364 3081 422 3135 est.
468 3070 617 3152 Objicias,
653 3072 774 3154 nequire
798 3073 930 3134 construi
954 3074 1175 3152 rectangulum‚
1210 3070 1282 3134 sciri
1306 3079 1407 3133 tamen
1430 3089 1531 3151 posse.

179 3165 267 3244 Nego
291 3161 371 3225 sciri.
418 3161 561 3223 Nascitur
584 3161 677 3235 basis,
703 3162 773 3223 dum
797 3163 976 3242 quadratum
1000 3162 1110 3225 baseos
1134 3162 1237 3223 scitur.

266 3251 377 3323 Dicas,
407 3250 463 3311 hoc
487 3249 579 3311 etiam
602 3250 689 3311 modo
723 3250 792 3312 sciri
824 3250 936 3331 aliquid
960 3253 996 3313 de
1020 3249 1040 3314 2
1066 3250 1172 3312 mediis
1196 3249 1336 3312 continue
1358 3249 1533 3328 proportio-

177 3340 306 3411 nalibus,
331 3339 390 3402 etsi
411 3338 499 3420 ipsae
522 3339 705 3401 nesciantur.
753 3336 873 3410 Quaero
898 3358 984 3419 ergo,
1014 3340 1155 3420 quidnam
1178 3339 1251 3400 illud
1274 3338 1324 3412 sit,
1350 3338 1428 3417 quod
1452 3339 1533 3399 scia-

178 3437 228 3493 tur
258 3430 296 3493 ds
328 3429 434 3490 hisce?
481 3425 558 3493 Com
581 3429 658 3490 enirn
687 3425 707 3491 3
732 3436 850 3489 tanturn
878 3429 995 3507 species
1027 3437 1098 3490 aunt
1130 3427 1310 3508 quantitatis
1342 3424 1533 3487 rectilineae:

178 3519 268 3589 linea,
292 3517 480 3599 superficies,
506 3536 627 3597 corpus,
652 3517 747 3578 scitur
769 3526 823 3578 aut
845 3517 912 3595 ipsa
934 3525 1061 3597 utraque
1085 3516 1197 3592 media,
1232 3515 1310 3596 quod
1335 3514 1443 3576 falsum
1467 3534 1534 3576 esse

108 3607 110 3614 ’
177 3609 210 3671 in
232 3609 372 3670 confesso
396 3615 459 3682 est,
493 3615 547 3669 aut
569 3624 695 3685 corpus,
721 3606 799 3684 quod
824 3605 978 3685 quaeritur
1001 3606 1108 3678 (cobus
1133 3605 1172 3666 ab
1195 3605 1262 3684 ipsa
1284 3603 1385 3664 media
1409 3606 1533 3677 l'actus),

178 3705 232 3759 ant
256 3696 438 3779 superficies,
463 3714 551 3776 quam
574 3694 726 3775 quaelibet
749 3694 829 3755 linea
852 3694 936 3767 facit,
961 3695 1038 3774 quod
1061 3713 1131 3756 mox
1155 3691 1421 3755 considerabimus.
1463 3691 1533 3753 Jarn

142 3826 144 3833 ι
178 3785 392 3848 occurrendum
425 3793 473 3846 est
505 3784 572 3846 huic
605 3783 783 3864 objectioni:
818 3782 912 3844 scitur
941 3784 1081 3863 planum,
1115 3782 1193 3862 quod
1212 3779 1472 3860 comprehenditur
1495 3782 1535 3843 ab

178 3883 315 3955 utraque,
339 3894 409 3936 nam
433 3874 463 3935 id
488 3872 612 3952 aequale
637 3881 686 3933 est
708 3872 883 3951 rectangnlo
907 3872 962 3933 sub
987 3870 1142 3955 extrerpis.
1188 3869 1389 3949 Respondeo:
1422 3868 1451 3930 id
1475 3889 1535 3932 non

180 3972 230 4026 est
251 3962 436 4043 distinguere
460 3961 611 4041 singulas;
637 3961 681 4022 ita
705 3962 830 4022 confusa
852 3968 901 4022 est
923 3961 998 4022 haec
1022 3959 1141 4033 notitia,
1167 3978 1233 4020 cum
1258 3977 1313 4020 nos
1338 3959 1375 4019 de
1391 3957 1536 4022 distincta

180 4072 370 4136 quaeramus.
417 4052 467 4114 Ita
489 4050 615 4124 scimus,
640 4051 719 4131 quod
744 4050 858 4111 factum
887 4048 942 4111 sub
966 4049 1063 4130 prima
1093 4058 1125 4111 et
1147 4048 1239 4110 tertia
1263 4046 1402 4128 quaesita
1425 4047 1537 4112 debeat

180 4142 305 4224 aequari
329 4140 476 4222 quadrato
500 4139 661 4216 secundae,
686 4138 765 4221 quod
789 4138 932 4213 nescitur,
957 4147 991 4200 ut
1014 4147 1046 4200 et
1068 4138 1177 4200 tertiae
1202 4136 1391 4217 quadratum,
1416 4138 1452 4198 de
1477 4157 1534 4218 quo

178 4241 306 4313 postea3
349 4230 489 4293 similiter
526 4229 605 4309 quod
645 4229 756 4291 iactum
794 4227 849 4289 sub
882 4228 1015 4289 secunda
1047 4226 1186 4308 quaesita
1219 4234 1251 4287 et
1284 4232 1392 4306 quarta
1424 4225 1536 4288 debeat

180 4320 303 4402 aequari
318 4318 465 4400 quadrato
489 4318 608 4393 tertiae,
634 4319 711 4398 quod
737 4316 879 4379 nescitur.
919 4316 985 4377 Hae
1000 4325 1063 4378 tres
1082 4316 1208 4377 notitiae
1224 4314 1311 4376 nobis
1327 4313 1536 4383 discriminant
1644 4394 1652 4402 =

180 4411 257 4473 duas
280 4408 450 4490 quaesitas,
483 4425 539 4470 nec
563 4405 675 4469 sistunt
698 4406 768 4469 illas
803 4405 831 4466 in
856 4405 1044 4467 intellectum
1067 4413 1217 4479 nostrum,
1252 4410 1375 4483 propter
1398 4402 1533 4464 infinita·

179 4507 243 4562 tem
266 4497 553 4578 subingredientem,
578 4505 610 4559 ct
632 4503 734 4558 tamen
759 4493 968 4556 discriminant
991 4494 1060 4555 illas
1085 4502 1173 4554 extra
1196 4493 1381 4555 intellectum
1399 4499 1536 4553 nostrum

180 4588 211 4650 in
234 4605 289 4649 suo
312 4604 422 4668 genere
446 4585 616 4662 essentiae,
641 4585 824 4665 faciuntque,
849 4591 884 4644 ut
906 4583 963 4644 hae
986 4602 1045 4644 non
1069 4583 1147 4646 aliae
1171 4601 1238 4643 esse
1261 4580 1389 4661 possint.
1437 4579 1536 4643 Simili

181 4676 309 4741 faciliori
339 4694 404 4739 rem
436 4674 606 4738 illustrabo.
658 4673 729 4737 Scio
763 4673 873 4735 baseos
906 4672 934 4732 in
967 4671 1119 4753 triangulo
1151 4671 1327 4750 rectangulo
1357 4670 1535 4750 quadratum

181 4785 250 4828 esse
274 4766 402 4847 aequale
425 4762 580 4847 quadratis
604 4762 816 4845 adjacentium,
840 4760 942 4823 nescio
963 4760 1179 4841 longitudinem
1202 4760 1321 4835 baseos,
1345 4759 1375 4820 h.
1391 4777 1418 4820 e.
1439 4778 1534 4820 enun-

180 4856 262 4919 ciare
285 4874 344 4918 nou
366 4872 500 4938 possum.
547 4852 679 4917 Tantum
701 4853 757 4915 hoc
782 4850 854 4925 scio,
880 4851 905 4913 si
929 4850 991 4913 tale
1016 4849 1196 4930 quadratum
1218 4848 1338 4923 faciam,
1364 4847 1473 4911 iecisse
1486 4866 1535 4910 me

1261 4951 1323 5014 ²⁰*
