3428 5542
685 332 847 385 Prooemium.
1405 328 1448 396 67

82 496 170 537 menta
188 498 233 539 ant
249 484 366 539 sensnum
385 491 507 541 subtilitas
525 491 571 541 hoc
590 493 739 557 investigare
758 493 865 554 poterit,
890 491 955 555 0001
973 490 1095 555 Keplerus
1114 490 1236 548 intendit;
1264 504 1323 541 narn
1344 492 1367 539 si
1390 504 1448 541 oon·

81 561 186 609 trarium
204 558 305 610 tinnitor
322 560 450 625 probetur,
473 564 551 611 omnis
571 560 699 626 Copemici
718 563 869 612 astronomia
886 561 957 611 valde
976 569 1093 627 suspecta
1116 562 1169 610 erit.
1197 561 1289 612 Dubito
1307 568 1450 626 praeterea,

83 644 117 679 au
136 631 195 679 talis
212 631 338 694 inquisitio
357 631 390 681 ed
408 634 584 682 astronomiam
602 635 733 698 quicquam
753 639 881 697 apportet,
912 634 959 681 nisi
984 646 1016 681 ea
1044 633 1077 682 ad
1094 632 1217 695 periectas
1236 632 1354 682 scientias
1373 629 1450 696 (qnod

82 701 183 758 ridetur
200 701 298 760 conari)
316 709 482 752 eonvertatur.
983 714 989 727 '

156 772 223 823 Huic
241 774 339 823 1001000
348 773 441 835 jndicio
463 773 649 824 11000001οι
666 774 793 838 respondit
809 773 918 837 Keplsro
937 774 960 823 d.
982 772 1023 822 lb.
1040 773 1096 824 001.
1117 770 1187 823 taes
1205 773 1271 834 lrnno
1289 774 1315 823 lu
1333 772 1450 822 modnmr

83 845 139 895 Das
157 843 203 895 leb
221 844 277 894 dem
294 843 376 893 Herm
394 844 439 894 aul
455 846 509 895 sein
527 859 560 895 au
577 845 644 895 mich
659 848 748 911 110001
765 844 858 910 gethan
878 844 1012 895 Schreibeu
1040 861 1067 893 00
1092 845 1168 910 lange
1187 845 1244 894 Zeit
1268 844 1339 895 niebt
1360 851 1449 909 gestit·

83 923 180 970 uertet,
200 914 234 964 ist
252 928 298 965 ans
316 912 494 982 01000101Ιο000
510 915 667 973 Krauiheit,
686 917 764 966 demit
781 916 822 966 ich
840 916 946 965 beladen
964 931 1078 981 genesen
1098 916 1150 965 aad
1168 915 1259 965 100001
1275 915 1452 967 anbeiohlensr

85 987 173 1045 Raiss,
194 986 274 1035 daron
292 984 333 1035 ioh
352 992 403 1035 ersi
418 987 511 1036 wieder
527 986 593 1036 uach
611 987 682 1036 Hans
701 987 817 1052 gelangt,
845 986 942 1036 bishero
967 986 1115 1036 rerblieben.
1152 985 1209 1035 llud
1229 985 1288 1036 thue
1307 985 1373 1036 mich
1392 986 1453 1036 aber

84 1060 169 1108 selues
193 1070 227 1106 an
252 1056 320 1107 naith
347 1058 546 1123 abgegsugeueu
572 1057 732 1118 Schreibens,
761 1058 883 1107 darlnnen
911 1072 938 1107 er
964 1057 1029 1106 mich
1054 1057 1121 1107 seins
1149 1057 1304 1107 rorhabende
1323 1056 1407 1107 studit
1423 1070 1451 1106 so

85 1127 236 1181 restraulich
255 1126 384 1186 berichtet,
403 1142 468 1194 gana
487 1129 586 1179 trenud·
604 1131 656 1179 und
677 1129 808 1179 dieustlich
827 1129 965 1179 bedanhen.

157 1199 214 1249 Wie
231 1199 273 1249 ich
291 1200 335 1249 des
353 1199 434 1249 Herm
451 1215 656 1265 rorgeuornmeue
679 1201 865 1251 observationes
889 1199 1018 1256 00001010,
1046 1199 1147 1249 010100
1174 1199 1303 1257 dsdurch,
1332 1198 1378 1248 001
1403 1199 1451 1251 den

84 1270 141 1320 lali
159 1268 195 1319 Er
212 1270 352 1320 sensibilem
369 1269 534 1321 differentiam
553 1286 584 1320 ex
602 1273 772 1322 observatione
792 1269 984 1335 deprehendiren
1007 1270 1117 1326 110010,
1137 1270 1190 1324 ,100
1219 1270 1348 1334 Coperuici
1373 1269 1449 1335 hypo-

85 1342 171 1391 theses
189 1342 308 1398 erertlrt,
327 1341 442 1390 0101000οΙ
461 1340 612 1406 Coporaicus
629 1343 831 1406 praesupponirt,
860 1340 925 1406 quod
952 1340 1072 1391 1101000110
1098 1343 1163 1390 iuter
1190 1338 1273 1392 Solem
1299 1348 1324 1391 et
1349 1339 1452 1391 Terram

86 1415 120 1463 sd
146 1414 339 1462 immensitatem
366 1412 494 1462 0101100000
520 1412 623 1462 dxeram
642 1415 775 1464 existimari
803 1419 918 1476 nequest.
956 1410 1014 1461 Uad
1039 1411 1158 1476 gehbrten
1191 1408 1256 1462 darn
1286 1413 1452 1461 insnuments

85 1498 199 1550 magna,
218 1491 311 1534 exacta
328 1490 355 1533 et
371 1484 588 1541 rectificatissima,
607 1485 718 1535 dsdnrob
745 1497 805 1533 man
828 1484 893 1533 auch
912 1483 944 1533 01
962 1483 1078 1546 scrupula
1096 1485 1188 1546 prima,
1214 1482 1349 1533 ueletiam
1367 1488 1452 1546 partes

87 1555 185 1620 aliquas
203 1554 310 1618 scrupuli
327 1556 399 1618 primi
416 1556 529 1619 praecise
548 1555 686 1606 obserrireu
705 1556 806 1605 ittunte.
834 1553 877 1604 Da
895 1554 938 1604 der
956 1554 1020 1603 Hert
1039 1554 1195 1620 derpleicheu
1213 1555 1266 1611 hat,
1285 1552 1452 1605 nimmtmich

87 1626 213 1682 Wunder,
232 1640 270 1674 vo
289 1625 349 1675 oder
365 1626 411 1675 urie
430 1641 457 1675 er
475 1627 515 1676 die
534 1627 637 1675 erobert
675 1626 765 1675 Wollte
783 1642 844 1691 geru
862 1627 964 1686 visson,
985 1627 1027 1685 ob,
1052 1629 1098 1676 wie
1117 1625 1168 1675 und
1186 1626 1212 1675 in
1231 1640 1282 1675 was
1300 1624 1389 1676 Wehrt
1405 1639 1451 1675 nn·

89 1694 228 1762 geflhrlich
246 1695 404 1761 derglelchen
422 1711 454 1745 zu
472 1697 618 1747 behommen
637 1700 690 1747 selu
708 1696 833 1746 mbcbten.

161 1768 245 1817 Wsnu
263 1767 320 1816 dem
337 1766 419 1818 llerru
437 1769 462 1817 in
480 1768 552 1817 rebus
570 1769 754 1818 mathematicis
781 1769 841 1817 oder
863 1765 928 1817 auch
950 1769 1002 1816 suis
1020 1768 1106 1817 studiis
1130 1773 1156 1816 et
1174 1768 1383 1817 observationibus
1400 1779 1452 1817 vas

88 1838 228 1904 0101000001,
248 1839 305 1887 thnt
322 1837 356 1888 llr
372 1840 419 1888 mir
435 1840 477 1889 eiu
494 1839 657 1889 roaderbsres
671 1834 793 1896 Geiallen.
813 1839 846 1889 da
863 1838 898 1888 Er
914 1839 981 1888 mich
999 1839 1088 1888 desseu
1105 1838 1272 1904 0001001101,
1291 1839 1342 1888 001
1361 1839 1395 1888 da
1411 1837 1453 1888 loh

88 1910 143 1960 lure
162 1909 230 1960 kann
248 1909 322 1960 hieru
340 1911 366 1958 iu
385 1911 433 1959 eim
452 1909 511 1959 oder
529 1911 607 1960 ander
624 1910 689 1976 Weg
706 1910 831 1960 verbuliou
849 1925 924 1973 seyn,
944 1910 989 1959 hat
1007 1911 1041 1959 Er
1058 1910 1124 1959 mich
1142 1911 1206 1960 1000
1224 1910 1307 1975 villig.
1344 1909 1400 1960 Wis
1412 1908 1453 1960 ioh

89 1981 144 2031 lme
163 1979 232 2030 daun
249 1979 400 2030 lreuudlichs
419 1980 636 2047 Dieustuilliglreit
654 1996 685 2030 au
704 1982 821 2031 erneisen
839 1983 943 2048 geneigt
961 1981 1091 2032 rerbleibe.
1164 1979 1260 2031 Datum
1277 1979 1323 2030 ce.

161 2138 184 2189 E
203 2138 340 2203 Kepleri
358 2141 516 2204 000000010οο
533 2140 599 2191 baso
618 2139 748 2190 addimus:

181 2330 317 2396 Salutem
341 2328 376 2395 in'
397 2331 518 2396 Christo
540 2332 710 2395 Mediatore
733 2341 766 2395 et
788 2333 971 2396 Redemtore
995 2343 1098 2398 nostro
1123 2335 1218 2397 unico.

182 2458 534 2538 1110000100011000.
559 2457 625 2532 Vir,
655 2455 703 2520 15.
729 2455 798 2529 001,
823 2458 962 2538 scriptas,
987 2456 1017 2521 5.
1043 2458 1116 2521 Dec.
1141 2459 1252 2537 accepi.
1277 2458 1452 2540 Recupera-

90 2558 157 2608 tam
180 2546 283 2626 itaque
306 2545 520 2621 valetudinem,
545 2546 714 2609 confectum
738 2547 866 2609 feliciter
889 2548 962 2616 iter,
986 2555 1017 2608 et
1040 2548 1169 2608 reditum
1192 2549 1230 2608 ad
1254 2546 1371 2608 nobiles
1395 2546 1451 2607 de·

90 2635 180 2698 licias
203 2653 299 2697 rernm
323 2635 603 2699 mathematicorum
626 2635 682 2697 tibi
705 2637 849 2714 gratulor.

183 2721 272 2793 Quod
296 2743 379 2787 meas
402 2725 511 2786 stellae
534 2724 647 2804 polaris
671 2723 899 2786 observationes
922 2722 1043 2798 attinet,
1067 2724 1092 2784 si
1113 2723 1241 2783 antehac
1265 2740 1322 2783 non
1343 2721 1451 2790 monui.

93 2821 177 2876 certe
196 2812 264 2891 jam
286 2812 452 2890 praeterire
479 2832 538 2874 nou
565 2831 704 2892 possum,
736 2812 890 2875 inductum
914 2811 1014 2873 mein
1039 2812 1114 2873 hauc
1144 2811 1344 2892 suspicionem
1367 2819 1454 2872 certa

91 2913 127 2965 et
144 2901 283 2963 dimensa
306 2902 407 2982 011000
424 2901 664 2976 ratiocinatione,
689 2902 816 2978 scilicet,
840 2910 875 2963 01
898 2919 974 2980 quae
997 2901 1075 2962 ratio
1099 2911 1148 2962 est
1170 2901 1251 2962 orbis
1267 2900 1389 2961 Terreni
1413 2899 1452 2961 sd

91 2991 197 3053 orbem
227 2989 416 3065 Saturnium,
446 2990 552 3052 eadem
583 3000 713 3070 ponatur
739 2991 816 3052 ratio
849 2991 931 3052 orbis
955 2988 1078 3052 Saturni
1107 2990 1146 3051 ad
1181 2989 1284 3050 orbern
1318 2991 1451 3052 lixarum.

92 3079 190 3142 Esset
212 3079 304 3157 igitur
326 3079 549 3141 semidiameter
572 3079 667 3153 orbis,
692 3080 741 3158 qui
766 3081 889 3141 Terram
913 3080 1009 3152 vehit,
1034 3080 1073 3140 ad
1096 3078 1352 3141 semidiametrnm
1375 3079 1454 3139 lixa-

92 3188 159 3231 rum
183 3167 390 3248 subcentupla,
412 3169 482 3248 0010
505 3177 554 3229 001
568 3167 606 3229 01
626 3167 883 3230 semidiametrum
902 3166 1025 3231 Saturni
1044 3167 1237 3247 subdecupls.
1269 3167 1355 3229 Haec
1373 3166 1453 3228 ratio

92 3257 120 3319 si
144 3276 219 3323 vera
241 3257 297 3332 sit,
321 3256 491 3319 differentis
514 3256 705 3318 altitudinum
730 3257 914 3319 diversarum
938 3258 1047 3319 stellae
1069 3257 1183 3337 polaris
1206 3257 1265 3318 erit
1286 3274 1379 3337 prope
1403 3255 1452 3316 di-

92 3346 217 3408 midium
241 3345 377 3425 gradum.
424 3345 490 3407 Hac
512 3354 688 3424 praeeunte·
700 3346 816 3407 ratione
840 3346 956 3409 accinxi
979 3364 1027 3407 me
1051 3346 1092 3407 ad
1114 3346 1341 3408 observandum.
1374 3346 1455 3407 Nara

92 3435 133 3496 ad
157 3435 311 3496 dimidium
334 3433 461 3515 gradum
484 3435 646 3495 00100100]
669 3454 727 3496 000
752 3435 828 3496 0100
852 3453 960 3514 magno
984 3436 1183 3497 instrumento
1207 3452 1280 3514 opus
1295 3444 1352 3495 001.
1385 3435 1452 3494 Da-

92 3523 140 3585 bis
169 3522 262 3603 igitur
291 3523 413 3584 veniam
438 3522 526 3597 mihi,
562 3523 612 3602 001
642 3524 680 3584 01
710 3523 946 3604 speculationem
973 3524 1014 3596 (si
1044 3543 1098 3603 pro
1122 3524 1271 3603 dignitate
1296 3523 1361 3601 0010
1385 3540 1453 3584 earn

91 3622 228 3674 tractare
254 3611 342 3686 velit)
366 3610 608 3685 subtilissimam,
637 3613 702 3674 rudi
726 3613 923 3675 instrumento
952 3613 1077 3674 0000001.
1124 3613 1203 3673 Nam
1232 3612 1312 3689 quod
1335 3611 1372 3671 de
1394 3612 1454 3673 ob-

91 3700 262 3763 servatorio
294 3718 361 3763 meo
392 3700 530 3780 quaeris,
562 3701 748 3781 respondeo,
777 3701 925 3780 prodiisse
955 3701 1030 3763 illud
1061 3719 1099 3762 ex
1126 3701 1233 3762 eadem
1256 3699 1390 3771 oliicina,
1414 3719 1454 3761 ex

92 3810 154 3870 qna
176 3788 338 3870 primorum
360 3797 518 3868 parentum
541 3789 661 3868 tuguria
683 3791 830 3871 prodiere.
878 3789 1006 3853 Suffecit
1037 3789 1115 3851 euim
1142 3788 1453 3869 mihiaqunlecumque

91 3880 325 3941 instrumentum
357 3877 398 3939 ad
429 3876 583 3939 dimidium
610 3878 736 3959 gradum
763 3881 812 3941 vel
835 3879 1030 3941 asserendum
1061 3878 1111 3939 vel
1134 3878 1315 3957 negandum.
1362 3875 1453 3938 Etsi

92 3967 166 4029 mihi
187 3987 247 4029 nou
271 3967 413 4040 00110101,
437 3975 540 4029 100000
562 3969 722 4029 carendum
746 3977 794 4030 est
816 3967 1017 4049 exquisitioni,
1042 3966 1111 4046 quia
1134 3984 1229 4046 neque
1254 3966 1326 4026 milri
1353 3966 1454 4028 Attali

91 4064 164 4117 sunt
187 4074 271 4136 opes,
295 4074 392 4137 00000
414 4056 589 4118 Alexander
612 4056 791 4137 discipulus,
816 4076 911 4138 neque
936 4055 1104 4118 Praxiteles
1128 4055 1241 4135 opifex,
1267 4074 1363 4135 neque
1386 4054 1452 4115 Re-

91 4145 278 4225 giomontani
302 4163 419 4208 manus.
452 4143 507 4219 ,Ee
529 4153 631 4206 tamen
655 4148 830 4225 quantulum
852 4146 923 4207 mihi
947 4164 1047 4207 arcum
1072 4143 1230 4219 indicavit,
1260 4145 1296 4204 de
1321 4161 1356 4204 eo
1381 4161 1452 4205 arcu

91 4242 194 4297 certus
219 4253 295 4297 sum.
341 4234 377 4295 Id
409 4240 444 4294 01
470 4242 558 4295 10010
587 4234 728 4296 libentius
756 4236 827 4297 mihi
851 4236 976 4308 credas,
1009 4233 1178 4305 describam
1210 4233 1450 4294 instrumentum.

91 4324 274 4402 Spectatum
295 4321 423 4385 admissi
443 4321 537 4384 risum
559 4324 690 4386 10000110
714 4324 822 4385 amici:
847 4322 924 4386 Cum
947 4341 1005 4383 uon
1020 4331 1103 4384 esset
1122 4323 1194 4384 mihi
1209 4322 1286 4383 alius
1306 4320 1452 4381 materiae

90 4413 180 4492 copia
203 4431 294 4493 00000
318 4411 401 4491 ligni,
426 4411 534 4473 scirem
556 4431 627 4474 vero
651 4422 801 4475 tumesere
824 4422 856 4473 et
878 4412 994 4473 hiscere
1027 4412 1126 4472 omnia
1149 4411 1267 4472 omuino
1290 4408 1374 4486 ligna
1396 4425 1451 4484 pre

90 4503 210 4581 ratione
234 4501 315 4563 aeris
337 4500 369 4563 in
392 4501 508 4563 latum:
531 4501 600 4563 ideo
624 4502 813 4563 machinatus
837 4520 901 4562 sum
924 4500 986 4561 tale
1009 4500 1250 4572 instrumentum,
1270 4497 1355 4574 cujus
1374 4512 1450 4575 quae

89 4600 195 4653 certae
220 4597 253 4653 et
274 4595 452 4652 constantes
475 4608 543 4650 0000
568 4589 720 4652 10101001
743 4591 854 4664 lineae,
892 4610 911 4649 a
937 4588 1122 4668 longitudine
1155 4598 1187 4650 et
1209 4586 1291 4649 fibris
1314 4584 1377 4645 sive
1401 4581 1450 4642 1110

90 4678 166 4759 ligni
197 4678 432 4743 sustinerentur.
480 4678 673 4759 Triangulum
705 4680 807 4758 itaque
836 4675 875 4746 6,
898 4675 936 4751 8,
964 4676 1005 4739 11)
1034 4679 1142 4758 pedum
1166 4675 1272 4739 struxi.
1319 4673 1397 4732 liam
1420 4668 1451 4729 hi

90 4768 208 4831 numeri
231 4766 361 4832 omnium
385 4766 552 4829 certissime
575 4770 705 4848 produnt
727 4776 841 4829 rectam
864 4766 1015 4846 angulum.
1061 4765 1097 4828 Id
1119 4765 1299 4845 triangulum
1328 4781 1346 4819 a
1369 4764 1451 4819 recto

89 4857 205 4941 augule
227 4854 383 4939 suspendi,
404 4856 487 4920 iilum
505 4875 572 4921 oum
594 4857 806 4939 perpendiculo
829 4874 868 4918 ex
889 4855 995 4917 eodem
1018 4863 1101 4918 recto
1118 4856 1227 4935 angulo
1250 4848 1367 4921 demisi,
1392 4846 1450 4925 by·

1196 4957 1238 5008 μ
