3428 5542
231 289 300 360 248
784 295 905 364 ΔΜ·
923 294 1046 359 mama
1067 316 1068 319 ¹

233 454 418 518 confundens
442 473 497 516 nec
520 455 684 517 intervalla
706 455 910 536 distinguens,
939 455 1025 517 uobis
1048 455 1211 518 deridiculo
1235 455 1293 518 luit
1322 453 1595 518 exclamaust'mi·

231 543 374 617 raoulum,
399 542 509 606 bovem
523 544 733 624 multipedem!
778 545 847 607 Non
872 564 945 607 sane
969 546 1066 624 major
1088 553 1138 607 est
1160 545 1216 607 hoc
1236 544 1301 607 loco
1316 544 1442 607 Patricii
1466 543 1592 622 sapien-

232 632 291 708 tia,
326 631 395 694 dum
418 633 560 712 planetas
583 633 663 695 inter
685 634 775 709 fixas,
805 634 848 695 ita
871 641 903 696 ut
927 634 1014 696 uobis
1038 641 1180 714 apparet,
1215 652 1320 694 cursus
1344 653 1415 696 suos
1448 650 1596 712 peragere

232 721 397 785 contendit.
1204 768 1209 790 ,

319 811 385 872 Hoc
407 810 510 890 itaque
533 809 667 872 Patricio
691 810 802 873 dictum
827 817 902 886 esto,
928 811 994 873 vias
1017 811 1208 891 planetarum
1235 817 1418 890 apparentes
1441 816 1473 871 et
1496 809 1597 870 histo-

230 899 306 962 riam
329 906 461 961 motuum
487 899 570 961 libris
593 919 739 981 promere,
765 901 966 963 astronomiae
991 900 1178 978 potissimum
1203 899 1396 962 mechanicae
1421 907 1453 960 et
1475 898 1595 978 practi-

231 1008 285 1052 cae
303 996 421 1069 partem
437 1007 521 1050 esse:
547 989 613 1051 vias
632 1007 704 1050 vero
718 1009 806 1050 veras
830 999 862 1050 et
876 989 1021 1069 genuinas
1036 989 1179 1063 invenire,
1205 1008 1279 1068 opus
1301 1007 1371 1050 esse
1391 987 1597 1051 astronomiae

231 1077 483 1156 contemplativae
508 1077 637 1151 (frustra
661 1076 811 1139 Osiaudro
835 1087 867 1140 et
889 1079 1022 1141 Patricio
1046 1078 1313 1151 reclamantibus):
1339 1086 1372 1139 at
1390 1077 1501 1151 dicere,
1527 1077 1597 1156 qui-

231 1167 287 1230 bus
312 1165 430 1228 circulis
455 1176 486 1227 et
510 1166 597 1228 lineis
621 1167 822 1248 depingantur
846 1168 874 1230 iu
898 1187 1012 1250 papyro
1027 1167 1173 1246 imagines
1193 1168 1296 1247 justae
1318 1185 1457 1229 verorum
1477 1165 1597 1226 illomm

231 1263 374 1330 motuum,
400 1256 438 1317 ad
463 1256 607 1318 inferiora
630 1265 852 1335 geometrarum
877 1256 1022 1319 subsellia
1035 1256 1195 1336 pertinere.
1243 1255 1328 1318 Haec
1343 1256 1392 1335 qui
1408 1255 1596 1333 distinguere

233 1343 387 1417 didicerit,
413 1345 438 1406 is
462 1344 550 1406 facile
575 1365 642 1408 sese
667 1365 686 1408 a
708 1346 925 1407 somniantibus
950 1345 1170 1408 abstractarum
1194 1346 1353 1406 formarum
1377 1343 1597 1423 captatoribus,

164 1420 197 1472 ⁸
230 1431 281 1514 qui
311 1434 468 1494 materiam
499 1435 576 1504 (rem
607 1454 697 1496 uuam
726 1444 757 1495 et
781 1436 876 1496 solam
907 1443 978 1514 post
1001 1435 1115 1506 Deum)
1146 1434 1232 1495 nimis
1257 1453 1361 1495 secure
1390 1439 1598 1502 contemnunt,

234 1539 395 1602 eorumque
418 1523 597 1602 importunis
621 1524 818 1603 sophismatis
843 1524 992 1604 expediet.
1040 1523 1142 1602 Atque
1166 1522 1389 1584 haeoPatricio
1413 1520 1598 1602 respondere

234 1611 326 1686 uolui,
351 1616 513 1691 propterea
536 1613 614 1690 quod
639 1613 716 1675 Urso
742 1620 772 1673 et
792 1611 944 1676 Osiaudro
967 1611 1137 1675 errantibus
1162 1612 1191 1672 iu
1208 1610 1384 1692 quibusdam
1399 1612 1594 1690 suffragatur.

234 1699 285 1763 Ad
308 1701 420 1764 Ursum
444 1700 544 1762 redeo.

321 1788 485 1852 Undecimo
509 1790 615 1864 Ursus,
641 1797 674 1851 ut
696 1790 817 1868 penitus
840 1797 1016 1868 prosternat
1038 1789 1253 1850 astronomiam
1277 1787 1371 1848 nostri
1396 1787 1499 1858 seculi,
1527 1787 1596 1848 lau·

231 1878 286 1942 dat
309 1878 473 1959 antiquam,
500 1896 580 1940 more
605 1879 792 1959 querulorum
818 1899 921 1940 senum
950 1887 1003 1941 aut
1030 1878 1159 1958 siquod
1184 1877 1264 1939 aliud
1289 1883 1337 1937 est
1367 1895 1461 1956 genus
1495 1875 1596 1937 homi-

231 1987 301 2032 uum
324 1966 584 2048 desperabundum
608 1977 640 2029 et
664 1968 919 2030 melancholicum.
967 1967 1028 2031 Sed
1054 1975 1086 2028 et
1105 1974 1281 2047 argumento
1301 1967 1396 2027 utitur
1419 1985 1456 2026 ex
1481 1965 1597 2045 optima

231 2063 359 2135 utputo
384 2057 499 2118 forma:
531 2058 707 2138 pleraeque,
740 2057 849 2137 iuquit,
881 2064 962 2119 artes
987 2057 1057 2119 olim
1081 2056 1278 2136 perfectiores
1303 2056 1400 2128 fuere,
1431 2054 1591 2127 medicina,
1636 2090 1646 2117 ι

230 2146 354 2220 musica,
373 2146 518 2216 oratoria,
543 2147 643 2225 quidni
668 2154 699 2207 et
723 2146 927 2208 astronomia?
972 2147 1019 2208 De
1039 2145 1186 2207 medicina
1200 2143 1379 2206 Thessalica
1399 2152 1488 2205 sunto
1508 2162 1594 2215 saue,

231 2234 280 2317 qui
304 2234 432 2296 divinius
457 2236 567 2316 aliquid
592 2235 771 2315 anticipient,
798 2255 887 2315 quam
913 2255 948 2296 ex
973 2235 1101 2297 residuis
1125 2233 1323 2296 monumentis
1347 2240 1492 2313 apparet:
1523 2241 1596 2293 suut

231 2322 364 2388 vicissim
388 2343 447 2385 nou
472 2325 594 2387 minoris
610 2325 736 2386 nominis
762 2332 911 2399 auctores,
935 2325 1091 2386 Fernelius
1107 2331 1139 2384 et
1155 2323 1221 2395 alii,
1249 2322 1296 2402 qui
1320 2323 1387 2401 plus
1412 2330 1516 2382 nostro
1541 2339 1594 2382 se-

229 2411 296 2476 culo
326 2413 461 2475 tribuunt
496 2413 603 2493 majori
639 2413 908 2477 verisimilitudine.
963 2414 1009 2475 De
1038 2413 1154 2474 musica
1179 2410 1324 2490 judicium
1354 2413 1413 2473 lert
1436 2411 1534 2474 Ursus
1558 2428 1595 2470 ex

230 2510 353 2575 eventu,
388 2503 520 2582 quinon
545 2512 592 2565 est
620 2504 667 2564 vel
692 2503 720 2564 iu
745 2503 820 2565 artis
845 2504 892 2566 vel
916 2502 946 2564 in
971 2502 1096 2567 artificis
1118 2509 1284 2580 potestate.
1333 2498 1448 2571 Credo,
1483 2501 1595 2561 multos

229 2591 371 2656 admirari
395 2600 531 2654 veterum
559 2592 704 2655 musicam
733 2611 789 2653 uon
820 2592 911 2654 aliam
935 2592 973 2652 ob
998 2609 1133 2664 causam,
1170 2609 1258 2671 quam
1283 2589 1353 2668 quia
1377 2589 1475 2670 qualis
1504 2589 1596 2675 fuerit

228 2681 378 2761 ignoras
426 2680 543 2752 Quibus
574 2701 646 2762 ego,
680 2682 706 2743 si
729 2682 812 2743 Deus
836 2683 931 2744 vitam
964 2680 1151 2742 concesserit
1186 2698 1239 2740 nec
1272 2679 1364 2739 otium
1394 2679 1538 2752 defuerit,
1564 2678 1593 2738 in

228 2769 462 2832 Harmonicis
496 2771 570 2832 meis
604 2771 831 2842 demonstrabo,
862 2779 973 2851 quanto
1007 2770 1168 2831 intervallo
1196 2777 1284 2829 vetus
1313 2768 1428 2829 musica
1458 2774 1594 2829 nostram

228 2867 383 2940 sequatur.
430 2858 518 2930 Quod
544 2867 643 2921 autem
668 2860 807 2922 clamitat
820 2860 927 2933 Ursus,
953 2859 1041 2920 hodie
1065 2877 1122 2919 non
1148 2877 1215 2919 esse
1240 2865 1357 2918 tautum
1382 2857 1511 2918 musices
1536 2858 1593 2917 im·

228 2947 343 3028 perium
367 2948 396 3009 iu
420 2949 548 3024 animos,
574 2949 602 3010 id
627 2948 756 3031 Scythes
781 2949 845 3022 ille,
871 2967 966 3029 aeque
991 2949 1148 3028 antiquus,
1181 2946 1297 3008 hinnitu
1322 2947 1390 3026 equi
1418 2946 1464 3006 sui
1489 2949 1593 3025 (quom

230 3035 362 3117 optimae
386 3036 556 3099 cautilenae
580 3039 732 3118 praeferre
749 3038 882 3109 solebat)
906 3037 994 3099 facile
1010 3039 1132 3098 refutat.
1179 3035 1289 3097 Rarius
1309 3034 1509 3096 audiebantur
1525 3032 1594 3095 boui

233 3133 389 3198 cantores,
418 3144 494 3199 vox,
524 3135 557 3189 ut
583 3128 612 3188 iu
637 3127 801 3189 comoediis
832 3136 863 3188 et
891 3127 1056 3206 tragoediis
1086 3126 1129 3186 sic
1158 3125 1186 3186 iu
1216 3132 1307 3186 cantu
1337 3141 1594 3203 quorsumcunque

227 3213 449 3289 inflectebatur,
476 3216 576 3278 sensui
603 3216 759 3278 verborum
783 3216 956 3295 aptabatur,
982 3215 1108 3294 tempori
1125 3223 1156 3274 et
1183 3214 1321 3293 personis
1346 3222 1377 3274 et
1401 3213 1476 3285 loco,
1501 3212 1595 3273 verba

230 3300 329 3373 clara,
364 3303 527 3366 articulata
556 3313 588 3366 et
610 3305 790 3379 vernacula;
824 3324 934 3384 magua
957 3305 1058 3384 gentis
1083 3302 1220 3365 Graecae
1251 3303 1412 3372 mollities,
1447 3319 1595 3381 personae

230 3411 346 3475 quoque
361 3393 583 3474 cytharistriae,
608 3395 762 3474 psaltriae,
790 3394 910 3465 Lesbia,
939 3392 1062 3472 Sappho
1087 3392 1132 3453 vel
1159 3391 1290 3472 lapidem
1311 3389 1468 3452 moverint.
1508 3388 1595 3460 Quae

230 3481 331 3544 omnia
355 3491 386 3543 et
409 3482 434 3542 si
458 3483 528 3563 quid
553 3483 632 3544 aliud
658 3483 716 3543 fuit
740 3483 818 3563 apud
839 3491 960 3543 veteres
976 3483 1126 3553 decorum,
1150 3481 1238 3542 hodie
1254 3499 1371 3560 quoque
1390 3479 1501 3540 imitari
1521 3497 1596 3556 pos·

231 3589 353 3633 summ:
388 3590 442 3632 nec
471 3591 620 3652 uunquam
649 3571 809 3632 imitamur.
856 3571 1002 3634 Nostrum
1030 3590 1101 3632 vero
1135 3570 1290 3632 artificium
1322 3569 1473 3630 veteribus
1506 3570 1597 3645 plane

231 3659 289 3723 trit
317 3659 510 3739 incognitum.
559 3659 619 3721 Sed
649 3661 735 3740 plura
764 3679 817 3721 suo
846 3662 921 3723 loeo.
969 3660 1014 3720 De
1040 3660 1172 3722 oratoria
1200 3678 1257 3719 nou
1287 3658 1445 3720 contendo.
1495 3656 1598 3717 Causa

231 3757 333 3812 tamen
358 3768 468 3828 magna
492 3758 540 3810 est
561 3749 591 3810 iu
616 3757 725 3810 natura
749 3757 780 3810 et
802 3751 934 3811 moribus
959 3750 1069 3828 gentis,
1095 3766 1170 3829 quae
1186 3747 1363 3809 mollissima
1389 3747 1477 3810 facile
1502 3744 1598 3806 cuivis

116 3881 119 3884 -
231 3836 361 3899 cedebat
385 3838 516 3912 affectui,
542 3838 655 3918 gloriae
680 3857 751 3899 vero
776 3838 979 3916 cupidissima,
1006 3837 1034 3898 id
1059 3839 1123 3918 ejus
1143 3837 1355 3916 adipiscendae
1379 3855 1472 3899 causo
1497 3836 1598 3895 facere

233 3943 292 3987 nou
318 3926 477 4001 dubitavit,
503 3927 579 4007 quod
605 3934 706 3989 tamen
731 3928 792 3988 illis
807 3927 969 3999 laudabile,
993 3926 1081 3988 hodie
1102 3926 1179 4006 apud
1195 3944 1297 3986 ornnes
1312 3935 1420 4004 gentes
1436 3925 1597 3985 detestan-

236 4013 306 4077 dum
332 4023 389 4083 est,
413 4025 446 4076 ut
470 4016 535 4097 quis
560 4017 616 4078 sibi
643 4016 698 4097 ipsi
723 4016 873 4078 violentas
899 4036 1004 4077 manus
1029 4018 1145 4078 afferat.
1193 4015 1238 4075 De
1254 4015 1438 4076 astronomia
1461 4032 1533 4073 vero
1549 4031 1598 4074 res

234 4102 279 4165 ita
301 4103 386 4164 clara
408 4111 465 4178 est,
492 4106 617 4191 utuihil
643 4125 743 4184 supra.
792 4105 925 4166 Veniant
949 4112 1096 4187 quotquot
1122 4114 1192 4166 sunt
1208 4105 1235 4164 iu
1251 4103 1373 4185 Europa
1391 4102 1479 4184 periti
1499 4120 1598 4164 rerum

235 4192 534 4255 mathematicarum:
560 4215 617 4256 uon
641 4195 801 4255 habitums
825 4194 866 4256 sit
889 4195 985 4257 Ursus
1008 4195 1056 4256 vel
1081 4214 1183 4268 uuum,
1218 4192 1266 4273 qui
1291 4194 1345 4255 hoc
1373 4194 1416 4256 illi
1442 4192 1598 4269 largiatur,

233 4281 444 4364 perfectiorem
474 4282 567 4343 tuisse
592 4292 726 4345 veterum
751 4285 976 4345 astronomiam.
1023 4284 1130 4364 Itaque
1161 4283 1263 4363 quanti
1288 4282 1329 4343 sit
1357 4283 1541 4356 laciendum,
1572 4282 1598 4343 si

234 4368 301 4452 quis
324 4379 462 4449 praestet
487 4372 564 4450 quod
589 4371 741 4452 pollicitus
766 4381 816 4434 est
839 4374 945 4447 Ursus,
971 4391 1012 4432 sc.
1039 4373 1258 4435 restitutionem
1281 4372 1485 4434 astronomiae
1509 4378 1597 4431 veta-

235 4456 291 4532 ris,
326 4458 535 4521 consideratus
565 4460 661 4523 lector
696 4471 830 4522 censeto.
879 4462 963 4523 Haec
991 4462 1154 4541 praecipua
1183 4462 1280 4533 luere,
1313 4479 1389 4540 quae
1418 4462 1474 4522 hoe
1501 4460 1598 4539 primo

235 4545 335 4627 capite
358 4549 395 4608 de
420 4557 528 4609 natura
551 4550 763 4631 hypothesium
788 4550 967 4611 dicerentur.

820 4793 1009 4807 ...α-.-
