3428 5542
709 310 831 362 aas·
848 311 1009 377 aaaron&
1472 308 1538 374 aaa

180 468 279 540 litate,
304 485 399 528 causa
421 465 502 527 acuti
526 473 557 526 et
580 465 692 544 gravis,
717 466 816 545 sitque
840 466 935 528 omnis
958 466 1095 538 icczcroc
1118 476 1150 529 et
1173 469 1296 547 speciali
1312 468 1430 528 nomine
1449 472 1540 548 φθογ-

180 580 242 637 yoc;
266 556 296 616 in
320 555 404 616 coelo
428 564 534 621 contra
557 573 661 616 omnes
680 555 766 627 soni,
791 555 954 635 (siquidem
978 556 1145 617 existerent
1167 557 1247 630 soni)
1272 566 1343 617 sunt
1365 555 1538 627 ἀνισοτωοι,

182 643 269 708 utin
291 643 432 706 continuo
465 641 639 704 intentionis
673 651 704 704 et
736 643 920 706 remissionis
948 652 1036 718 actu,
1071 664 1106 705 ac
1138 645 1162 705 si
1194 645 1261 724 quis
1283 645 1426 706 chordam
1450 645 1538 706 simul

180 734 332 814 pulsaret,
365 731 453 793 simul
481 731 652 793 intenderet
675 738 707 793 et
729 733 906 794 remitteret.
953 733 1101 794 Planetae
1126 733 1203 794 enim
1232 732 1360 812 apogaei
1382 743 1540 795 moventur

119 837 132 850 ·
181 821 320 894 remisse,
354 820 382 880 in
406 818 549 898 perigaeo
574 819 738 881 incitatius.
786 821 892 900 Itaque
917 820 1044 900 apogaei
1068 839 1191 899 gravem
1222 822 1399 883 exhiberent
1421 839 1536 895 sonum,

179 908 313 990 perigaei
337 915 467 970 acutum.
513 908 562 969 Ac
586 908 644 969 etsi
668 908 755 987 hujus
780 909 925 970 acuminis
950 917 982 970 et
995 910 1166 987 gravitatis,
1190 909 1379 982 intensionis,
1406 910 1537 988 inquam,

179 1007 212 1061 et
234 995 418 1060 remissionis
438 1014 582 1057 mensura
604 997 751 1076 reperitur
774 996 910 1077 proxime
933 997 964 1058 in
989 997 1135 1059 distantia
1158 999 1299 1077 planetae
1322 1017 1342 1059 a
1364 1006 1478 1072 centro,
1504 1008 1538 1060 ut

180 1090 209 1150 in
238 1087 340 1148 Marte
367 1085 507 1164 probavi,
543 1092 643 1146 tamen
674 1085 750 1146 ratio
781 1086 861 1147 fallit
890 1085 918 1146 iu
949 1087 1172 1165 comparatione
1203 1087 1326 1148 duorum
1349 1086 1537 1166 planetarum

179 1177 257 1239 inter
280 1193 331 1248 se;
356 1193 412 1235 uon
437 1172 516 1235 euim
539 1182 573 1235 ut
596 1174 747 1243 diametri,
771 1175 815 1235 sic
838 1182 947 1249 motus,
973 1193 1066 1237 cansa
1088 1174 1264 1236 intensionis
1289 1183 1321 1235 et
1338 1175 1535 1236 remissionis.

178 1265 324 1328 Defectus
347 1270 434 1342 patet
457 1280 495 1323 ex
514 1261 662 1343 Mysterio
690 1260 957 1342 cosmographico.
1004 1263 1115 1325 Altera
1137 1282 1239 1339 causa,
1264 1282 1316 1325 cur
1338 1282 1404 1325 cum
1419 1264 1536 1345 Pytha-

179 1351 298 1434 goraeis
330 1359 362 1412 et
385 1349 483 1412 Plinio
516 1359 596 1412 erret
618 1350 829 1426 Reinhardns,
864 1370 901 1412 ex
934 1352 1015 1414 sonis
1048 1353 1171 1414 musicis
1204 1353 1337 1413 formans
1373 1351 1537 1414 diametros

178 1443 387 1522 planetarum,
426 1446 474 1501 est
506 1439 597 1512 haec,
637 1441 714 1518 quod
748 1440 886 1502 diametri
920 1439 1130 1519 intelliguntur
1162 1442 1357 1520 sphaerarum
1385 1440 1535 1514 diametri,

180 1531 311 1610 sphaera
333 1545 403 1590 vero
428 1528 476 1589 vel
500 1547 606 1606 corpus
631 1536 679 1589 est
702 1529 864 1589 secundnm
887 1529 1038 1610 physicos,
1063 1531 1111 1590 vel
1135 1530 1219 1590 locus
1243 1529 1367 1602 solidus,
1393 1529 1422 1590 iu
1447 1549 1534 1609 quern

180 1620 305 1699 planeta
328 1635 469 1679 successu
493 1618 660 1680 seculorum
683 1617 784 1678 venire
808 1626 920 1697 potest.
967 1617 1116 1679 Diametri
1136 1617 1226 1696 igitur
1245 1618 1440 1697 sphaerarum
1459 1638 1535 1678 narn·
1647 1630 1650 1635 ⁴

178 1709 332 1771 cisonntur
355 1705 565 1785 proportiones
588 1725 659 1766 suas
683 1724 721 1766 ex
744 1706 846 1784 figuris
870 1706 992 1778 solidis,
1020 1715 1053 1767 ut
1080 1705 1200 1768 ostendi
1227 1707 1257 1768 in
1280 1705 1428 1788 Mysterio
1454 1704 1535 1768 Cos·
1579 1776 1582 1781 ,

177 1795 381 1875 mugraphico.
429 1791 545 1855 Contra
568 1813 658 1856 sonus
683 1803 867 1877 estmotus3
892 1796 986 1857 omnis
1011 1814 1082 1857 vero
1106 1803 1205 1856 motus
1230 1794 1258 1856 in
1280 1795 1373 1855 linea:
1399 1804 1534 1856 motuum

177 1886 269 1965 igitur
292 1883 445 1963 proportio
469 1882 694 1943 convenientius
719 1884 873 1962 quaeritur
896 1902 935 1944 ex
957 1884 1060 1962 figuris
1083 1884 1275 1962 geometricis
1297 1884 1410 1963 planis,
1437 1884 1534 1944 circu-

178 1974 238 2036 lum
264 1975 376 2044 (motus
400 1970 542 2033 coelestis
562 1971 687 2045 lineam)
713 1972 926 2032 diuidentibus.
973 1973 1016 2033 Ut
1039 1972 1116 2033 enim
1140 1993 1173 2032 se
1197 1973 1290 2032 habet
1305 1972 1384 2033 linea
1408 1972 1446 2032 ad
1466 1991 1535 2033 cor-

176 2081 233 2142 pus
259 2062 394 2133 solidum,
422 2059 466 2120 sic
490 2079 522 2121 se
547 2058 640 2121 habet
663 2061 881 2138 quodammodo
905 2071 1005 2121 motus
1029 2061 1067 2120 ad
1091 2079 1199 2139 corpus
1224 2061 1390 2141 physicum.

271 2151 316 2210 Dc
353 2148 544 2221 „enarmonio
569 2148 753 2210 chromatico
778 2159 810 2209 et
834 2149 1008 2219 diatonico“
1042 2166 1131 2227 qurum
1155 2167 1258 2226 parurn
1283 2148 1371 2210 hodie
1395 2147 1535 2221 sciamus,

177 2258 235 2300 nec
259 2239 350 2299 ullum
376 2238 544 2315 exemplum
567 2236 715 2297 melodiae
740 2245 833 2312 extet,
859 2256 896 2297 ex
920 2255 977 2316 quo
1002 2236 1161 2298 discrimen
1187 2237 1292 2297 horum
1316 2254 1458 2315 generum
1479 2257 1536 2316 ap-

176 2335 294 2407 pareat,
321 2327 434 2386 lrustra
457 2345 511 2385 nos
536 2325 640 2403 opinor
661 2326 808 2387 desudare
832 2325 1105 2403 comparationibus
1131 2344 1184 2406 per
1207 2344 1244 2385 ea
1267 2325 1470 2387 instituendis.

267 2416 313 2477 De
337 2414 459 2475 vocibus
484 2420 547 2487 ‚,ut,
572 2432 613 2485 re,
640 2413 688 2487 mi,
714 2414 755 2486 la,
780 2416 835 2488 sol,
862 2415 912 2475 la“
937 2415 1043 2475 eadem
1068 2414 1105 2474 ad
1122 2411 1289 2475 Calvisium
1313 2414 1429 2493 scripsi,
1456 2431 1532 2492 quae

177 2506 227 2567 hic
256 2503 374 2583 quaerit
402 2502 609 2563 Reinhardus:
648 2502 766 2563 seilicet
799 2502 911 2563 aboleri
942 2519 1050 2581 posse,
1086 2511 1117 2562 et
1140 2503 1204 2581 jam
1237 2503 1274 2564 de
1299 2504 1379 2564 facto
1404 2502 1534 2563 abolitas

178 2612 248 2654 esse
274 2592 292 2654 7
318 2592 432 2653 literis:
457 2612 485 2665 a,
510 2591 537 2662 b,
565 2611 590 2658 c,
615 2591 643 2664 d,
670 2611 694 2662 e,
721 2591 741 2662 f,
766 2593 819 2669 g,“
843 2591 980 2652 simodo
1004 2590 1069 2670 quis
1095 2600 1253 2651 assuescat
1277 2590 1458 2651 nominibus:
1483 2610 1533 2664 „a,

178 2683 225 2758 be,
251 2701 296 2754 ce,
322 2681 368 2754 de,
394 2700 419 2752 e,
446 2680 484 2752 ef,
510 2679 582 2757 ge.“

156 2813 164 2819 -
267 2768 532 2848 Comparationem
555 2768 631 2827 hanc
656 2768 851 2845 sphaerarum
875 2785 942 2827 curn
967 2767 1049 2828 sonis
1073 2765 1193 2828 musicis
1216 2766 1452 2828 Ptolemaeus
1477 2766 1534 2826 tri-

176 2859 233 2922 bus
258 2856 370 2919 ultimis
394 2856 543 2936 capitibus
569 2855 635 2917 libri
661 2855 742 2917 tertii
766 2855 1194 2935 Harmonicescomplecti
1220 2855 1327 2929 voluit,
1353 2856 1406 2916 sed
1430 2855 1534 2927 titulos

177 2947 388 3023 tantummodo
413 2945 563 3025 capitibus
587 2945 735 3023 praefixit.
783 2945 913 3005 Textum
939 2942 1093 3026 Gregoras
1117 2944 1248 3016 addidit,
1275 2946 1327 3005 sed
1352 2944 1480 3004 alienum
1504 2951 1536 3002 et

175 3036 430 3115 impertinentem,
455 3043 489 3094 ut
512 3033 701 3094 demonstrat
715 3032 897 3094 Baarlamus
922 3034 1095 3107 monachus,
1121 3051 1207 3112 quem
1223 3033 1309 3093 verti.
1347 3033 1535 3094 Difficultate

176 3125 322 3188 materiae
347 3122 502 3185 absterriti
525 3122 665 3202 progredi
690 3142 746 3184 uon
771 3130 943 3202 potuerunt.
983 3123 1017 3184 In
1043 3120 1249 3201 Cupernico
1274 3130 1343 3183 sunt
1367 3120 1464 3182 oruuia
1479 3139 1535 3180 ex-

175 3215 336 3294 peditiora.
384 3214 417 3274 In
443 3212 517 3273 libro
542 3212 583 3272 de
608 3211 736 3273 Stella
768 3231 833 3291 cap.
863 3208 911 3272 16.
944 3212 1078 3273 invenies
1111 3231 1217 3272 crassa
1239 3210 1379 3272 Minerva
1407 3227 1535 3288 propor-

175 3305 276 3365 tiones
300 3302 466 3365 celeritatis
494 3301 684 3379 planetarum
718 3300 746 3359 in
776 3300 975 3360 mediocribus
1004 3301 1067 3360 suis
1101 3299 1256 3361 distantiis
1284 3320 1304 3359 a
1327 3298 1408 3361 Sole.
1456 3299 1535 3359 Nam

175 3387 250 3471 bin
274 3412 334 3452 una
364 3391 437 3451 hora
461 3387 593 3450 absolvit
621 3388 761 3449 milliaria
785 3384 868 3460 300,
902 3383 1038 3460 04400,
1072 3385 1206 3463 6600,
1242 3389 1266 3462 ὅ
1293 3385 1375 3461 720,
1410 3382 1535 3459 9800,

176 3484 198 3558 Q
227 3477 318 3542 1000.
365 3480 461 3558 Igitur
483 3479 539 3539 hoc
562 3485 654 3556 pacto
678 3476 756 3536 inter
779 3471 799 3552 i)
824 3484 855 3536 et
878 3475 907 3549 0
932 3484 981 3536 est
1003 3482 1208 3554 dacasooupma
1231 3477 1386 3556 (quarta),
1411 3470 1432 3551 l}
1457 3482 1488 3534 et
1511 3480 1536 3542 d

175 3576 330 3632 dmuuoos
365 3569 524 3640 (octava),
558 3561 578 3641 li
604 3573 635 3626 et
660 3568 684 3641 ὃ
710 3571 847 3641 dicacior
874 3563 975 3624 mollis
1010 3573 1042 3625 et
1069 3571 1220 3625 dranceos
1253 3564 1360 3635 (tertia
1383 3562 1481 3623 mollis
1505 3573 1537 3621 et

176 3658 312 3730 octava),
337 3653 356 3721 ii
381 3664 413 3716 et
438 3653 462 3727 Ω
487 3654 656 3733 composita
679 3673 717 3713 ex
741 3663 827 3714 sexta
847 3655 922 3714 drrra
946 3661 1089 3714 etsexta
1112 3653 1202 3724 molli,
1228 3649 1249 3728 i)
1273 3659 1304 3713 et
1324 3654 1345 3727 Q
1368 3649 1536 3727 composita

175 3765 214 3809 ex
238 3755 326 3808 sexta
350 3746 424 3805 dura
447 3752 479 3803 et
502 3750 664 3814 deonacum,
688 3742 802 3816 Tletd
822 3749 955 3805 dianam
980 3741 1126 3822 (quinta),
1151 3741 1269 3815 'lietb
1293 3738 1463 3816 druppogoc
1485 3732 1533 3818 ⁵1„

175 3855 235 3898 non
260 3843 361 3896 tamen
385 3831 506 3909 ἀμελης,
532 3839 581 3894 est
605 3831 681 3892 enirn
706 3840 795 3891 sexta
819 3832 918 3892 mollis
944 3844 974 3892 et
999 3841 1087 3892 tonus
1111 3831 1215 3908 major,
1241 3829 1317 3904 'lter
1333 3828 1358 3902 Ω
1373 3832 1534 3895 bacuceos,

175 3926 297 4001 liet}
320 3929 456 4000 dicacior
480 3922 554 3982 dura
578 3929 610 3982 et
633 3926 795 3994 dianonus,
818 3928 890 3990 0¹et
905 3922 930 3995 ὅ
947 3926 1082 3999 taurosum

176 4191 284 4262 diesis,
317 4190 345 4250 b.
370 4208 397 4252 e.
429 4181 514 4269 ἰδίῃ,
549 4186 674 4265 denique
700 4186 778 4247 inter
803 4185 827 4258 Ω
852 4194 883 4247 et
906 4189 928 4264 b
951 4196 998 4246 est
1022 4192 1079 4246 tra·

177 4302 265 4361 rosor
288 4279 371 4341 dura.
419 4278 538 4349 Mirum,
565 4275 665 4336 omnia
689 4275 847 4336 intervalla
871 4294 939 4337 esse
959 4273 1077 4352 inrisio,
1097 4247 1505 4381 ἓῖΕ-ἑῖξ
1544 4345 1553 4357 Ι

177 4388 244 4432 cum
267 4387 324 4428 rron
344 4367 501 4446 cogitarim
527 4365 563 4425 de
588 4365 710 4436 musica,
737 4365 854 4442 qnando
879 4363 947 4424 illos
972 4383 1077 4424 nume·
1180 4368 1500 4450 *IL-{p

176 4478 227 4523 roa
260 4455 437 4519 concinnavi
469 4454 498 4514 in
531 4454 607 4514 libro
640 4453 676 4514 de
710 4452 819 4514 Stella.
866 4453 929 4513 Nec
964 4453 1078 4514 mutavi

177 4546 354 4628 quicquam,
388 4543 446 4605 nisi
469 4541 616 4616 Telluris,
650 4541 698 4602 ubi
723 4561 775 4620 pro
801 4536 865 4603 740
895 4542 1002 4619 scripsi
1036 4538 1109 4602 720.
1155 4543 1259 4621 Neque
1287 4550 1387 4601 tamen
1417 4540 1533 4601 excessi

176 4637 288 4699 limites
317 4633 427 4714 aphelii
460 4631 607 4704 Telluris,
641 4631 669 4690 iu
700 4650 757 4709 quo
786 4631 888 4692 Tellus
916 4631 1009 4691 currit
1039 4631 1135 4691 minus
1169 4650 1256 4711 quam
1286 4626 1351 4692 720
1381 4629 1531 4691 milliaria.

178 4725 307 4787 Telluris
338 4723 416 4783 enim
440 4727 539 4782 motus
563 4720 602 4780 ab
626 4720 743 4797 aphelio
772 4720 801 4780 in
825 4717 1000 4798 perihelium
1027 4719 1192 4782 intenditur
1222 4720 1311 4797 paulo
1337 4718 1433 4780 minus
1458 4718 1534 4780 diesi

182 4807 270 4899 Ἃ,
294 4811 412 4876 scilicet
440 4804 523 4895 ’'saa·
571 4808 681 4870 Martis
704 4826 775 4871 vero
798 4817 898 4870 motus
919 4807 1056 4888 perfecta
1079 4816 1169 4869 sexta
1190 4807 1274 4869 molli
1293 4800 1327 4890 ⁶),
1355 4807 1531 4872 intenditur.
