3428 5542
262 321 325 392 124
774 325 885 391 Mysterll
904 324 1104 392 GosmograplrIci

256 496 358 562 tates,
390 495 423 548 et
446 485 543 549 tribus
568 487 803 550 dimensionibus
827 495 988 550 constant:
1024 506 1093 549 narn
1117 487 1216 549 ideam
1239 486 1340 550 mundi
1363 487 1530 567 perfectam
1553 498 1622 546 esse

256 576 407 639 convenit.
456 575 594 638 Lineas
618 595 690 638 vero
714 585 745 638 et
768 577 990 656 superficies
1015 585 1155 651 rectas,
1181 585 1214 638 ut
1236 576 1380 651 infinitas,
1404 582 1438 637 et
1459 574 1545 656 prola
1569 593 1621 636 or-

256 665 335 727 dinis
351 664 472 726 minime
487 684 626 745 capaces,
652 685 668 726 e
689 666 797 726 mundo
815 665 910 740 finito,
935 664 1168 739 ordinatissimo,
1192 665 1392 745 pulcherrimo
1411 664 1577 744 ejiciamus.
1592 664 1637 735 ⁸).

255 754 386 819 Rursum
402 773 439 814 ex
463 754 692 833 corporibus,
718 773 842 834 quornm
857 755 998 816 infinities
1013 754 1129 816 infinita
1143 763 1213 817 suut
1227 773 1348 834 genera,
1373 753 1537 833 seligemus
1561 751 1622 814 ali·

256 861 315 923 qua
339 861 429 904 censu
454 842 557 904 habito
580 863 635 927 per
658 850 758 905 certas
783 852 891 916 notas3
914 852 998 923 puta,
1025 862 1101 922 qnae
1125 851 1178 905 aut
1202 844 1299 905 latera
1323 851 1375 904 aut
1398 841 1541 922 angulos,
1567 848 1623 902 aut

255 932 356 1013 plana,
380 931 563 1011 singolavel
581 932 708 1006 alterna,
734 932 781 994 vel
802 932 907 1012 quovis
930 932 1083 993 constanti
1105 932 1193 994 modo
1217 933 1314 995 mixta
1336 931 1471 992 habeant
1494 930 1622 992 invicem

256 1021 405 1101 aequalia,
429 1028 462 1082 ut
485 1020 531 1081 ita
553 1021 633 1082 bona
657 1041 722 1082 cum
747 1021 863 1083 ratione
888 1022 926 1082 ad
950 1021 1064 1082 finitum
1085 1021 1196 1103 aliquid
1216 1021 1363 1083 veniatur.
1397 1004 1486 1090 Quod
1501 1018 1527 1080 si
1542 1018 1622 1099 quod

255 1127 351 1190 genus
376 1128 531 1189 corporum
555 1129 610 1190 per
633 1119 732 1172 certas
756 1111 943 1171 conditiones
969 1110 1152 1190 descriptum
1175 1110 1255 1172 intra
1279 1109 1396 1189 species
1419 1109 1540 1190 quidem
1564 1127 1622 1170 nn·

256 1216 337 1261 mero
362 1187 463 1260 linitas
486 1199 642 1272 consistit,
672 1200 725 1260 sed
755 1209 855 1261 tanuen
885 1199 913 1261 in
943 1201 1095 1278 ingentem
1119 1217 1307 1262 numerorum
1330 1198 1448 1277 copiam
1471 1195 1623 1278 multipli-

255 1295 352 1362 catur,
378 1306 479 1349 eornm
503 1306 660 1368 corporum
685 1289 811 1367 angulos
834 1296 866 1349 et
890 1296 995 1349 centra
1016 1290 1172 1366 planomm
1195 1288 1394 1367 prolixarum
1417 1285 1619 1359 multitudine,

256 1376 473 1457 magnitudine,
497 1377 616 1457 situque
641 1376 891 1451 demonstrando,
917 1378 942 1438 si
965 1395 1139 1456 possumus,
1164 1377 1360 1439 adhibeamus
1375 1375 1423 1449 ¹’):
1449 1376 1496 1437 siu
1520 1382 1624 1437 anum

256 1463 283 1526 is
308 1463 392 1527 labor
416 1484 474 1526 oon
499 1475 548 1527 est
571 1465 717 1541 hominis,
749 1485 821 1545 ergo
852 1467 1002 1546 tantisper
1025 1466 1196 1527 differamus
1221 1465 1332 1528 numeri
1357 1484 1393 1526 ac
1417 1465 1495 1526 situs
1519 1481 1623 1525 earum

257 1554 406 1616 rationem
430 1574 593 1634 quaerere,
623 1555 692 1616 dum
721 1555 787 1634 quis
816 1553 903 1618 nobis
926 1556 966 1618 ad
988 1574 1078 1618 unum
1101 1573 1223 1630 omnes,
1254 1563 1328 1634 quot
1355 1561 1526 1635 quantaeve
1551 1551 1623 1624 sint,

256 1641 461 1722 descripserit.
500 1644 606 1705 Missis
631 1644 723 1723 Igitur
744 1645 811 1706 huis
836 1652 927 1724 atque
950 1643 977 1706 si
1001 1643 1173 1723 permissis,
1196 1643 1246 1724 qui
1271 1644 1354 1705 solus
1378 1650 1518 1705 numerat
1540 1641 1622 1704 mul·

255 1731 415 1793 titudinem
443 1732 618 1807 stellarum,
648 1741 680 1794 et
707 1733 842 1812 singulas
872 1733 988 1795 nomine
1016 1742 1108 1795 vocat
1140 1732 1237 1805 (Psal.
1267 1730 1364 1807 147),
1396 1730 1623 1811 sapientissirno

255 1819 378 1894 artifici,
404 1840 459 1881 nos
483 1822 586 1883 oculos
610 1821 649 1882 ad
673 1822 869 1902 propinquas,
897 1842 1007 1901 paucas
1032 1830 1063 1884 et
1086 1822 1212 1884 mobiles
1235 1829 1459 1884 convertamus.

344 1909 480 1990 Denique
504 1910 598 1990 Igitur
620 1910 770 1972 delectum
795 1930 950 1990 corporum
975 1913 999 1973 si
1024 1911 1226 1985 habuerimus,
1251 1918 1343 1990 atque
1366 1928 1487 1972 omnem
1509 1906 1625 1971 mlxto·

256 2015 321 2060 rum
344 1998 463 2061 turbam
487 1999 679 2079 ejecerimus,
710 1999 893 2061 retineamus
918 2020 988 2062 vero
1013 2000 1079 2061 sola
1103 2000 1174 2074 illa,
1206 2019 1329 2080 quorum
1352 1999 1454 2073 omnia
1476 1997 1569 2079 plana
1591 2005 1624 2058 et

257 2087 446 2168 aequilatera
469 2096 501 2149 et
525 2088 724 2168 aequiangola
748 2089 876 2162 fuerint,
908 2091 1068 2151 restabunt
1095 2089 1180 2150 nobis
1204 2089 1279 2151 haec
1303 2089 1431 2169 quinque
1461 2105 1624 2166 corpora

256 2175 458 2256 regularia,
485 2177 591 2257 quibus
608 2175 718 2239 Graeci
739 2179 813 2239 haec
833 2179 1000 2257 ascripsere
1024 2177 1152 2251 nomina,
1178 2177 1288 2240 cobus
1312 2198 1367 2239 seu
1389 2175 1620 2248 bexabdrnm,

256 2265 417 2346 pyramis
442 2285 494 2328 sen
523 2266 764 2341 corraeorum,
784 2262 1081 2335 'dodecaedrum
1114 2267 1359 2340 icosaedrum
1392 2264 1620 2327 octaedrom.

255 2349 403 2434 Quodque
427 2353 474 2416 bis
497 2354 626 2435 quinque
650 2355 736 2434 plura
760 2374 826 2416 esse
850 2374 908 2416 non
932 2357 1065 2436 possint,
1082 2359 1108 2429 ⁰)
1133 2357 1201 2417 vide
1225 2355 1344 2417 Euclid.
1371 2353 1422 2416 lib.
1446 2353 1524 2416 XIII
1550 2361 1623 2432 post

256 2459 341 2521 prop.
370 2440 410 2506 18
434 2444 579 2506 scholion.
596 2441 624 2515 ⁸¹)

344 2528 447 2601 Quare
471 2531 549 2595 sieut
573 2532 678 2594 horum
701 2532 842 2594 definitus
866 2541 897 2594 et
921 2533 1045 2613 exiguus
1070 2533 1229 2594 admodum
1253 2540 1302 2593 est
1325 2550 1473 2603 numerus,
1498 2539 1620 2592 cetero·

255 2638 320 2682 rum
343 2627 397 2682 ant
420 2620 652 2683 innumerabiles
676 2629 728 2683 aut
752 2621 885 2683 infinitae
914 2621 1051 2701 species,
1085 2622 1129 2684 ita
1158 2621 1258 2682 decuit
1281 2620 1312 2681 iu
1336 2621 1445 2682 mundo
1469 2618 1527 2680 duo
1553 2637 1623 2679 esse

255 2708 413 2772 stellarum
437 2730 568 2790 genera,
605 2710 736 2771 evidenti
768 2710 937 2771 discrimine
968 2711 1007 2772 ab
1037 2732 1069 2772 se
1094 2711 1220 2771 invicem
1244 2710 1403 2783 distincta,
1437 2706 1620 2786 (cujusmodi

258 2806 358 2860 motos
383 2806 415 2859 et
437 2801 521 2879 quies
545 2803 622 2873 est),
648 2818 770 2878 quornm
794 2819 882 2860 noum
907 2818 1001 2878 genus
1024 2799 1138 2862 infinito
1162 2799 1279 2870 simile,
1311 2807 1343 2860 ut
1366 2800 1461 2871 lixae,
1494 2796 1624 2858 alterum

256 2897 418 2966 augustum
443 2896 476 2948 ot
497 2888 649 2968 planetae.
697 2888 764 2950 Non
789 2899 839 2947 est
862 2888 949 2966 hujus
975 2890 1032 2950 loci
1060 2889 1216 2968 disputare
1240 2889 1277 2949 de
1309 2886 1429 2958 causis,
1462 2904 1515 2948 car
1546 2885 1621 2947 hacc

258 2985 447 3048 moveantur,
472 2977 525 3039 illa
548 2996 616 3038 non.
665 2975 727 3037 Sed
749 2976 858 3054 posito,
884 2977 962 3055 quod
986 2977 1126 3057 planetae
1151 2984 1234 3039 motu
1257 2975 1450 3055 indiguerint,
1475 2974 1620 3055 seqnitur,

257 3071 292 3125 nt
314 3065 392 3124 huuc
416 3064 605 3138 obticerent,
631 3064 774 3126 rotundos
798 3064 886 3126 orbes
911 3067 1047 3144 accipere
1071 3066 1221 3128 debuisse.
1238 3068 1266 3137 ·)

198 3166 201 3172 ’
348 3151 506 3215 Habemus
522 3153 623 3215 orbem
638 3162 761 3233 propter
775 3161 897 3227 motum,
922 3164 953 3215 et
977 3174 1103 3234 corpora
1125 3164 1247 3236 propter
1270 3173 1423 3215 numerum
1447 3159 1479 3212 et
1501 3150 1621 3230 mqui-

257 3239 434 3314 tudInestf)
459 3242 528 3321 quid
554 3251 651 3304 restat
674 3242 821 3322 amplius,
847 3244 915 3322 quin
940 3244 1075 3307 dicamus
1099 3264 1164 3307 cum
1190 3244 1326 3315 Platone,
1351 3247 1427 3303 osus
1448 3239 1496 3302 ἀει
1518 3261 1621 3318 raone

258 3350 345 3408 soso,
370 3338 460 3410 atque
484 3331 514 3392 in
540 3330 596 3392 hac
620 3331 772 3393 mobilium
797 3330 912 3392 fabrica
934 3352 1060 3413 corpora
1083 3334 1205 3396 orbibus
1225 3342 1256 3392 et
1271 3330 1359 3393 orbes
1375 3329 1551 3409 corporibus
1573 3328 1621 3390 in·

256 3418 416 3498 scripsisse
441 3420 601 3501 tantisper,
627 3421 695 3482 dum
720 3420 831 3481 nullum
856 3422 983 3500 amplius
1008 3442 1115 3502 corpus
1139 3429 1279 3491 restaret,
1304 3420 1383 3500 qnod
1405 3437 1463 3481 aron
1487 3417 1569 3479 intra
1591 3425 1624 3478 et

256 3514 345 3570 extra
368 3509 528 3572 mobilibus
551 3509 673 3571 orbibus
697 3510 840 3572 vestitum
864 3519 957 3571 esset.
1002 3512 1082 3572 liam
1105 3530 1143 3572 ex
1172 3508 1223 3584 13,
1251 3504 1306 3580 tt,
1335 3506 1383 3582 15,
1413 3502 1462 3580 16,
1490 3505 1528 3571 II
1554 3504 1621 3569 libri

254 3595 342 3660 XIII.
359 3597 495 3661 Euclidis
519 3599 619 3661 videre
643 3608 702 3670 est,
727 3617 815 3678 qnam
839 3598 913 3660 haec
937 3618 1063 3679 corpora
1087 3606 1195 3661 natura
1219 3618 1274 3659 sua
1298 3598 1361 3658 sint
1384 3604 1458 3677 apta
1481 3595 1521 3657 ad
1545 3595 1622 3659 banc

255 3686 482 3768 Inscriptionem
506 3697 538 3750 et
560 3688 876 3767 circumscriptionem.
923 3685 1025 3758 Quare
1056 3689 1080 3750 si
1113 3688 1240 3769 quinque
1269 3706 1397 3767 corpora
1419 3684 1623 3747 mediantibus

255 3785 289 3837 ct
321 3776 532 3840 claudentibus
565 3778 688 3840 orbibus
722 3777 891 3839 inserantur
923 3776 981 3839 sibi
1016 3787 1136 3851 mutuo,
1172 3775 1348 3839 habebimus
1381 3792 1535 3837 numerum
1567 3791 1622 3835 sex

255 3862 382 3926 orbium.

345 3950 433 4023 Quod
458 3953 483 4015 si
509 3954 610 4033 abque
634 3954 735 4016 mnndi
761 3963 848 4015 aetas
872 3954 928 4015 hoc
951 3961 1043 4034 pacto
1062 3954 1099 4014 de
1114 3953 1214 4015 mundi
1231 3952 1427 4032 dispositione
1443 3950 1622 4030 disputarit,

257 4045 291 4101 ut
313 4059 368 4103 sex
398 4042 486 4103 nrbes
516 4053 643 4121 poneret
671 4042 798 4104 mobiles
824 4043 904 4103 clrca
928 4041 1031 4104 Solem
1064 4042 1263 4116 immobilem,
1299 4042 1351 4103 illa
1383 4041 1486 4121 otique
1519 4058 1622 4103 reram

256 4130 471 4192 astronomiam
495 4130 632 4194 tradidit.
678 4131 792 4213 Atqui
816 4131 995 4210 ejusmodi
1027 4152 1091 4193 sex
1114 4132 1221 4194 orbes
1246 4131 1359 4192 habet
1382 4128 1622 4208 CopsrnIcns,

255 4236 391 4299 eosque
416 4218 521 4285 binos
545 4219 579 4281 in
603 4220 783 4300 ejusmodi
807 4220 849 4280 ad
875 4220 1032 4281 invicem
1056 4221 1312 4299 proportione,
1345 4229 1383 4281 ut
1405 4219 1495 4280 haec
1519 4217 1622 4298 quin·

256 4325 325 4387 que
353 4325 507 4389 corpora
536 4309 655 4370 omnia
685 4308 878 4389 aptissime
909 4308 1135 4370 interlocuti
1167 4310 1331 4389 possint,
1364 4327 1456 4388 quae
1488 4325 1623 4370 summa

256 4396 330 4460 erit
352 4415 475 4458 eornm
504 4415 595 4477 quae
623 4408 834 4478 sequuntur.
882 4396 984 4468 Quare
1008 4399 1158 4478 tantisper
1182 4399 1348 4461 andiendus
1373 4407 1437 4468 est,
1462 4395 1532 4458 dum
1557 4395 1623 4476 quis

256 4494 309 4548 aut
333 4487 467 4565 aptiores
492 4486 530 4546 ad
555 4487 629 4548 haec
644 4487 906 4568 philosophemata
920 4488 1080 4567 protulerit
1094 4488 1286 4569 hypotheses,
1312 4496 1365 4547 aut
1387 4486 1533 4559 docuerit,
1558 4485 1619 4546 t'or·

256 4574 333 4636 tuito
358 4577 387 4636 in
418 4594 555 4637 numeros
585 4586 674 4656 atque
704 4577 732 4637 in
765 4588 895 4637 ruentem
930 4576 1055 4637 hominis
1088 4576 1218 4656 irrepere
1252 4596 1362 4657 posse,
1396 4574 1474 4654 quod
1506 4574 1624 4652 optima

257 4665 372 4725 ratione
397 4685 434 4727 en
459 4664 533 4743 ipsis
558 4674 683 4726 naturae
715 4665 870 4743 principiis
901 4665 1061 4726 deductum
1086 4675 1143 4728 est.
1190 4667 1269 4728 Nam
1302 4666 1370 4744 quid
1404 4663 1623 4733 admirabilius,

257 4752 327 4828 qnid
351 4754 389 4813 ad
414 4754 653 4833 persuadendum
678 4755 933 4815 accommodatius
953 4754 1011 4816 dici
1037 4765 1087 4814 aot
1113 4755 1184 4833 tiogi
1207 4763 1325 4835 potest,
1359 4772 1449 4834 quam
1471 4752 1551 4834 quod
1574 4772 1622 4821 ea,

258 4859 335 4920 quae
351 4843 535 4923 Copernicus
559 4862 596 4904 ex
611 4864 812 4923 occupatore,
835 4861 873 4905 ea
897 4843 1064 4917 effectibus,
1090 4862 1128 4906 ex
1151 4843 1379 4926 posterioribus,
1402 4841 1490 4924 quasi
1512 4859 1646 4947 castrus⁸
