3428 5542
600 346 929 415 Ascolcgisecsrtioribm.
1378 346 1443 417 421

86 508 164 573 tiore
187 525 247 571 non
270 504 471 581 sufficientes,
494 514 528 571 et
549 506 764 587 utplurimum
787 506 999 588 imaginarias,
1022 525 1119 571 vanas
1142 514 1175 572 ct
1197 509 1312 585 falsas,
1335 507 1446 591 partim

86 598 213 678 denique
236 595 356 659 omnino
380 597 495 672 nullas,
518 595 724 658 enthusiasmo
748 595 896 658 calamum
918 595 1145 676 permittentem
1175 616 1232 678 quo
1260 597 1394 678 abrepti,
1417 597 1446 661 si

86 705 190 749 verum
213 685 363 748 interdurn
386 685 508 760 dicant,
533 685 671 747 fortunae
695 684 886 748 tribuendum
910 692 973 759 est,
1006 685 1052 748 sin
1076 686 1198 766 saepius
1235 695 1267 748 et
1293 693 1327 747 ut
1348 687 1445 767 pluri·

86 794 176 850 mum,
200 773 240 836 ab
264 773 365 836 altiori
389 782 421 837 et
446 773 563 836 occulto
587 773 687 853 aliquo
710 772 855 835 instinctu
878 773 909 835 id
932 773 1079 853 proticisci
1101 775 1267 857 putandum
1289 782 1349 838 est.

658 861 790 923 Thesis
812 861 870 923 IV.

173 949 325 1030 Physicae
355 968 465 1011 causae
498 947 616 1029 aliquae
645 949 684 1011 ab
708 950 844 1012 omnibus
868 958 1083 1030 agnoscuntm‚
1110 949 1227 1031 aliquae
1251 971 1271 1013 a
1293 951 1444 1032 paucissi-

85 1038 157 1103 mis:
182 1040 280 1101 multa
303 1056 418 1118 quoqne
444 1036 579 1100 existunt
601 1038 781 1101 naturaliter
804 1037 942 1119 quidem,
977 1040 1032 1102 sed
1059 1060 1098 1102 ex
1126 1040 1228 1103 causis
1250 1040 1323 1103 nulli
1346 1041 1445 1104 adhuc

85 1129 236 1191 homiuum
259 1126 399 1207 cognitis.
444 1126 488 1188 Et
510 1145 669 1189 cansarum
693 1146 767 1209 quas
791 1135 880 1190 notas
904 1128 1067 1204 hahemus,
1093 1128 1171 1192 aliae
1199 1137 1287 1205 sunt,
1319 1149 1445 1211 quarum

85 1218 205 1281 modum
230 1216 432 1279 strationem
455 1215 652 1278 communiter
675 1234 778 1278 omnes
807 1216 1019 1296 intelligimus3
1047 1217 1141 1290 aliae,
1171 1237 1297 1299 quarum
1324 1221 1445 1283 modum

87 1325 143 1370 seu
166 1325 276 1369 causas
299 1304 467 1367 mediantes
490 1304 539 1366 vel
561 1304 734 1384 paucissimi
758 1304 939 1384 intelligunt,
963 1306 1012 1369 vel
1034 1325 1132 1368 nemo.

661 1393 797 1456 Thesis
820 1394 861 1455 V.

174 1478 423 1555 Generalissima,
449 1480 615 1544 fortissima
637 1488 670 1543 et
691 1482 861 1544 certissima
883 1501 987 1557 causa,
1010 1491 1086 1545 nota
1107 1483 1244 1547 omnibus
1264 1481 1443 1561 hominibus,

84 1581 135 1636 est
155 1568 257 1634 Solis
282 1588 424 1633 accessus
448 1577 480 1632 et
502 1589 650 1633 recessus.
696 1571 729 1633 Is
760 1570 862 1651 itaque
895 1570 976 1633 circa
1002 1572 1144 1636 natalitia
1168 1571 1284 1638 Christi
1306 1571 1445 1637 brumam

84 1660 212 1735 conficit,
237 1657 284 1721 die
308 1657 451 1720 videlicet
474 1655 527 1722 21.
543 1659 729 1733 Decembris,
753 1660 843 1740 paulo
868 1667 938 1721 ante
961 1667 1081 1723 sextam
1102 1661 1354 1742 pomeridianam:
1377 1661 1443 1723 sol-

83 1749 198 1813 stitium
220 1767 292 1811 vero
316 1747 363 1810 die
387 1744 441 1810 21.
464 1747 696 1810 Juniidimidia
718 1748 876 1811 undecima
899 1749 1006 1813 noctis.
1040 1750 1108 1814 lllic
1131 1751 1234 1832 itaque
1257 1747 1353 1829 frigus
1367 1749 1443 1834 hye-

83 1839 171 1910 male,
194 1835 243 1901 hic
267 1837 366 1900 fervor
389 1836 524 1899 aestivus
547 1836 615 1899 erit.

658 1924 791 1986 Thesis
815 1924 873 1986 VI.

171 2014 281 2077 Modus
303 2031 414 2076 causae
435 2020 525 2092 patet
547 2032 585 2074 ex
607 2013 811 2093 sequentibus.
857 2013 977 2093 Pragae
1009 2014 1209 2078 Bohcmorum
1237 2021 1286 2077 est
1313 2013 1443 2077 altitudo

83 2105 146 2186 poli
171 2101 214 2168 50
237 2099 278 2166 G.
303 2099 335 2164 5⁴
358 2097 434 2165 45⁴¹.
480 2101 653 2164 Declinatio
684 2120 757 2176 uero
788 2101 945 2181 eclipticae
969 2103 1026 2164 hoc
1049 2104 1151 2167 seculo
1175 2100 1217 2166 23
1241 2101 1280 2165 G.
1305 2100 1359 2166 31⁴
1379 2101 1444 2168 30⁴¹

83 2201 118 2257 ιιι
145 2212 212 2255 eam
240 2189 438 2271 deprehendit
464 2190 596 2271 phoenix
627 2191 679 2253 ille
703 2197 941 2254 astronomorum
964 2192 1067 2273 'lycho
1089 2192 1208 2267 Brahe;
1239 2210 1325 2272 quern
1349 2211 1444 2273 nuper

82 2282 246 2345 amisimus.
278 2277 472 2359 ItaqueSol,
490 2281 537 2360 qni
562 2279 649 2342 nobis
674 2288 779 2342 auctor
801 2278 912 2342 caloris
936 2287 993 2355 est,
1018 2281 1124 2364 hyeme
1148 2282 1331 2365 conplures
1354 2300 1444 2363 quam

83 2370 218 2433 lhoras
247 2377 279 2432 et
311 2363 355 2432 49
388 2370 530 2447 scrupula
569 2388 662 2451 supra
693 2367 879 2430 horizontem
914 2367 1014 2443 lucet,
1048 2376 1080 2430 et
1112 2369 1157 2430 sic
1189 2370 1273 2432 brevi
1307 2377 1442 2450 ternpore

82 2467 218 2522 nostrum
242 2464 341 2520 aerem
365 2456 498 2532 calfacit,
524 2457 613 2539 duplo
638 2475 709 2519 vero
724 2456 835 2518 diutius
855 2465 888 2518 et
902 2457 1029 2536 amplius
1044 2457 1124 2521 infra
1138 2457 1325 2520 horizontem
1343 2459 1443 2521 lateus

11 2575 14 2582 ·
83 2547 304 2612 acalsactione
328 2554 439 2608 cessat.
488 2544 604 2609 Contra
634 2564 706 2607 vero
735 2552 855 2608 aestate
882 2541 921 2609 16
945 2546 1081 2626 integras
1104 2547 1194 2608 horas
1223 2555 1255 2609 et
1288 2545 1330 2609 22
1354 2566 1442 2610 scru-
1526 2565 1541 2615 f
1615 2563 1622 2570 ·

80 2637 155 2719 puls
176 2655 270 2716 supra
290 2634 477 2697 horizontem
499 2635 529 2697 in
554 2634 733 2697 callactione
756 2633 905 2713 persistit,
928 2633 1084 2717 minusque
1108 2636 1229 2698 dimidio
1251 2645 1384 2717 tempore
1403 2637 1442 2699 ab

82 2726 258 2809 operatione
282 2731 394 2787 cessat.

643 2809 778 2872 Thesis
801 2810 874 2873 VH.

171 2901 238 2965 Aer
261 2907 362 2965 autem
384 2908 505 2975 noster,
536 2906 625 2961 utet
648 2918 727 2981 aqua
750 2907 781 2961 et
804 2907 888 2961 terra
911 2900 1073 2980 (quatenus
1097 2899 1276 2964 elementum
1299 2904 1361 2977 est)
1385 2901 1444 2965 nisi

82 2990 224 3057 continuo
248 2991 388 3063 calliant,
411 2989 517 3052 statim
540 2989 579 3049 ed
603 2995 742 3051 naturam
765 3007 851 3051 suam
874 2989 1017 3064 redeunt,
1042 2996 1074 3051 et
1097 2987 1275 3067 frigescunt.
1320 2991 1444 3053 Falsum

81 3080 162 3146 enim
184 3087 234 3144 est
254 3079 329 3142 illud
352 3077 548 3141 Aristotelis:
573 3076 664 3139 Aeris
688 3085 828 3140 naturam
850 3096 905 3157 per
928 3097 961 3139 se
985 3096 1054 3140 esse
1077 3077 1218 3141 calidam.

636 3165 776 3228 Thesis
801 3166 890 3229 VIII.

171 3255 321 3337 Quicquid
344 3255 423 3317 enim
446 3250 574 3317 materici
597 3253 775 3335 participat,
810 3261 958 3335 quatenns
982 3273 1020 3315 ea
1041 3254 1220 3336 participat,
1254 3275 1310 3318 sua
1334 3260 1443 3324 natura

84 3346 224 3426 frigidum
247 3353 305 3407 est
331 3344 481 3424 Quicquid
504 3361 574 3405 vero
597 3351 751 3423 potestate
775 3343 904 3404 calidum
928 3349 986 3416 est,
1009 3342 1041 3404 id
1064 3343 1159 3406 hahet
1181 3363 1248 3408 eam
1267 3352 1444 3407 naturama

83 3435 113 3497 vi
137 3433 258 3498 animali
282 3441 336 3497 aut
359 3433 462 3507 insita,
487 3441 540 3495 ant
563 3450 609 3507 ea,
634 3451 710 3512 quae
734 3450 767 3492 se
790 3431 957 3510 progenuit.

156 3575 160 3585 .
653 3518 788 3582 Thesis
811 3518 867 3582 IX.

171 3610 283 3674 Altera
306 3617 338 3672 et
360 3609 461 3690 potior
484 3629 586 3679 causa,
611 3627 663 3671 cur
681 3608 736 3671 Scl
760 3609 840 3669 altus
863 3609 931 3688 plus
955 3606 1108 3683 calleciat,
1132 3626 1222 3688 quam
1245 3606 1373 3681 humilis,
1395 3616 1444 3671 est

83 3702 169 3774 haec,
194 3701 272 3780 quod
295 3699 349 3762 Sol
374 3697 495 3762 humilis
519 3697 637 3777 oblique
662 3705 693 3759 et
716 3696 856 3760 debiliter
879 3695 1064 3760 horizontem
1087 3706 1222 3759 nostrum
1245 3695 1332 3771 ierit,
1362 3695 1443 3758 altus

83 3808 155 3852 vero
178 3789 288 3870 angulo
311 3788 409 3869 magis
432 3795 515 3850 recto
540 3795 572 3849 et
595 3787 712 3849 fortius.
759 3784 901 3862 Causam,
926 3805 978 3848 cur
992 3785 1073 3848 Solis
1097 3785 1200 3848 radius
1223 3783 1443 3849 immaterietus

84 3878 132 3940 hic
155 3879 235 3940 idem
257 3885 403 3961 praestet,
429 3876 508 3958 qnod
531 3876 633 3938 solent
656 3893 782 3955 corpora
805 3875 901 3938 densa
923 3875 1155 3956 materiataqne,
1179 3875 1248 3937 dum
1266 3874 1442 3938 sibimutuo

84 3967 297 4048 impinguntur,
320 3985 408 4029 uerno
431 3967 577 4029 hactenus
601 3964 753 4114 expsscffre
768 3964 886 4115 pegigit.

721 4073 797 4115 esrs
853 4100 861 4116 .

172 4145 279 4224 Itaque
304 4162 370 4206 cnm
394 4142 449 4206 Sol
473 4149 592 4205 aestate
617 4142 782 4222 quadruplo
807 4142 869 4205 fere
893 4141 983 4204 altius
1006 4140 1126 4219 Pragae
1155 4140 1320 4221 pervadat,
1355 4159 1443 4223 qnam
1539 4183 1544 4192 -
1580 4196 1586 4203 .

83 4231 209 4316 hyeme:
245 4239 277 4295 et
308 4231 396 4312 hujus
429 4240 462 4293 et
488 4231 652 4312 superioris
675 4249 785 4293 causac
809 4230 1018 4311 conjunctione
1042 4229 1193 4317 seqnitur,
1227 4231 1292 4311 ejus
1320 4230 1441 4306 caloris,

83 4321 134 4402 qui
164 4342 185 4384 a
214 4321 287 4384 Sole
320 4321 359 4383 ad
391 4321 543 4384 elementa
565 4320 613 4383 die
638 4320 753 4382 aestivo
778 4319 954 4400 longissimo
977 4318 1149 4394 descendit,
1182 4318 1231 4381 die
1263 4319 1442 4382 brevissimo

82 4418 202 4491 partem
224 4419 366 4473 octavam
388 4428 448 4472 nou
467 4411 534 4490 plus
553 4428 722 4490 superesse.

657 4498 792 4560 Thesis
815 4496 870 4560 XI.

172 4585 234 4651 Sed
258 4606 354 4669 neque
376 4587 452 4650 haec
476 4593 587 4649 octava
609 4606 681 4668 pars
704 4586 814 4650 caloris
838 4604 914 4668 quae
937 4585 1044 4668 hyeme
1067 4592 1223 4664 superest,
1255 4584 1341 4646 nobis
1368 4599 1442 4666 pro·

83 4679 155 4742 dest
186 4676 294 4740 omnis.
341 4677 420 4740 Nam
448 4675 502 4739 Sol
535 4676 639 4758 hyeme
666 4694 772 4756 parum
804 4695 897 4757 supra
925 4673 1110 4737 horizontem
1142 4683 1277 4737 noenum
1306 4675 1442 4738 elevatus

83 4784 220 4832 craesum
251 4774 387 4830 nostrum
420 4772 521 4828 aerem
549 4765 646 4846 magis
675 4786 713 4827 ex
737 4765 857 4845 obliquo
881 4764 974 4827 habet
1001 4761 1179 4842 oppositum.
1224 4762 1330 4826 Posito
1354 4763 1442 4839 enim,

83 4856 163 4938 quod
185 4853 359 4937 superficies
381 4852 484 4938 vapidi
508 4855 599 4930 acris,
624 4854 674 4936 qui
693 4854 833 4936 refringit
851 4853 990 4916 Solarem
1013 4850 1139 4928 radium,
1165 4850 1247 4914 absit
1269 4851 1443 4917 anobirin
