3428 5542
246 330 290 398 88
845 330 1008 386 Prooemium

246 494 310 556 Ime
334 493 399 556 aluo
428 494 458 556 iu
486 494 544 555 eirn
567 493 765 575 knuetatuckh
789 513 826 555 zu
849 493 1020 556 eriorschen
1039 500 1243 557 vnvonnbtten
1263 512 1338 577 aeyn
1360 493 1486 557 wderdt.
1528 495 1607 556 Far·

248 588 315 645 sten
345 581 405 644 vod
428 582 510 645 Hern
541 583 639 645 haben
663 582 789 644 solliche
819 582 928 644 saclren
959 583 1042 644 nicht
1073 603 1130 645 von
1155 584 1209 645 des
1240 583 1394 663 tilgiichen
1419 580 1606 655 Gebrancbs,

247 671 375 734 eouderu
398 688 456 732 von
481 672 536 733 der
562 671 663 734 Kouet
694 690 813 751 wegen:
848 671 895 732 die
919 672 1011 733 kunst
1034 672 1107 734 aber
1142 671 1284 734 bestehet
1305 671 1335 733 in
1359 670 1528 735 imitatione
1549 691 1608 734 na·

246 765 349 835 turae,
374 760 414 821 da
436 779 469 821 ee
493 759 577 822 nicht
599 760 655 822 mit
676 759 805 839 Zeigem
829 760 967 839 augebat.

335 848 416 911 Wan
441 849 515 911 aber
538 849 585 911 die
610 849 683 911 sach
711 849 766 909 mit
789 856 873 911 ernst
897 849 1097 927 anzugreiffen
1122 855 1219 922 wilre,
1255 846 1346 928 glaub
1375 847 1424 910 ich
1447 846 1518 924 rrol,
1552 848 1610 910 dae

247 936 304 1000 mir
326 937 398 999 sehr
420 937 623 999 betirrderlich
647 957 718 1018 seyn
744 938 861 1011 wiirde,
887 939 998 999 andere
1022 937 1213 1017 dergleicben
1233 936 1367 1000 Werclrh
1392 934 1469 998 auch
1492 956 1529 998 zu
1551 936 1608 998 be-

248 1024 413 1104 sichtigen,
448 1027 507 1088 dau
540 1027 593 1088 Ich
617 1025 682 1088 biss
706 1025 778 1087 dato
810 1026 899 1088 khein
924 1026 1051 1087 auderes
1075 1027 1226 1105 geschen‚
1260 1027 1307 1088 als
1336 1026 1391 1088 vie
1422 1025 1463 1087 im
1485 1025 1611 1088 Bericht

246 1115 414 1176 sermeldet
440 1115 570 1176 worden.
617 1114 722 1176 Wolte
744 1113 796 1176 Ich
820 1115 891 1176 Wol
924 1116 1031 1187 seben,
1065 1115 1103 1176 ob
1132 1116 1214 1177 eines
1242 1114 1392 1195 geiuuden
1420 1114 1537 1184 nilide,
1570 1115 1609 1176 da
1703 1191 1706 1199 Ι

247 1202 374 1277 beedes,
408 1202 536 1266 imitatio
570 1212 695 1267 naturae
726 1211 758 1265 et
789 1203 904 1265 indices
936 1204 994 1285 bey
1021 1204 1174 1266 einander.
1222 1203 1290 1266 Dan
1323 1203 1420 1265 meins
1448 1203 1612 1266 arachtene

247 1290 345 1354 khaus
368 1291 453 1354 nicht
476 1311 568 1374 eeyn,
593 1293 651 1353 dan
676 1311 710 1353 es
733 1290 826 1354 leidet
848 1292 886 1354 Je
909 1292 975 1354 eins
998 1292 1054 1354 das
1078 1293 1172 1355 ander
1189 1291 1285 1366 nicht,
1311 1293 1370 1354 und
1390 1291 1537 1354 istallein
1562 1291 1611 1355 die

250 1379 330 1460 lrap,
355 1379 489 1443 wblliche
514 1381 607 1443 under
630 1382 725 1443 denen
750 1380 936 1443 kunstlicher
958 1381 1017 1442 vnd
1042 1381 1206 1445 zierlicher.

336 1468 481 1532 Bisshero
504 1487 573 1531 vom
598 1469 741 1535 Werckh.
788 1468 858 1532 Jam
882 1470 920 1531 ad
944 1469 1015 1532 alia.

317 1609 376 1661 lam
393 1609 531 1674 Keplerus,
555 1610 652 1660 rediens
672 1610 704 1661 ad
723 1616 867 1660 consuetum
885 1623 1037 1666 sermonem,
1063 1608 1141 1658 latine
1160 1610 1241 1675 pergit
1259 1608 1292 1660 ad
1310 1607 1511 1675 chronologiam,
1537 1621 1614 1674 qum

247 1681 356 1746 pluribus
373 1687 427 1730 tum
444 1695 488 1745 per
505 1680 591 1731 literas
610 1695 666 1730 curn
684 1680 818 1731 Maestlino
837 1681 1052 1745 perscrutabatur.
1073 1686 1099 1730 et
1117 1680 1256 1733 concludit.
1275 1679 1444 1746 theologorum
1461 1681 1614 1731 mancae

246 1752 387 1817 ponderans
407 1750 535 1815 Coperuici
553 1754 694 1803 sententiae
712 1754 808 1802 eminus
826 1752 1009 1818 obloquentium
1027 1748 1087 1811 (rid.
1106 1766 1181 1814 snpra
1200 1768 1223 1816 p.
1235 1748 1290 1813 ³8).

320 1876 392 1927 Haec
410 1882 509 1926 nutum
528 1875 559 1925 de
577 1890 651 1940 opere
670 1875 816 1927 mechanico
836 1876 923 1926 addit:

336 1965 431 2028 Tuam
460 1983 591 2044 agnosco
621 1966 709 2027 fidem
746 1974 891 2045 perpetua
921 1965 1106 2045 gratitudine
1139 1966 1362 2028 celebrandam.
1409 1964 1535 2028 Utinam
1570 1964 1615 2027 ita

246 2072 296 2119 rea
320 2054 517 2134 expediatur,
551 2061 584 2115 ut
608 2065 732 2134 uterque
757 2055 912 2117 laetemur.
960 2053 1099 2129 Quaeso,
1135 2055 1161 2116 si
1183 2056 1282 2117 minus
1305 2072 1482 2133 responsum
1507 2054 1612 2117 statim

246 2163 405 2224 accepero,
430 2141 561 2218 scribas,
591 2144 660 2224 quid
685 2144 814 2204 futurum
838 2163 974 2206 censeas.
1021 2144 1055 2205 In
1081 2145 1202 2206 decreto
1226 2144 1330 2205 videor
1354 2160 1521 2222 agnoscere
1546 2142 1611 2205 Lu·

247 2251 313 2295 cam
338 2230 533 2295 Osiaudrum.

316 2372 434 2422 Latinum
447 2373 572 2437 scriptum,
591 2372 655 2436 quod
669 2374 695 2422 in
708 2372 865 2437 romanabus
877 2373 954 2423 literis
966 2377 1089 2421 memorat
1105 2371 1262 2429 Maestlinus,
1276 2372 1354 2422 deest
1374 2370 1482 2424 Schema
1495 2372 1529 2424 ad
1540 2385 1612 2438 prae·

246 2444 321 2495 missa
339 2445 465 2507 pertinens
484 2457 499 2493 a
517 2444 587 2493 uobis
606 2445 721 2494 omissum
740 2451 785 2504 est,
806 2444 871 2509 quod
890 2451 916 2494 et
933 2446 1027 2506 majore
1044 2444 1123 2493 torma
1136 2450 1203 2494 esset
1214 2443 1390 2509 effingendum,
1410 2451 1445 2502 et,
1464 2458 1530 2508 quae
1543 2444 1613 2509 Kep-

246 2514 311 2566 lerus
329 2517 456 2579 proponit,
476 2516 552 2564 etiam
571 2516 662 2565 omissa
680 2515 846 2566 delineatione
867 2515 971 2578 intelligi
989 2521 1099 2576 possunt

318 2586 356 2636 Ex
374 2586 501 2636 Maestlini
523 2586 601 2636 literis
627 2584 662 2647 (d.
683 2588 707 2638 d.
727 2585 752 2635 4.
773 2583 840 2647 (li.)
860 2586 910 2635 Jul.
932 2582 1011 2646 1598)
1037 2585 1197 2649 responsoriis
1221 2585 1285 2635 baec
1308 2585 1486 2636 desnmsimus:
1520 2587 1615 2650 Accepi

247 2657 402 2708 heriliteras
420 2664 476 2707 tuas
496 2673 550 2707 cum
569 2658 654 2706 rotulis
674 2658 806 2722 (exparte
826 2653 988 2717 confractis).
1017 2656 1050 2706 ad
1076 2656 1257 2721 designandum
1283 2657 1358 2705 auimi
1382 2658 1417 2706 tui
1443 2658 1572 2707 intentum
1588 2659 1614 2707 in

246 2729 391 2780 fabricando
410 2744 483 2793 opere
502 2732 675 2779 aauonomieo.
712 2730 857 2780 Institutum
876 2735 945 2778 tunm
969 2727 1027 2778 mihi
1052 2727 1184 2777 admodum
1202 2726 1293 2792 placet.
1332 2726 1401 2776 Deus
1418 2727 1542 2793 largiatur
1560 2728 1614 2779 isil-

246 2801 371 2852 cissimum
390 2815 538 2851 successum.
576 2801 648 2865 Ego,
677 2807 808 2865 postquam
835 2800 976 2865 diligentius
999 2798 1109 2864 relegero
1136 2805 1162 2848 et
1188 2799 1271 2849 omnia
1288 2797 1438 2848 sufficienter
1456 2801 1615 2862 pensitarero

248 2868 300 2934 (ut,
323 2872 343 2920 si
363 2874 489 2935 quaesitus
508 2873 583 2932 fuero,
603 2873 752 2935 respondere
775 2868 891 2933 possim),
919 2871 1010 2920 curabo
1034 2871 1066 2920 ad
1085 2869 1121 2918 ill.
1142 2871 1276 2932 principem
1293 2869 1428 2919 transferri.
1467 2870 1612 2921 Maluissem

248 2948 332 2993 antem
350 2948 479 3006 utrumque
498 2950 567 2992 tuum
585 2945 718 3006 scripturn,
745 2944 919 2992 Germanicum
939 2947 965 2991 et
982 2941 1100 2993 Latinum
1126 2938 1237 3004 (praeter
1256 2940 1386 3003 epistolam
1405 2941 1438 2990 ad
1455 2957 1496 2991 me
1516 2942 1612 2995 datm

154 3070 163 3077 ⁸
196 3070 204 3082 .
246 3026 311 3078 quae
330 3014 406 3061 etiam
424 3015 535 3076 privata.
555 3027 619 3077 quae
637 3015 702 3064 inter
719 3028 764 3063 uos
783 3019 868 3062 mutuo
886 3019 958 3067 sunt.
979 3009 1114 3073 continet),
1133 3027 1183 3060 nou
1201 3011 1261 3060 mihi
1283 3012 1402 3075 inscripta
1419 3026 1492 3069 ease,
1511 3012 1557 3064 sed
1575 3013 1613 3064 sel

246 3082 391 3142 indefinite,
410 3090 529 3148 tanquam
548 3084 580 3134 ad
599 3086 708 3148 quemvis
726 3085 851 3141 lectorem,
871 3084 908 3133 rel
928 3083 962 3135 ad
980 3085 1060 3147 ipsum
1077 3083 1211 3147 principem
1230 3083 1308 3132 luisse
1327 3083 1430 3133 directa.
1462 3082 1531 3134 Nam
1549 3098 1614 3148 qnae

245 3155 273 3205 iu
289 3155 414 3218 prooemio
435 3154 560 3212 ,delensis
578 3156 711 3219 propositi“
732 3157 767 3205 tui
787 3164 838 3211 est.
863 3170 913 3220 qua
934 3154 1063 3218 „exempla
1080 3154 1180 3203 retera⁸⁸
1201 3154 1260 3202 milri
1278 3154 1382 3208 recitas.
1410 3154 1468 3204 mihi
1487 3156 1612 3208 dicmur.

247 3226 318 3290 qussi
336 3226 380 3275 tibi
400 3227 535 3276 contrarius
560 3227 675 3282 finissem,
702 3228 806 3291 ideoque
830 3230 866 3277 tui
891 3228 1008 3291 propositi
1031 3225 1090 3276 mihi
1114 3227 1221 3275 rationes
1240 3225 1345 3275 luissent
1369 3225 1532 3283 reddendae,
1556 3241 1614 3277 eum

247 3303 333 3347 tamen
352 3296 415 3346 haec
434 3297 522 3346 eadem
541 3299 653 3362 exempla
671 3314 718 3363 ego
738 3307 797 3349 ante
820 3301 941 3354 noverim.
968 3303 1085 3361 tuumque
1108 3297 1154 3346 hoc
1180 3298 1307 3346 inventum
1333 3310 1399 3347 nnuc
1423 3297 1557 3361 aliquoties
1575 3297 1613 3348 nt

247 3368 350 3433 principi
365 3367 396 3418 de
408 3369 502 3431 optima
514 3376 575 3419 nota
588 3370 820 3426 commendaverim,
839 3377 873 3427 et,
894 3372 914 3419 si
933 3376 960 3418 tn
980 3370 1098 3435 languere
1117 3368 1243 3425 voluisses,
1262 3367 1321 3418 mihi
1338 3369 1500 3425 incubuisset,
1519 3376 1549 3418 ut
1567 3385 1615 3436 eqo

247 3439 315 3491 hisce
333 3438 449 3501 exemplis
467 3447 493 3489 te
512 3455 661 3491 revocarem.
700 3440 750 3491 Sed
769 3440 802 3490 ad
820 3445 928 3492 tertium.
948 3443 1061 3491 nimirem
1079 3439 1118 3488 rel
1136 3440 1269 3502 principem
1298 3438 1335 3489 sel
1355 3439 1380 3489 in
1399 3453 1491 3504 genem
1511 3441 1545 3491 ad
1563 3440 1613 3492 lee-

247 3516 340 3570 toreus,
360 3517 389 3559 nt
407 3518 433 3559 et
451 3513 516 3573 ipse,
539 3511 598 3561 licet
616 3514 693 3575 primo
712 3512 803 3561 intuitu
821 3528 870 3562 non
890 3513 1027 3576 intelligat,
1053 3510 1243 3559 oblectationem
1261 3511 1287 3559 in
1306 3524 1336 3559 eo
1356 3518 1475 3573 quaerat.
1503 3511 1614 3562 deimslo

247 3581 311 3633 haec
330 3581 459 3647 dirigenda
477 3584 572 3633 inisset.
587 3618 593 3631 .
609 3616 636 3631 ..
673 3582 769 3632 Videbo
788 3590 885 3640 tamem
910 3585 930 3632 si
948 3583 1024 3632 rerba
1041 3581 1085 3630 illa
1108 3580 1147 3631 rel
1170 3587 1267 3630 mutare
1295 3581 1332 3630 sel
1356 3582 1487 3631 obliterare
1511 3584 1611 3647 possim,

247 3668 279 3703 ne
299 3652 363 3702 Cels.
383 3654 459 3717 ipsius
478 3655 613 3713 existimet,
638 3669 678 3703 rue
697 3654 764 3704 aliud
783 3655 840 3718 ipsi,
860 3655 1008 3704 contrarium
1031 3653 1075 3702 tibi
1103 3653 1244 3715 scripsisse,
1269 3652 1335 3702 unde
1353 3653 1515 3704 metuendum
1535 3661 1610 3710 esset.

247 3738 279 3775 ue
297 3731 376 3773 totum
394 3725 440 3775 hoc
457 3734 527 3774 tunm
546 3726 672 3775 inventum
691 3731 717 3775 et
736 3740 796 3788 opus
815 3725 881 3790 apud
901 3724 964 3774 cels.
984 3725 1060 3787 ipsius
1079 3723 1189 3773 vilescat.

319 3795 417 3859 Alioqui
434 3796 521 3845 modus
540 3803 566 3845 et
584 3797 664 3846 iorrna
686 3800 739 3858 elus
761 3799 797 3845 tui
821 3797 905 3861 scripti
927 3795 1085 3845 vehementer
1108 3795 1207 3858 placet,
1236 3801 1274 3844 est
1299 3796 1365 3843 enim
1390 3794 1462 3845 sude
1488 3795 1614 3847 eruditum

247 3866 373 3928 scripturn,
394 3867 457 3929 quod
475 3866 559 3929 procul
580 3867 652 3917 dubio
672 3875 697 3916 et
715 3870 817 3931 principi
837 3873 863 3916 et
880 3867 1025 3917 conelliariis
1039 3866 1126 3915 barum
1138 3880 1219 3915 rerum
1232 3865 1426 3930 intelligentibus
1439 3872 1539 3931 gratum
1558 3869 1614 3918 erit.

319 3935 440 3986 Numeros
466 3938 601 3988 rotulorum
629 3952 762 4002 earumque
789 3939 901 4002 periodos
928 3938 1037 3988 noudum
1064 3938 1210 3987 examinari.
1250 3936 1373 3986 Videntur
1397 3944 1482 3988 tamen
1500 3939 1616 3989 nonnulli

248 4008 343 4055 numeri
362 4006 472 4057 dentium
490 4011 562 4058 nimis
580 4011 674 4074 magni.
693 4010 809 4059 nimirum
827 4009 893 4060 ultra
912 4005 963 4057 20⁰
982 4016 1008 4058 et
1026 4005 1085 4056 300.
1115 4007 1168 4057 Hos
1186 4022 1261 4072 aegre
1277 4009 1360 4070 capiet
1378 4014 1434 4058 rota
1451 4008 1516 4059 adeo
1536 4009 1616 4069 axilis,

248 4084 275 4125 et
292 4078 425 4127 verendum
444 4087 496 4133 est,
520 4087 549 4128 ut
566 4083 616 4128 sint
635 4080 749 4130 diuturni.
787 4079 844 4131 Meo
862 4081 937 4146 igitur
952 4080 1046 4142 judicio
1071 4086 1210 4143 praestaret
1233 4080 1447 4142 superimpositlos
1475 4094 1536 4131 nam
1554 4081 1615 4132 uilsil

248 4147 363 4202 referret,
382 4163 424 4211 pro
443 4162 494 4198 una
512 4149 574 4199 duas
593 4151 643 4200 lieri
663 4159 738 4201 rotas.

320 4217 360 4267 De
379 4233 475 4269 cmone
494 4222 518 4269 in
539 4218 608 4270 0000
628 4236 706 4272 annos
725 4231 753 4273 ut
770 4223 804 4271 sis
823 4222 954 4276 sollicitus.
974 4236 1035 4284 opus
1054 4237 1103 4271 non
1122 4229 1175 4275 est;
1194 4223 1242 4269 imo
1261 4233 1308 4269 nec
1328 4219 1359 4270 de
1378 4223 1451 4271 annis
1472 4218 1537 4279 100.
1556 4224 1618 4287 quia

248 4287 354 4345 sufficit,
381 4291 491 4354 singulas
514 4292 647 4342 tardiorum
667 4295 779 4357 periodos
798 4295 893 4346 metiri.
921 4300 947 4342 et
970 4307 1026 4342 cum
1046 4294 1082 4343 eis
1100 4292 1247 4342 relectorum
1266 4305 1350 4341 crasso
1369 4293 1441 4342 modo
1460 4307 1615 4357 comparare.

248 4358 314 4409 Nam
334 4362 359 4410 iu
377 4360 414 4410 his
433 4362 542 4411 thesauri
561 4372 667 4414 naturae
686 4379 842 4429 nequaquam
866 4365 982 4429 explicari
1005 4371 1125 4427 possunt;
1153 4363 1260 4421 sufficie,
1285 4361 1426 4424 hujusmodi
1448 4378 1526 4428 opera
1548 4366 1618 4415 lutra

249 4427 284 4481 8⁰
303 4446 381 4482 annos
399 4448 448 4482 uon
467 4434 615 4484 sensibiliter
634 4449 728 4491 enare,
748 4436 849 4498 etquid
868 4443 936 4490 turn.
963 4437 1009 4486 etsi
1029 4433 1151 4486 Saturnus
1168 4442 1225 4499 post
1243 4433 1305 4483 duas
1325 4434 1453 4497 periodos,
1473 4435 1497 4484 b.
1517 4450 1540 4486 e.
1559 4446 1618 4500 post

249 4497 284 4549 00
303 4518 389 4562 annos,
409 4519 458 4554 uno
477 4512 553 4568 atque
567 4505 644 4555 altero
657 4507 745 4571 gradu,
764 4507 801 4556 rel
815 4509 892 4556 etiam
905 4506 982 4556 tribus
994 4506 1110 4571 gradibus
1123 4505 1239 4555 aberret?
1269 4504 1342 4556 ceree
1360 4520 1443 4568 pauca
1460 4506 1509 4555 ridi
1528 4507 1614 4570 buius-

249 4573 312 4622 modi
326 4577 490 4625 iustrumenta
503 4575 564 4635 (imo
578 4574 693 4635 nullum).
713 4578 800 4642 quibus
814 4577 877 4626 Solis
895 4585 975 4627 motus
995 4591 1092 4627 annuus
1110 4576 1176 4627 ultra
1194 4572 1270 4624 ew
1287 4576 1381 4627 babeat
1399 4578 1476 4627 etlam
1488 4578 1615 4642 quadran·

249 4650 299 4693 tem
319 4646 373 4694 diei.
415 4647 466 4710 Ego
486 4655 553 4697 certe
571 4649 675 4712 plurimo
693 4648 778 4698 labore
797 4648 898 4698 tandem
918 4648 1036 4711 ejusmodi
1055 4663 1183 4704 numeros,
1207 4651 1247 4712 qui
1267 4650 1342 4696 etiam
1361 4647 1527 4712 quadrantem
1546 4649 1616 4700 illan

249 4712 303 4761 bal·
316 4731 371 4774 arra,
392 4719 500 4768 iuvenire
518 4721 594 4782 potui.
632 4719 686 4770 Nee
704 4728 789 4770 tamen
808 4720 851 4769 illa
870 4735 965 4785 orgum
984 4720 1093 4770 Uranica
1109 4726 1241 4784 propterea
1258 4721 1327 4782 parri
1345 4719 1417 4768 fiunt.

320 4786 406 4837 bletuo
425 4796 524 4846 sutem.
549 4805 581 4839 ue
600 4793 664 4841 istae
683 4792 834 4855 objectiones
852 4798 878 4841 et
902 4791 1077 4844 difficultates.
1104 4804 1165 4855 quas
1183 4791 1208 4839 iu
1226 4791 1316 4852 scripto
1334 4796 1377 4839 tuo
1395 4789 1487 4839 multas
1505 4791 1551 4841 tibi
1567 4791 1616 4855 ipsi

251 4853 344 4916 objicis,
365 4871 382 4908 a
399 4861 522 4910 nonnuliis
541 4861 622 4913 sciolis
641 4864 717 4914 veluti
731 4876 843 4914 enorrues
856 4863 1046 4915 exorbitationes
1058 4863 1222 4927 millium·
1241 4867 1316 4926 *ΨΘ
1328 4860 1394 4925 ⁸9⁸⁴
1406 4862 1544 4927 W
1555 4875 1616 4915 ω’
1647 4936 1657 4949 ,
