3428 5542
182 301 248 370 348
612 309 713 360 Literae
730 309 835 375 Kepleri
852 312 1003 376 aliorumque
1020 318 1123 363 mutuae

184 465 313 546 Opticis.
360 468 403 529 Tu
429 476 535 530 contra
559 469 619 530 ais:
647 466 680 542 1)
703 470 852 550 puriorem
877 471 937 533 illis
961 492 1029 533 esse
1053 479 1163 536 aerem.
1209 475 1254 535 At
1276 491 1335 535 non
1360 473 1500 555 sequitur
1513 484 1549 537 et

181 555 376 617 humiliorem.
426 555 520 620 Calor
542 566 705 633 extenuat,
739 560 877 622 tenuiora
898 561 1029 640 puriora.
1077 559 1170 624 Calor
1192 581 1279 640 ergo,
1314 563 1364 642 qui
1387 562 1545 642 puritatis,

181 645 261 707 idem
277 645 444 708 altitudinis
459 666 561 721 causa,
578 647 648 728 quia
662 656 753 726 auget
768 655 868 710 aerem
882 670 888 710 :
903 649 944 711 in
960 657 1031 711 aere
1052 650 1130 712 enirn
1146 650 1278 731 quotidie
1294 651 1441 729 gignitur,
1464 651 1546 732 qnod

181 733 211 796 in
237 741 325 796 nocte
348 735 457 797 iterum
480 736 598 816 cogitur
622 738 649 797 in
670 754 753 797 rores
776 756 831 817 per
855 738 948 816 frigus
972 757 1142 818 supernum.
1190 737 1226 812 2)
1251 738 1327 800 Ais:
1353 739 1415 800 cito
1430 758 1547 817 perra-

182 822 253 885 dere
277 831 492 904 tempestates,
524 844 592 886 esse
616 825 708 904 igitur
732 825 872 887 humilem
896 827 936 887 ibi
962 834 1072 889 aerem.
1119 829 1236 889 Bonum
1260 836 1488 905 argumentum,
1519 830 1546 889 si

181 912 290 975 bouum
314 920 398 975 esset
421 922 596 976 assumtum.
635 914 713 975 Nam
737 934 804 976 curn
827 915 856 976 in
880 916 1011 977 borealis
1036 916 1140 978 oceani
1156 916 1350 995 navigatione
1371 918 1441 997 lego
1457 916 1546 978 subi-

181 1007 230 1062 tas
254 1008 465 1081 tempestates,
491 1010 683 1083 argumentor
705 1002 770 1082 ipse
795 1024 921 1085 quoque,
946 1004 1086 1066 humilem
1110 1025 1177 1067 esse
1202 1012 1311 1078 aerem,
1336 1005 1383 1067 ita
1397 1015 1434 1067 ut
1448 1024 1547 1089 uapor

181 1110 218 1151 ex
243 1099 326 1152 terra
349 1091 515 1154 ascendens
540 1092 639 1153 subito
665 1091 692 1152 in
718 1091 812 1171 frigus
837 1093 1009 1155 aethereum
1035 1094 1180 1168 incurrat,
1216 1103 1360 1175 superato
1384 1094 1469 1157 aeris
1493 1094 1545 1155 fa-

181 1178 282 1258 stigio.
328 1180 370 1242 Et
393 1187 425 1241 tu
448 1181 603 1260 pulchram
632 1181 873 1243 observationem
904 1182 1003 1256 addis,
1034 1184 1223 1245 utilissimam
1253 1181 1456 1263 speculationi
1481 1184 1541 1245 ful·

181 1260 302 1338 r'ninum,
328 1270 405 1349 quod
430 1271 509 1350 apud
535 1289 588 1330 ros
612 1288 669 1331 non
693 1270 738 1330 ita
762 1271 953 1332 fulminantur
977 1279 1069 1346 tecta,
1094 1272 1171 1332 utin
1188 1270 1354 1332 Germania
1375 1273 1544 1351 superiore.

182 1354 285 1419 Causa
315 1366 418 1420 tamen
450 1358 540 1439 paulo
569 1359 658 1419 aliter
690 1358 882 1438 accipienda,
917 1379 1021 1439 nempe
1056 1379 1114 1420 nou
1147 1368 1200 1421 aer
1224 1369 1343 1435 terrae,
1379 1362 1436 1422 sed
1460 1370 1547 1423 terra

181 1446 243 1508 aeri
268 1454 316 1507 est
338 1448 467 1526 propior.
513 1448 605 1509 Aeris
629 1466 742 1527 aequor
765 1448 914 1528 aequabili
938 1449 1108 1529 superficie,
1139 1450 1251 1509 Terrae
1279 1459 1351 1510 sunt
1377 1450 1543 1530 profundi-

179 1543 278 1608 tates,
313 1544 346 1597 ut
373 1544 518 1598 montana
542 1537 603 1597 sint
627 1536 713 1616 quasi
742 1537 875 1615 scopuli,
904 1544 935 1597 et
959 1539 1094 1616 superior
1125 1537 1289 1598 Germania
1317 1540 1403 1616 quasi
1429 1548 1543 1620 syrtes.

177 1623 219 1685 Et
242 1624 325 1684 soleo
348 1624 417 1685 hinc
441 1625 653 1703 argumentari,
679 1644 771 1704 quare
795 1626 950 1687 eacumina
975 1626 1184 1687 fulminantur:
1215 1627 1339 1704 spiritus
1363 1628 1444 1688 enirn
1468 1646 1543 1707 per-

178 1712 289 1790 rumpit
313 1711 464 1774 humidum
490 1720 602 1786 aerem,
638 1733 696 1792 qna
720 1714 922 1775 tenuissimus.
971 1713 1032 1774 Sed
1057 1722 1157 1774 tamen
1183 1715 1257 1774 haec
1281 1716 1406 1776 obstare
1432 1716 1543 1777 viden-

177 1808 244 1861 tur:
286 1800 319 1873 1)
343 1801 490 1862 Bohemia
514 1820 570 1861 non
594 1802 697 1862 crebro
722 1802 835 1880 petitur
859 1803 1040 1876 fulminibus,
1066 1813 1115 1865 est
1138 1811 1238 1864 tamen
1264 1804 1346 1877 alta,
1373 1805 1413 1865 ad
1439 1804 1542 1866 fontes

177 1908 220 1951 sc.
245 1889 349 1963 Albis;
376 1889 404 1950 id
428 1889 606 1971 praesertim
621 1891 701 1951 circa
716 1891 855 1969 Pragam.
902 1889 937 1964 2)
962 1889 1103 1953 Secunda
1122 1896 1227 1966 eausa,
1249 1910 1301 1952 cnr
1315 1902 1465 1954 montana
1480 1892 1543 1955 rul-

176 1977 335 2053 minentur,
360 1986 417 2053 est,
443 1978 513 2058 quia
535 1986 653 2040 montes
678 1986 748 2040 sunt
772 1979 909 2040 officinae
935 1989 1144 2042 meteororum.
1192 1977 1229 2053 3)
1255 1978 1334 2042 Sunt
1349 1990 1455 2044 certae
1472 2002 1542 2044 ma·

86 2109 97 2129 .
176 2066 283 2141 teriae,
308 2087 383 2146 qnae
408 2069 512 2130 crebro
539 2068 741 2131 fulminantur.
790 2069 886 2147 lgitur
909 2069 1048 2129 videntur
1071 2069 1209 2130 emittere
1234 2069 1433 2148 spirituosum
1456 2070 1541 2133 hali·

177 2163 248 2230 tum,
274 2156 323 2236 qui
347 2157 502 2219 fulminum
525 2156 669 2236 impeturn
693 2156 722 2217 in
746 2176 814 2217 sese
839 2157 1032 2218 similitudine
1047 2157 1192 2218 materiae
1214 2158 1355 2218 invitant.
1402 2155 1441 2233 4)
1466 2159 1542 2222 rnr-

176 2244 286 2306 minnm
311 2254 419 2307 natura
443 2245 559 2320 eadem,
585 2265 661 2326 quae
686 2245 749 2307 auri
775 2246 908 2307 fulminei
932 2244 1165 2325 (Schlaggold);
1198 2245 1351 2306 incensum
1377 2249 1457 2309 enirn
1484 2268 1541 2309 non

176 2353 294 2395 sursum
319 2334 433 2407 nititur,
459 2336 512 2396 sed
537 2336 687 2406 deorsum,
713 2333 740 2395 in
761 2336 920 2396 adversum
941 2335 1026 2414 quasi
1045 2334 1168 2395 humori.
1215 2335 1256 2395 Et
1279 2335 1309 2394 in
1326 2335 1440 2397 fodinis
1456 2337 1540 2399 auri·

177 2423 249 2484 feris
279 2423 380 2484 solent
407 2443 445 2484 ex
470 2424 606 2501 fuligine,
642 2442 717 2503 quae
752 2423 895 2484 lateribus
929 2424 1105 2504 abyssorum
1139 2422 1345 2499 adhaerescit,
1381 2426 1540 2504 ingruente

176 2510 298 2573 humida
322 2519 503 2592 tempestate
528 2513 659 2574 existere
683 2532 773 2573 casus
797 2512 950 2573 fulminum
974 2510 1125 2580 similium,
1150 2512 1198 2591 qui
1214 2521 1325 2574 necant
1348 2513 1489 2576 homines
1510 2513 1539 2574 in

175 2607 332 2680 puteorum
356 2599 522 2674 (Schacht)
547 2601 657 2662 fundis.
706 2599 841 2662 (lensent
864 2600 1035 2674 metallarii,
1061 2600 1213 2677 fuliginem
1230 2601 1311 2662 illam
1336 2622 1461 2664 auream
1482 2602 1540 2664 hu·

176 2689 255 2751 mido
279 2695 349 2750 aere
373 2689 511 2764 incendi,
547 2709 638 2770 quare
663 2690 710 2751 hic
742 2707 857 2768 quoque
887 2689 998 2751 fulmen
1032 2689 1088 2749 hoc
1122 2707 1243 2773 aureum
1272 2691 1421 2770 profunde
1450 2693 1538 2772 petit.

176 2779 241 2839 llae
267 2778 451 2856 objectiones
476 2778 600 2859 ancipiti
633 2786 664 2840 et
696 2797 788 2839 caeca
819 2796 921 2857 pugna
957 2779 1091 2838 feruntur
1123 2777 1152 2837 in
1176 2796 1299 2839 eausam
1324 2788 1428 2852 tuam,
1462 2800 1540 2861 quae

176 2865 253 2928 alisia
277 2867 347 2928 nrihi
372 2887 487 2946 quoque
511 2887 569 2929 non
593 2867 742 2944 displicet.
790 2864 850 2926 Sed
876 2875 943 2926 utut
966 2866 1015 2938 sit,
1042 2876 1117 2936 esto,
1142 2867 1191 2926 uhi
1218 2867 1296 2927 citae
1322 2876 1539 2947 tempestates,

177 2964 210 3016 ut
233 2955 272 3016 ibi
298 2956 417 3016 humilis
442 2964 504 3027 abr,
530 2955 596 3016 dico
621 2955 685 3021 tihi,
711 2955 765 3014 sub
790 2955 904 3015 torrida
929 2974 984 3013 non
1010 2955 1088 3014 citas
1103 2963 1313 3033 tempestates.
1354 2958 1435 3019 Nam
1460 2959 1538 3019 undo

176 3053 207 3104 tu
230 3044 361 3123 probas?
380 3043 479 3115 .Quia
501 3046 652 3106 adortum
674 3043 837 3104 nubeculae
861 3043 965 3104 statim
981 3043 1070 3103 adest
1095 3043 1174 3104 furor
1197 3053 1364 3108 ventorum.
1403 3047 1539 3109 Pulchra

176 3131 363 3204 observatio;
387 3133 498 3195 similia
520 3134 549 3196 in
574 3132 670 3194 saeris
695 3132 848 3204 habemus,
874 3151 941 3193 eum
964 3130 1049 3192 Elias
1073 3133 1190 3195 eoelum
1204 3133 1375 3196 recluderet
1389 3134 1537 3199 imbrem·

177 3240 232 3301 que
258 3221 285 3282 in
310 3221 430 3283 Achabi
453 3230 545 3302 caput
568 3221 793 3305 praecipitaret.
841 3218 902 3282 Sed
932 3238 989 3280 non
1013 3220 1106 3280 vincit
1134 3221 1330 3298 propositum.
1377 3223 1539 3286 Nubecula

177 3309 293 3389 signum
318 3317 367 3371 est
390 3311 616 3391 copiosissimae
636 3309 791 3381 materiae,
812 3309 875 3387 jarn
899 3309 928 3368 in
943 3308 1098 3387 procinctu
1122 3310 1242 3382 stantis,
1268 3329 1325 3370 non
1349 3331 1455 3386 causa,
1482 3334 1538 3374 non

176 3407 283 3460 mater.
331 3397 382 3460 Sic
407 3399 435 3460 in
461 3399 579 3482 Styria,
604 3418 671 3460 oum
695 3416 780 3459 mons
805 3396 934 3458 Schekel
958 3397 1037 3475 pileo
1063 3396 1193 3475 tegitur,
1226 3398 1329 3476 phrasi
1359 3399 1538 3475 incolarum,

174 3493 313 3549 manente
336 3487 416 3566 pileo
440 3509 495 3550 noc
520 3506 668 3570 quoquam
684 3486 807 3560 dimoto,
832 3486 937 3547 existit
951 3485 1064 3564 pluria,
1089 3485 1223 3547 oriuntur
1246 3488 1285 3548 ad
1301 3486 1421 3551 oculum
1444 3491 1539 3552 nubes

174 3575 203 3637 in
227 3576 363 3656 partibus
388 3577 463 3639 coeli
487 3577 611 3649 serenis,
635 3574 772 3638 collectis
796 3594 839 3636 se.
864 3582 895 3637 et
919 3574 957 3634 ad
981 3574 1098 3635 oculum
1123 3573 1259 3636 densatis
1283 3577 1459 3657 vaporibus.

245 3682 435 3733 Fabricius:
461 3681 525 3733 Solis
549 3689 576 3733 et
599 3682 688 3732 Lunae
711 3680 815 3744 eclipses
837 3680 1013 3743 utplurimum
1040 3679 1161 3730 inducunt
1189 3681 1246 3730 illae
1275 3690 1373 3740 aestus,
1399 3686 1539 3743 sicdnteu

173 3753 222 3803 hae
240 3753 409 3803 humiditates.
447 3754 485 3803 Tu
503 3756 528 3803 in
548 3755 625 3804 Terra
643 3753 802 3816 praecipuam
821 3765 924 3801 eausam
942 3751 1053 3815 qnaeris,
1080 3750 1123 3799 sed
1142 3751 1214 3801 valde
1234 3753 1348 3803 absurdo.
1386 3755 1468 3807 Terra
1485 3760 1538 3823 qui·

175 3824 229 3873 dem
248 3839 351 3887 vapores
370 3831 396 3874 et
414 3825 464 3874 alia
483 3831 561 3882 creat,
581 3825 624 3874 sed
644 3839 659 3873 a
678 3823 795 3887 singulari
814 3824 903 3872 virtute
922 3821 1014 3870 Terrae
1033 3821 1077 3869 illa
1096 3823 1190 3871 extrudi
1209 3839 1259 3872 non
1279 3825 1368 3881 credo;
1389 3827 1488 3877 coelum
1508 3842 1540 3878 ea

174 3894 248 3944 elicit.
285 3894 422 3944 Ventorum
441 3912 535 3960 quoquo
560 3897 634 3945 flatus
654 3895 741 3943 diversi
765 3895 846 3943 irritas
865 3907 939 3955 saepe
963 3892 1068 3940 reddunt
1093 3902 1238 3954 aspectuum
1258 3897 1424 3958 operationes.
1464 3898 1539 3953 Vide.

133 3976 137 3985 ·
174 3980 206 4015 ne
224 3979 313 4014 noram
332 3967 503 4016 consumendo
523 3967 724 4030 meteorologiarn
749 3965 817 4014 coelo
836 3965 949 4026 injuriam
970 3965 1063 4020 facias,
1083 3979 1125 4026 pro
1145 3964 1252 4027 planetis
1270 3968 1376 4016 inducas
1392 3967 1540 4033 Neptunum

174 4044 201 4087 et
219 4036 282 4086 alios
300 4036 377 4086 Deos.

262 4125 465 4204 Keplerus:
490 4125 723 4187 absurditatem
738 4125 878 4204 Neptuno
903 4142 968 4184 meo
993 4121 1156 4201 e’nooryeuo
1173 4125 1314 4204 imputas,
1339 4146 1438 4191 causa
1456 4133 1542 4193 nulla

174 4214 289 4286 allata;
315 4214 464 4276 tacuisses
479 4216 584 4275 eodem
600 4215 730 4274 foenore.
771 4213 865 4291 lgitur
888 4213 980 4272 verba
995 4220 1049 4272 tna
1063 4215 1224 4292 usurpabo,
1251 4217 1407 4279 sententia
1428 4240 1538 4283 versa:

173 4300 289 4364 coelum
314 4303 433 4382 quidem
456 4304 594 4365 stimulat
616 4303 749 4374 Terram,
776 4301 829 4362 sed
853 4321 872 4361 a
895 4301 1040 4380 singulari
1065 4302 1194 4380 quadarn
1220 4303 1333 4366 virtute
1357 4306 1436 4369 coeli
1461 4309 1542 4373 citra

174 4391 302 4453 Telluris
327 4409 449 4470 operam
472 4410 601 4472 vapores
626 4411 662 4452 ex
687 4392 782 4451 Terra
804 4389 872 4451 elici
896 4408 953 4450 non
978 4390 1085 4462 credo;
1110 4390 1205 4451 Terra
1228 4411 1281 4453 eos
1306 4397 1458 4458 extrudit.

263 4480 309 4541 De
340 4489 498 4541 ventomm
527 4479 652 4558 irnperio
681 4481 708 4540 in
738 4486 939 4559 tempestates
968 4478 1066 4538 sentio
1095 4487 1204 4541 tecum.
1252 4483 1297 4544 At
1321 4483 1485 4548 circuitum
1507 4498 1540 4551 et

174 4567 256 4629 uices
271 4587 372 4630 eorurn
398 4588 502 4629 omnes
527 4568 719 4646 inquirendas
743 4568 945 4647 relinquamus
968 4566 1080 4627 nostris
1105 4569 1246 4647 posteris.
1296 4572 1400 4634 Pauca
1424 4577 1539 4639 scimus

175 4654 211 4715 de
236 4657 458 4717 universalibus
483 4676 520 4716 ex
545 4654 784 4718 CostaJesuitn.

245 4762 426 4810 Fabricius:
456 4761 602 4820 Quaeritur,
631 4775 662 4811 an
682 4763 765 4812 lumen
783 4761 821 4809 rel
847 4761 914 4811 calor
934 4760 996 4809 Solis
1022 4767 1048 4810 et
1066 4760 1193 4809 stellarum
1219 4765 1251 4810 sit
1278 4764 1421 4816 vehiculum
1441 4771 1539 4820 elcath

172 4830 237 4880 illius
256 4831 354 4881 unuh
372 4831 410 4881 rel
429 4832 574 4883 morentiae
594 4834 767 4900 utrologieae.
805 4831 871 4882 Sunt
888 4831 1008 4889 nonnulli,
1028 4831 1068 4897 qui
1087 4840 1190 4898 negant
1210 4842 1310 4896 praeter
1322 4836 1387 4887 lucis
1405 4846 1435 4890 et
1448 4841 1540 4893 calor‘u
