3428 5542
497 1186 707 1274 ὩΕΒΙΟΔᾞΟ
730 1186 930 1251 mmm
952 1188 1118 1254 PRIOR-18.

744 1397 872 1408 -a—-ae

571 1546 1043 1693 lLLUSTRlBUS,

326 1744 600 1863 cernetur,
636 1745 942 1841 recursurus
978 1747 1036 1836 nr
1068 1744 1286 1840 suenrus

86 1910 90 1917 ’
124 1911 253 1974 Domino
271 1910 505 1992 Sigismundo
523 1912 729 1982 Friderico,
749 1912 860 1975 Libero
874 1912 987 1991 Baroni
1005 1914 1044 1976 ab
1062 1914 1317 1989 Herberstein,
1333 1915 1487 1995 Neuperg,

170 2016 402 2098 Guettenhaag,
426 2018 554 2079 Domino
577 2018 608 2080 iu
631 2018 818 2088 Lancovviz,
844 2017 1017 2081 camerario
1042 2027 1074 2081 et
1097 2020 1240 2096 Dapilero
1265 2021 1442 2084 carinthiae

207 2124 418 2199 haereditario,
439 2121 612 2188 Caesareae
631 2124 792 2205 Majestati
811 2132 843 2187 et
862 2125 1055 2188 serenissimo
1073 2126 1238 2190 Archiduci
1259 2128 1404 2190 Austriae

248 2281 249 2284 ,
293 2229 486 2294 Ferdinaudo
510 2251 529 2292 a
552 2229 704 2294 consiliis:
739 2228 909 2313 capitaneo
932 2231 1110 2300 Provinciae
1134 2232 1255 2317 Styriae
1271 2228 1316 2306 ²¹)

795 2360 822 2403 ot

390 2462 546 2525 Domitia
568 2460 612 2542 N,
635 2459 677 2522 Ν.
700 2457 886 2524 Illuehium
908 2459 1040 2544 Scyriae
1063 2461 1220 2524 Ordinem

205 2564 376 2631 Quinquerlris
395 2566 543 2625 Ordmadis,
562 2564 630 2616 Viris
647 2564 817 2630 amplissimis,
836 2566 951 2617 Dominis
967 2568 1030 2616 meis
1048 2566 1209 2617 clementibus
1227 2576 1254 2617 et
1270 2566 1402 2624 beneficis,

630 2656 737 2706 saluum
756 2662 782 2706 et
798 2670 857 2706 mea
874 2657 980 2707 servitia.

214 2813 303 2885 Quod
327 2824 398 2879 ante
422 2824 540 2899 septem
562 2836 682 2880 menses
697 2819 725 2891 ⁸)
748 2814 881 2897 promisi,
906 2832 981 2895 opus
1004 2815 1160 2877 doctorum
1179 2816 1351 2879 testimonio
1374 2815 1483 2897 pulch-

125 2923 189 2965 rurn
212 2911 244 2964 et
262 2904 441 2984 jucundum,
473 2906 619 2988 longeque
641 2905 871 2986 praeferendum
895 2905 1001 2966 annuis
1025 2905 1248 2986 prognosticis:
1277 2907 1398 2968 tandem
1422 2904 1483 2967 eli·
1552 2973 1556 2981 ¹

125 2993 243 3072 quando
267 3012 396 3057 coronae
420 3004 542 3057 vestrae
565 2996 651 3070 sisto,
676 2994 864 3074 Amplissimi
886 2994 971 3069 Viri3
995 3013 1081 3075 opus,
1105 2996 1237 3076 inquam,
1261 2995 1371 3074 exigua
1392 2994 1484 3068 mole,

125 3082 228 3143 labore
257 3083 392 3158 modico,
426 3083 555 3147 materia
581 3084 771 3165 undiquaque
799 3083 938 3146 mirabili.
985 3084 1065 3146 Nam
1088 3084 1152 3146 sive
1177 3084 1242 3165 quis
1271 3085 1486 3164 antiquitatem
1546 3154 1550 3162 ,

125 3180 246 3250 spectet
254 3190 264 3246 ;
301 3180 424 3234 tentata
455 3173 513 3236 fuit
546 3181 617 3235 ante
649 3174 697 3236 bis
729 3173 811 3250 mille
844 3192 937 3234 annos
971 3194 990 3235 a
1021 3172 1259 3254 Pythagoram
1297 3173 1360 3235 sive
1393 3173 1483 3235 novi·

125 3268 235 3334 tatem,
268 3260 396 3340 primurn
424 3281 502 3325 nunc
529 3283 549 3324 a
571 3281 618 3323 me
648 3263 728 3325 iuter
755 3263 890 3324 homines
918 3264 1078 3342 vulgatur,
1116 3263 1224 3324 Placet
1246 3263 1363 3324 moles?
1399 3261 1485 3324 Nihil

124 3359 173 3410 est
209 3349 266 3410 hoc
302 3350 442 3413 universo
479 3351 589 3413 mundo
630 3352 729 3429 majus
765 3371 862 3432 neque
899 3352 1036 3431 amplius.
1091 3351 1291 3413 Desideratur
1327 3350 1484 3430 dignitas?

124 3437 207 3498 h'ihil
240 3440 419 3516 pretiosius,
453 3439 527 3503 nihil
559 3440 711 3521 pulchrius
744 3440 799 3501 hoc
829 3440 1012 3502 lucidissimo
1041 3440 1098 3501 Dei
1129 3437 1251 3518 templo.
1298 3440 1399 3501 Lubet
1430 3459 1483 3501 se-

124 3527 200 3588 creti
225 3527 295 3607 quid
319 3530 524 3608 cognoscere?
560 3530 645 3592 Nihil
668 3538 717 3591 est
740 3537 793 3591 aut
817 3530 1044 3592 initiatarum
1067 3539 1176 3591 natura
1198 3526 1362 3601 occultius;
1386 3529 1483 3589 solum

124 3616 180 3676 hac
204 3615 234 3677 in
258 3636 290 3677 re
313 3636 372 3679 non
396 3619 533 3681 omnibus
562 3619 727 3692 satisfacit,
759 3618 837 3699 quod
866 3618 984 3680 utilitas
1008 3619 1073 3698 ejus
1097 3617 1331 3697 incogitantihus
1355 3616 1483 3678 obscura

124 3712 181 3766 est.
220 3705 316 3785 Atqui
339 3706 387 3767 hic
411 3715 459 3770 est
480 3709 532 3771 ille
557 3708 653 3771 liber
676 3716 847 3781 naturae,
873 3716 1031 3786 tantopere
1056 3706 1152 3768 sacris
1175 3705 1345 3767 celebratus
1364 3724 1481 3767 sermo·

123 3793 228 3866 nibus;
253 3812 340 3873 quem
361 3796 474 3860 Paulus
498 3796 637 3878 gentibus
659 3796 810 3876 proponit,
835 3795 864 3857 in
884 3814 942 3876 quo
962 3795 1059 3856 Deum
1082 3814 1136 3856 ceu
1156 3793 1259 3857 Solem
1276 3794 1306 3856 in
1332 3814 1411 3876 aqna
1433 3795 1483 3856 vel
1577 3850 1582 3862 ,

124 3882 247 3961 speculo
271 3885 520 3965 contemplentur.
567 3886 647 3948 Nam
670 3905 722 3947 cur
747 3883 914 3947 Christiani
943 3884 1041 3946 minus
1072 3884 1129 3944 hac
1152 3883 1405 3962 contemplatione
1429 3902 1483 3945 nos

123 3973 344 4033 oblectaremus
388 3992 511 4053 qnorum
538 3975 690 4054 proprium
718 3983 782 4049 est,
812 3974 908 4035 Deum
931 3993 1003 4034 vero
1027 3974 1109 4035 cultu
1132 3972 1302 4048 celebrare,
1334 3972 1480 4048 venerari,

123 4060 289 4121 admirari?
312 4020 357 4122 id
366 4063 445 4141 quod
468 4069 554 4124 tanto
578 4063 726 4125 devotiori
751 4064 848 4124 aniruo
868 4064 910 4136 tit,
936 4071 1048 4142 quanto
1067 4061 1188 4138 rectius,
1214 4079 1291 4141 quae
1314 4070 1346 4123 et
1369 4071 1483 4143 quanta

122 4148 294 4210 condiderit
315 4159 419 4211 nomer
441 4151 535 4226 Deus,
561 4151 765 4230 intelligimus.
808 4150 889 4214 Sane
914 4171 1004 4231 quam
1027 4151 1171 4231 plurimos
1194 4150 1320 4232 hymnos
1344 4152 1373 4213 iu
1398 4149 1482 4214 (loir-¹

123 4238 269 4313 ditarem,
296 4256 401 4300 verum
425 4240 522 4310 Deum
546 4241 655 4302 cecinit
673 4259 765 4302 uerus
789 4241 846 4302 Dei
870 4242 967 4302 cultor
990 4240 1145 4313 navidem
1176 4238 1282 4318 quibus
1307 4247 1483 4319 argumenta

123 4345 160 4386 ex
175 4326 374 4389 admiratione
389 4330 539 4391 coelorum
554 4328 683 4390 deducit.
719 4329 803 4392 Coeli
818 4337 970 4414 enarrant,
990 4329 1096 4409 inquit,
1118 4329 1246 4408 gloriam
1260 4328 1328 4390 Dei.
1363 4326 1481 4389 Videbo

123 4415 225 4476 coelos
248 4423 331 4490 tuos,
356 4435 450 4496 opera
472 4417 633 4497 digitorum
657 4428 792 4492 tuorum,
818 4418 935 4478 Lunam
959 4426 991 4478 et
1013 4418 1139 4493 stellas,
1170 4437 1247 4499 quae
1271 4425 1303 4478 tu
1328 4415 1480 4477 fundasti:

122 4505 254 4584 Magnus
278 4505 425 4567 Dominus
448 4516 567 4582 noster,
598 4514 629 4568 et
652 4526 761 4586 magne
784 4506 885 4568 virtus>
908 4507 994 4585 ejus;
1025 4507 1075 4587 qui
1103 4514 1240 4568 numeret
1262 4504 1482 4567 multitudinem

124 4592 291 4669 stellarum,
317 4603 354 4655 et
377 4595 540 4657 omnibus
563 4596 708 4666 nomina
725 4604 843 4656 vocet.
876 4595 998 4659 Alicubi
1012 4596 1118 4676 plenus
1133 4595 1250 4676 spiritu,
1274 4594 1379 4673 plenus
1394 4612 1483 4655 sacra

124 4682 242 4744 laetitia
261 4683 422 4759 exclamat,
444 4683 597 4766 ipsumque
616 4685 756 4747 mundum
775 4686 941 4747 acclamat:
966 4684 1104 4748 Laudate
1128 4685 1203 4746 coeli
1218 4682 1387 4756 Dominum,
1413 4683 1482 4744 lan-

124 4770 195 4833 date
226 4790 292 4833 eum
317 4770 372 4834 Sol
400 4780 433 4835 et
454 4774 555 4853 Luna,
587 4775 640 4837 &a
688 4773 774 4845 Quae
805 4794 864 4836 vox
895 4774 1002 4835 coelo?
1035 4792 1112 4854 quae
1142 4772 1264 4835 stellis?
1296 4790 1356 4852 qua
1385 4771 1484 4842 Deum

176 4875 265 4929 sarae
279 4877 379 4929 eamr.
585 4885 595 4897 *
1253 4875 1269 4937 7
