3414 5550
675 295 760 349 lictae
777 297 894 349 ΕΜ
1404 295 1470 364 213

107 453 217 504 thesibus
248 451 320 517 (licet
346 470 397 506 nou
424 456 547 520 exprimat
572 452 638 520 ipse)
669 468 743 520 quarn
774 457 840 522 apud
865 457 1037 510 Ptolemaeum
1067 459 1199 525 aequm&
1229 463 1341 510 centm
1371 463 1411 509 est
1439 457 1473 509 1).

106 524 174 576 Nam
192 525 298 578 circulus
317 527 408 578 EFGH
426 528 493 578 circs
510 527 533 579 B
552 534 592 578 est
610 526 716 578 circulus
741 525 792 589 (rel
816 531 887 595 quasi
912 530 1018 581 circulus
1040 526 1104 592 fere)
1131 532 1187 581 siae
1211 530 1381 594 planetarios,
1407 528 1474 581 uude

107 595 268 647 Ptolemaeus
288 614 344 650 eum
362 614 406 663 pro
424 601 466 650 via
485 605 511 650 et
528 614 572 663 pro
591 600 730 650 eccentrico
748 600 867 663 planetae
886 602 1035 666 acceptarit
1067 600 1118 652 Sed
1137 601 1242 652 circulus
1259 599 1355 651 medius
1374 599 1474 653 circae

107 684 158 718 non
177 674 216 719 est
236 682 348 735 aequans
366 670 497 735 planetae,
522 671 567 720 sed
586 676 625 720 est
643 670 778 735 (lopernico
796 673 837 721 sia
855 673 934 722 centri
952 673 1065 736 epicycli.
1102 672 1175 734 Quod
1193 673 1213 722 si
1231 677 1316 722 autem
1334 676 1475 723 assumatur

106 738 131 790 D
151 743 253 805 eiusque
273 741 378 791 circulus
396 741 486 792 IKle
505 739 591 807 (quern
610 739 760 805 (loperuicus
778 741 832 792 loco
852 743 961 810 allegato
980 739 1084 803 omittit)
1103 744 1262 794 manifestum
1279 742 1323 800 fit,
1344 758 1400 793 euru
1419 757 1474 793 esse

106 825 192 861 rernm
217 816 380 878 sequsutem,
408 815 527 878 aequanti
549 811 686 862 Ptolemaei
711 813 892 864 absolutissime
917 815 1155 878 correspondentem.
1195 814 1235 865 Sit
1257 815 1322 864 eninr
1348 813 1473 877 epicycltss

108 882 236 947 Cepernioi
255 884 281 933 in
301 897 413 950 apogaeo
432 884 468 942 Τ,
495 884 533 934 vel
551 885 667 949 perigaeo
685 883 721 944 X,
745 889 843 948 oportet
867 900 925 950 ergo
951 886 1087 937 secundnm
1106 890 1159 948 eina
1177 884 1327 951 hypotheses
1344 884 1474 950 planetam
1504 925 1508 931 ,

106 957 133 1004 iu
152 954 177 1002 V
196 961 222 1004 et
240 955 264 1004 Y
281 957 388 1014 versari,
407 956 495 1022 quibus
512 970 585 1006 serus
604 961 630 1004 et
648 954 744 1005 medius
761 962 843 1005 ructus
861 963 913 1007 taur
932 957 965 1007 sd
985 958 1007 1006 A
1026 958 1124 1016 mundi,
1143 973 1218 1023 quam
1237 957 1270 1007 ad
1287 956 1310 1005 B
1328 970 1389 1006 suae
1407 957 1472 1015 sits,

107 1040 182 1091 quam
201 1029 279 1077 etiam
298 1027 330 1077 sd
348 1027 372 1077 D
392 1029 524 1092 aequantis
544 1033 630 1076 centra
649 1028 804 1077 conveniunt.
836 1028 930 1077 Eodem
949 1035 1034 1078 autem
1054 1030 1164 1093 epicyclo
1182 1029 1242 1078 inZ
1260 1041 1399 1093 progresso,
1418 1026 1473 1091 pls-

109 1104 172 1146 neta
190 1112 220 1147 ex
238 1097 278 1155 V,
298 1099 414 1163 quodibi
433 1105 472 1149 est
490 1099 518 1156 b,
542 1100 567 1147 in
587 1111 603 1148 a
626 1097 736 1158 devenit,
764 1099 862 1164 angulis
880 1114 915 1149 sc.
935 1098 999 1149 TCZ
1018 1106 1045 1150 et
1067 1101 1123 1150 bZa
1140 1101 1285 1165 aequalibus
1304 1099 1472 1155 existentibus.

110 1170 176 1218 sicut
194 1175 220 1218 et
238 1170 280 1219 ΤΖ
300 1176 326 1220 et
343 1171 381 1220 ba
406 1170 531 1220 similibus.
570 1169 599 1219 ln
626 1169 792 1233 quadrilatera
816 1184 875 1236 ergo
901 1170 1001 1230 azcn,
1029 1172 1126 1237 angulis
1150 1172 1183 1222 ad
1203 1173 1223 1221 Z
1242 1169 1306 1221 etc
1329 1170 1473 1235 aequalibus

111 1242 226 1297 inventis,
245 1255 349 1292 necesse
362 1248 409 1298 est,
428 1248 526 1305 prepter
538 1241 577 1290 Zs
589 1249 615 1290 et
628 1239 673 1290 GD
687 1241 804 1305 aequales
815 1248 906 1299 rectas,
927 1242 1031 1308 angulos
1044 1244 1076 1293 ad
1096 1257 1112 1293 a
1131 1249 1157 1293 et
1167 1243 1192 1292 D
1211 1245 1287 1293 etiam
1306 1256 1360 1291 esse
1380 1255 1472 1306 aequs·

111 1312 155 1361 les.
186 1311 259 1363 Unde
280 1312 321 1362 ΟΖ
341 1319 367 1363 et
384 1312 428 1363 Da
445 1312 580 1375 parallelae
598 1318 665 1369 suut,
684 1318 759 1376 atque
777 1313 862 1378 anguli
881 1313 944 1363 Tcz
964 1319 1039 1379 atque
1055 1314 1122 1365 VDa
1141 1313 1265 1379 aequales.
1296 1312 1388 1374 Quare,
1408 1314 1475 1362 sieut

112 1384 217 1447 epieycli
236 1389 348 1434 centrum
367 1398 397 1434 ex
415 1383 436 1432 T
455 1382 481 1433 ih
498 1384 518 1432 Z
538 1381 638 1452 circac
657 1384 793 1447 aequaliter
810 1390 929 1440 moretur,
947 1386 984 1434 ita
1002 1387 1079 1435 etiam
1096 1386 1199 1450 planeta
1217 1400 1246 1435 ex
1258 1383 1283 1432 V
1300 1385 1326 1433 in
1345 1398 1362 1433 a
1380 1395 1473 1449 aequa·

111 1455 168 1504 liter
185 1455 280 1506 incedit
298 1456 366 1505 circa
383 1456 416 1506 D.
454 1455 531 1505 Vides
551 1469 625 1520 ergo,
650 1453 675 1504 D
695 1455 771 1504 etiam
793 1455 859 1519 apud
877 1456 1040 1520 Copernicum
1067 1472 1121 1508 esse
1139 1463 1251 1508 centrum
1271 1456 1401 1520 aequantia
1417 1454 1472 1520 pls·

111 1533 200 1582 ustae.
226 1527 291 1591 quod
309 1527 381 1591 duplo
400 1526 529 1577 intervallo
547 1526 622 1590 ipsius
640 1527 686 1576 AB
706 1526 777 1576 abest
795 1526 827 1577 ab
845 1528 875 1576 Δ.
912 1526 963 1578 Par
982 1534 1020 1578 est
1042 1530 1118 1585 ratio,
1145 1529 1167 1577 si
1189 1528 1243 1578 loco
1266 1525 1472 1590 eccentrepisycll

109 1606 240 1647 eecentrus
259 1600 368 1649 eeccntri
386 1604 501 1662 ponatur,
519 1597 554 1648 ibi
573 1598 653 1655 euim,
673 1597 715 1646 nbi
734 1601 786 1661 ejus
806 1604 917 1649 centrum
934 1600 961 1648 in
978 1613 1054 1662 passo
1072 1600 1163 1651 circulo
1182 1604 1284 1664 agatur,
1303 1604 1374 1648 recta
1392 1612 1423 1648 ex
1441 1611 1471 1647 ec

110 1669 144 1718 ad
161 1670 290 1732 planetam
309 1684 406 1733 semper
423 1685 467 1733 per
484 1668 509 1719 D
527 1670 626 1718 mmsit
645 1690 681 1702 ·-
699 1667 871 1720 Veruntamen
890 1670 947 1721 huic
966 1671 1043 1736 capiti
1060 1671 1126 1721 istud
1144 1671 1242 1733 adjicio.
1279 1669 1336 1719 Nou
1355 1682 1472 1733 aspernor

107 1741 175 1790 hanc
194 1741 224 1790 de
244 1742 329 1791 anima
347 1749 373 1791 et
390 1742 480 1791 virtute
497 1742 601 1791 metrice
620 1739 822 1804 speculationem.
860 1741 953 1791 Verum
976 1748 1075 1802 metuo,
1102 1757 1134 1792 ne
1158 1743 1231 1791 nimis
1258 1741 1353 1790 subtilis
1377 1741 1423 1800 sit,
1449 1741 1469 1789 si

108 1813 210 1862 nimium
229 1812 384 1862 extendatur.
423 1812 510 1873 Qualis
529 1811 572 1862 illa
588 1813 649 1875 ipsa'
661 1817 708 1868 est,
727 1826 801 1876 qnam
820 1813 851 1862 de
870 1813 944 1862 Luna
961 1829 1044 1864 mores
1063 1812 1131 1877 (cap.
1151 1811 1205 1870 16).
1239 1812 1334 1863 Vereor
1351 1812 1469 1875 proiecto,

108 1884 128 1933 si
148 1883 215 1933 ultra
232 1884 331 1934 modum
349 1885 422 1934 nimis
446 1884 561 1946 specialis
584 1883 641 1943 fiat,
668 1898 700 1933 ue
720 1886 846 1946 jacturam
869 1885 908 1933 rel
931 1891 998 1935 certe
1017 1887 1114 1935 ruinam
1135 1886 1212 1934 totius
1231 1884 1396 1934 astronomise
1414 1888 1471 1946 post

107 1969 135 2005 se
154 1955 245 2005 trahat.
285 1956 402 2005 Existimo
421 1957 519 2005 omniuo
537 1968 613 2019 parce
631 1960 658 2005 et
674 1955 747 2005 sslde
764 1956 892 2007 moderate
910 1956 959 2006 hcc
976 1957 1146 2020 speculatione
1164 1956 1298 2011 utendum
1323 1962 1349 2004 et
1366 1960 1395 2004 ut
1412 1967 1469 2003 rere

107 2027 191 2077 dicam
212 2027 278 2093 quod
302 2028 396 2077 sentio:
420 2040 470 2076 non
490 2039 620 2089 aspernor,
648 2030 676 2078 at
693 2025 803 2090 prolecto
821 2027 953 2092 languidus
972 2034 1011 2077 est
1028 2042 1098 2078 mens
1121 2041 1253 2085 assensus;
1280 2026 1385 2090 plurima
1403 2026 1469 2075 euius

107 2100 234 2149 contraria
250 2098 311 2148 mihi
328 2100 437 2150 ebatum.
475 2096 526 2148 Sed
543 2098 576 2149 de
592 2096 631 2148 his
648 2096 719 2151 dtas
739 2120 775 2132 ·-
793 2096 896 2164 Kepleri
914 2101 1040 2163 responsio
1058 2098 1185 2165 relegatur
1201 2099 1228 2148 in
1245 2098 1323 2162 praei.
1342 2113 1366 2161 p.
1386 2094 1416 2144 at
1433 2109 1469 2160 sq.

180 2287 227 2354 83)
246 2307 270 2357 p.
294 2289 350 2342 186.
387 2288 578 2342 Maestlinus
603 2293 629 2342 in
653 2291 731 2343 literis
757 2293 780 2343 d.
807 2292 945 2352 „Postridie
963 2291 1018 2344 cal.
1037 2292 1100 2356 Maii
1123 2289 1206 2342 1598“
1226 2307 1249 2340 ι.
1263 2297 1312 2348 st,
1337 2303 1398 2355 quas
1421 2289 1469 2339 hoc

106 2367 160 2428 ipso
188 2369 298 2427 ternpore
324 2380 371 2429 quo
399 2364 446 2413 has
473 2365 615 2429 accepimus
642 2376 659 2414 a
685 2362 839 2430 typographo
864 2365 991 2432 plagulas,
1021 2366 1047 2416 ln
1066 2364 1122 2414 Vol.
1141 2363 1195 2414 XV.
1216 2363 1278 2412 Meu.
1298 2362 1396 2424 Petrop.
1424 2360 1468 2411 de·

106 2435 281 2501 prehendimus
301 2432 341 2497 (ut
357 2450 408 2485 non
427 2436 459 2483 sit
476 2434 602 2503 integrum
624 2448 682 2486 earn
705 2441 818 2500 partem,
844 2449 909 2502 quse
933 2436 966 2489 ad
983 2434 1086 2502 Kepleri
1105 2437 1214 2500 pertinet
1230 2435 1315 2483 literas
1334 2447 1357 2495 p.
1377 2430 1408 2480 81
1431 2446 1468 2496 sq.

106 2507 254 2571 propositas,
272 2507 327 2556 loco
345 2506 386 2556 illo
405 2506 513 2565 adderet
532 2520 606 2571 quam
624 2507 656 2556 ob
673 2520 726 2557 resn
744 2519 777 2557 es
793 2513 892 2558 tautum
906 2521 971 2572 quse
983 2506 1033 2557 hnc
1044 2509 1170 2572 pertinent
1183 2506 1354 2568 excerpsimus.
1374 2503 1469 2567 reliqua

108 2579 141 2629 sd
159 2577 236 2628 slium
249 2577 329 2627 locum
341 2570 520 2639 reservantes).
538 2574 687 2629 Maestlinus
705 2578 782 2644 igitur
798 2578 865 2629 hauc
883 2578 959 2629 morit
976 2579 1161 2644 quaestionem:
1191 2612 1196 2626 .
1213 2576 1331 2627 ..Plura
1341 2575 1468 2631 haberem,

107 2649 253 2713 praesertim
271 2649 396 2714 quidpiam
415 2663 495 2698 rerum
514 2646 749 2715 chronologicarum.
787 2649 924 2701 Considera
940 2650 1047 2718 positum
1069 2648 1226 2713 planetarum
1245 2655 1304 2697 ante
1322 2645 1469 2711 principium

106 2727 223 2770 uenatum
243 2735 364 2770 annorum
381 2719 472 2770 Christi
494 2718 562 2772 ultas
584 2732 662 2772 annos
686 2719 799 2771 Julianus
817 2722 951 2786 completos
969 2717 1039 2770 4098
1057 2720 1110 2770 dies
1130 2715 1226 2781 itti„
1252 2720 1294 2783 qui
1312 2718 1364 2768 dies
1381 2715 1469 2768 incidit

105 2795 131 2843 iu
151 2789 194 2840 27.
213 2791 287 2849 iulii,
310 2793 352 2856 qui
369 2797 409 2843 est
427 2792 479 2842 dies
496 2790 521 2852 i.
558 2788 614 2853 Quo
630 2798 746 2856 respectu
765 2789 798 2853 Θ
818 2794 976 2844 inveniuntur
994 2784 1019 2854 Ω
1039 2798 1065 2842 et
1083 2783 1120 2856 Q,
1136 2794 1209 2854 juxta
1228 2803 1342 2855 apogaea
1359 2801 1467 2839 commu·

103 2866 228 2914 rationum
245 2876 361 2919 suarum,
387 2877 439 2914 uns
462 2878 518 2913 cum
538 2859 571 2923 Θ
589 2877 612 2915 c.
631 2863 729 2914 initium
748 2870 788 2921 Q).
824 2864 952 2927 beatem.
970 2863 993 2926 ll
1012 2861 1082 2923 eto¹
1108 2876 1129 2911 c.
1155 2862 1338 2926 aequinoctium
1356 2875 1465 2910 sernum.

103 2929 208 2999 Iuro)
228 2935 254 2985 iu
273 2927 308 2999 U
325 2935 467 2999 posteriore.
486 2935 518 2984 ad
533 2928 558 3001 ὅ
572 2934 649 2986 etism
661 2948 684 3000 q.
698 2938 796 3000 aequin
809 2951 918 2987 seruum.
948 2935 986 2985 Ob
1004 2935 1042 2985 dis
1060 2936 1098 2984 nit
1116 2935 1155 2984 eiu
1174 2934 1268 2997 positus
1287 2932 1364 2982 creati
1382 2930 1467 2981 muudi

102 3005 188 3057 vere?
225 3005 318 3056 Verum
334 3006 393 3056 mihi
412 3005 496 3056 obstat
517 3003 543 3066 i)
563 3006 616 3056 dies
633 3005 657 3068 ii.
695 3001 725 3067 2)
744 3005 881 3058 solstitium
905 3009 1042 3064 aestivum
1067 3021 1114 3056 nec
1132 3021 1157 3054 u.
1177 3004 1274 3069 probari
1291 3017 1365 3067 posse
1384 3002 1465 3062 credo,

102 3077 223 3129 mundum
241 3078 275 3126 ibi
294 3083 405 3128 creatum
424 3091 488 3127 esse.
526 3073 554 3137 3)
573 3076 655 3127 Nullis
673 3078 809 3128 rationibus
829 3079 1005 3144 chronologicis
1025 3091 1132 3142 eousque
1150 3075 1282 3141 procedere
1299 3075 1384 3139 possit.
1421 3072 1467 3123 Ich

103 3150 186 3201 hornus
208 3149 254 3199 vel
279 3145 360 3210 (etin
384 3150 560 3199 assentantis
578 3150 676 3198 omniuo
700 3147 766 3210 sum)
793 3166 837 3215 per
861 3152 971 3201 rationes
999 3149 1185 3214 chronologicas
1211 3147 1249 3197 bis
1273 3146 1318 3196 aui
1338 3142 1409 3193 4080
1432 3144 1466 3193 sd

102 3222 287 3285 aequinoctium
306 3221 457 3286 autumnale
459 3238 466 3277 ;
487 3221 547 3270 aber
564 3220 601 3269 bis
620 3220 717 3271 dorthin
736 3221 805 3273 kann
821 3221 873 3273 iehs
887 3224 925 3272 nit
940 3223 1051 3288 bringeu.
1063 3248 1096 3259 -
1109 3220 1181 3272 Haec
1194 3219 1309 3277 cursorie,
1327 3224 1356 3267 tu
1367 3216 1465 3266 interim

102 3308 148 3359 par
166 3294 323 3345 occasionem
341 3298 412 3357 potes
432 3293 509 3342 etiam
527 3293 646 3357 cogitare.

173 3432 343 3498 Kepleras
361 3432 504 3497 remordit:
531 3449 538 3454 ·

183 3544 215 3598 In
230 3541 419 3614 chronologia
433 3544 504 3612 quod
528 3540 666 3604 monuisti,
691 3540 773 3594 miror
796 3541 973 3597 collationem
995 3540 1096 3596 meiat
1116 3540 1156 3594 tui
1179 3538 1315 3609 principii.
1360 3537 1467 3593 statuis

100 3624 174 3681 euim
191 3617 214 3687 )
231 3618 323 3684 illd
339 3623 367 3677 iu
383 3619 422 3687 Υ,
449 3616 481 3681 Θ
499 3615 523 3687 Q
539 3614 560 3683 Q
574 3622 602 3676 in
614 3626 654 3676 di.
689 3622 752 3691 Ego
767 3638 832 3676 vero
855 3622 963 3677 interea
978 3624 1066 3677 aetati
1080 3621 1172 3677 mundi
1193 3622 1221 3675 in
1234 3621 1288 3674 line
1310 3618 1363 3672 mei
1378 3617 1467 3673 libelli

100 3722 256 3777 expressae
271 3702 362 3758 addidi
379 3703 528 3759 trimestre.
568 3703 660 3757 Statui
676 3695 709 3760 Θ
725 3697 750 3770 Q
765 3693 786 3764 Q
800 3704 828 3758 in
842 3694 874 3761 ᾖ
883 3745 890 3768 ,
917 3696 942 3765 J)
957 3698 988 3762 il
1004 3704 1032 3757 iu
1047 3707 1073 3770 Υ
1094 3711 1124 3757 et
1137 3702 1252 3756 termino
1268 3701 1385 3771 quodam
1399 3715 1465 3753 auo-

99 3786 217 3843 maliw:
232 3784 249 3846 l
262 3781 285 3844 ²l
300 3779 325 3842 d
340 3783 458 3839 motibus
473 3782 567 3838 mediis
582 3783 610 3836 in
625 3780 660 3843 Υ.
693 3789 801 3842 Causae
816 3784 870 3838 hae
885 3791 960 3838 suut:
985 3782 1092 3838 Sufficit
1110 3782 1229 3836 motibus
1244 3779 1337 3834 mediis
1353 3778 1465 3848 conjun-

100 3876 160 3922 ctos
184 3884 247 3921 esse
270 3871 328 3919 tres
352 3864 517 3934 superiores,
539 3864 652 3918 Terram
666 3884 740 3932 vero,
766 3883 838 3938 quae
852 3883 907 3919 non
930 3865 1017 3918 habet
1039 3863 1180 3933 peculiare
1201 3877 1309 3931 corpus,
1334 3859 1465 3914 inchoare

100 3965 201 4002 uorum
215 3945 335 4001 ordinem
359 3952 389 3998 et
402 3944 492 3999 creari
506 3944 533 3998 in
548 3947 592 4008 Θ,
617 3945 664 3998 ubi
688 3953 823 4003 tumeret
844 3945 1029 4016 pulcherrima
1047 3943 1224 3997 constellatio
1247 3940 1401 3995 hemicoelii
1416 3938 1463 3994 dcc.

101 4021 126 4092 Q
141 4033 172 4082 et
185 4019 206 4085 li
226 4025 326 4080 ibidem
346 4025 394 4079 ubi
408 4025 465 4090 Sol,
492 4025 556 4095 quia
570 4025 653 4079 etiam
677 4030 705 4083 in
719 4029 838 4083 motibus
858 4025 1014 4096 alligantur
1028 4027 1062 4078 ad
1080 4019 1111 4082 Θ
1134 4032 1164 4077 et
1178 4023 1244 4094 quia
1258 4023 1331 4076 intra
1345 4021 1465 4091 comple·

100 4125 167 4164 xum
183 4100 207 4172 ὅ
223 4114 295 4171 sunt,
316 4113 346 4160 et
359 4104 425 4176 quia
439 4121 457 4159 a
471 4105 631 4173 corporibus
644 4111 772 4178 pendulis
788 4109 960 4162 ambeuutnr.
998 4106 1051 4160 Sed
1068 4094 1092 4167 Ω
1107 4104 1222 4168 directa,
1239 4095 1259 4163 ii
1273 4103 1463 4172 retrogradus,

101 4189 167 4261 quia
188 4189 274 4243 etiam
295 4187 324 4241 iu
346 4186 465 4241 mot-ibus
486 4186 594 4240 habeut
614 4191 756 4258 oppositas
776 4189 908 4244 rationes.
953 4177 1060 4247 lvere
1075 4185 1103 4239 in
1118 4181 1160 4249 Υ,
1186 4184 1251 4256 quia
1264 4190 1296 4236 ut
1310 4179 1325 4240 b
1340 4179 1363 4240 il
1377 4175 1463 4239 reid

101 4272 137 4325 ad
153 4262 200 4334 Θ,
225 4268 264 4322 sic
279 4259 305 4329 l
322 4269 358 4321 ad
372 4258 407 4333 ὃ,
432 4274 464 4321 ut
485 4266 522 4319 sit
540 4273 570 4320 et
589 4267 675 4323 Terra
698 4278 728 4324 et
741 4271 789 4326 Sol
804 4275 926 4323 centrum
949 4268 1092 4339 quoddam.
1135 4267 1202 4320 ‘lum
1227 4270 1321 4318 autem
1335 4257 1375 4322 llll
1390 4257 1415 4319 d
1431 4253 1458 4325 i

101 4351 128 4405 in
148 4349 227 4404 nodis
250 4348 328 4402 etin
349 4346 567 4420 longitudinibus
588 4349 692 4415 mediis,
718 4352 782 4422 quia
804 4349 978 4404 mediocritas
996 4347 1098 4417 ubique
1117 4345 1192 4416 prior
1211 4351 1256 4399 est
1278 4349 1395 4413 utroque
1415 4359 1464 4395 ex·

100 4438 199 4486 memo.
241 4429 326 4484 Secus
347 4428 375 4482 in
399 4423 439 4495 ὅ,
461 4444 533 4498 quac
556 4427 617 4482 ideo
641 4429 669 4484 iu
691 4423 725 4492 ,ὅ
734 4473 741 4496 ,
763 4449 817 4485 non
840 4430 867 4484 in
889 4429 990 4492 medic,
1013 4445 1051 4481 sc.
1076 4426 1104 4481 iu
1126 4423 1152 4486 Υ
1177 4433 1227 4481 aut
1248 4423 1310 4488 ὲ,
1333 4423 1399 4494 quia
1421 4426 1467 4476 est

101 4510 276 4567 nihilomiuus
290 4509 319 4564 in
332 4509 454 4564 zodiaco.
482 4509 536 4562 Est
549 4508 621 4563 euim
634 4510 705 4565 haec
718 4511 877 4583 aequaturis
893 4508 1035 4564 inclinatio
1049 4513 1157 4562 tantum
1171 4508 1274 4561 Terrae
1288 4513 1395 4568 παθος,
1410 4520 1465 4557 nou

101 4591 223 4646 universi
237 4589 339 4646 muudi.
368 4591 446 4645 Haec
460 4592 494 4643 ad
509 4589 582 4643 hune
596 4593 704 4646 modurn
717 4592 785 4647 duxi
799 4599 931 4662 tauquam
947 4591 1036 4644 ideam
1045 4587 1225 4650 Platonicam,
1243 4593 1345 4657 postea
1359 4583 1465 4639 accessi

101 4674 136 4726 ad
151 4671 359 4744 investigandos
374 4677 464 4725 motus
478 4675 508 4723 et
522 4671 689 4740 deprehendi
704 4674 900 4742 propemodum
917 4670 1008 4725 omnia
1021 4669 1048 4722 in
1063 4684 1099 4722 ea
1112 4667 1284 4731 habitudine,
1299 4672 1332 4720 ut
1345 4681 1462 4737 sperem,

101 4753 172 4807 eitra
191 4751 291 4807 calculi
312 4751 419 4805 ruinam
438 4751 466 4805 in
480 4749 580 4804 dictam
594 4751 708 4807 formam
724 4754 815 4807 omnia
828 4751 955 4823 coaptari
973 4767 1065 4820 posse.
1096 4749 1180 4829 lNihil
1202 4746 1291 4818 magis
1305 4747 1367 4801 cari
1382 4761 1464 4816 quam
