3414 5550
171 277 237 345 430
726 282 771 336 Da
787 279 968 333 mames

172 437 331 501 similium:
356 455 392 499 eo
416 437 479 501 fere
503 439 611 513 modo,
645 456 704 520 quo
735 440 871 501 videmus
894 438 924 501 in
947 438 1116 502 visceribus
1140 437 1272 502 hominis
1293 439 1403 502 omnia
1425 437 1540 521 quidem

171 526 334 607 purgantis
356 529 571 592 commotiones
593 528 749 591 humorum
772 527 901 604 efficere,
927 527 981 590 sed
1005 528 1180 608 specialiter
1201 528 1430 593 rhabarbaruru
1456 528 1539 591 bilis:
1571 603 1574 614 ,

52 672 62 691 ,
173 619 259 689 (nam
288 635 364 696 quae
394 616 522 680 facultas
546 617 731 698 geometriae
755 635 852 697 capax
875 623 938 691 est,
976 636 1035 679 non
1063 618 1105 679 sit
1131 618 1186 681 illa
1214 617 1330 681 coloris
1354 617 1539 698 aliarumque

172 706 201 766 in
225 704 319 766 radiis
344 706 569 784 qualitatum?)
591 705 751 787 potissima
773 713 875 767 mmen
899 704 1035 767 varietas
1058 714 1107 768 est
1129 707 1168 768 ab
1190 706 1260 786 ipsa
1282 724 1463 786 corporum,
1492 707 1538 769 in·

171 793 277 874 primis
301 794 433 870 Terrae,
459 795 673 875 dispositione:
707 814 795 874 quam
826 793 894 855 aliis
917 795 1055 875 partibus
1078 796 1205 876 aliisque
1231 796 1428 876 temporibus
1450 794 1539 857 habet

173 882 276 945 aliam.
310 881 440 953 Quando
464 885 552 960 enim,
577 883 706 963 exempli
730 903 833 957 causa,
857 901 947 945 verno
971 891 1105 963 tempore
1128 885 1270 946 humores
1291 885 1326 946 in
1350 885 1538 965 septentrio-

173 971 234 1034 nali
257 973 369 1033 Terrae
393 974 575 1047 medietate,
605 982 728 1051 propter
750 971 832 1034 Solis
856 991 1030 1048 accessum,
1065 972 1103 1034 de
1131 992 1189 1054 qno
1215 992 1330 1058 supra,
1365 973 1537 1049 abundant,

171 1071 243 1123 tunc
275 1062 323 1122 vel
356 1061 527 1124 levissimus
557 1070 699 1141 aspectus
740 1080 979 1141 quorumcunque
1012 1062 1202 1142 planetarum
1242 1062 1431 1125 facultatem
1459 1062 1539 1126 illauu

172 1150 285 1211 Terrae
309 1150 451 1221 concitat,
476 1159 510 1212 nt
533 1170 600 1214 sese
625 1158 822 1223 commoveat,
848 1157 880 1211 et
903 1149 1020 1229 copiam
1045 1150 1176 1232 aliquam
1194 1169 1346 1231 vaporum
1365 1151 1414 1213 ad
1429 1150 1560 1214 imbres¹

174 1240 417 1319 progenerandos
442 1240 579 1302 exsudet.
626 1239 699 1300 Alio'
722 1247 857 1319 tempore
887 1239 936 1300 vel
965 1239 1031 1300 loco
1063 1248 1206 1318 aspectus
1235 1240 1327 1320 longe
1354 1240 1538 1303 fortissimus

175 1327 299 1390 Terram
323 1327 443 1410 quidem
467 1329 615 1403 stimulat,
639 1328 693 1388 sed
716 1334 840 1406 propter
863 1327 1008 1388 materiae
1032 1327 1183 1391 defectum
1204 1348 1314 1410 parum
1338 1328 1439 1393 elicit.

721 1415 854 1477 Thesis
877 1416 977 1477 XLV.

242 1503 332 1576 ‘Quo
356 1506 424 1568 Ioco
448 1504 644 1585 concipienda
666 1514 716 1566 est
748 1505 810 1566 alia
841 1504 964 1584 insuper
999 1505 1127 1567 necdum
1159 1504 1283 1585 cognita
1312 1524 1428 1569 causa:
1457 1505 1536 1587 cuju

178 1594 327 1673 ignoratio
350 1593 575 1673 praedictiones
599 1594 820 1672 astrologorum
843 1593 1036 1656 vehementer
1058 1594 1170 1656 turbat
1201 1592 1282 1665 Nam
1305 1595 1399 1658 utin
1423 1594 1536 1657 homine

174 1691 244 1744 sunt
276 1684 423 1762 quaedam
455 1683 608 1744 humorum
642 1682 774 1762 periodi,
808 1701 884 1761 quae
908 1674 1056 1759 effi'cinut,
1090 1691 1124 1744 nt
1153 1683 1241 1744 homo
1263 1691 1394 1763 praeter
1417 1702 1534 1747 musam

175 1772 344 1832 evidentem
367 1772 471 1833 crebro
495 1771 524 1832 in
549 1772 678 1852 aliquem
703 1772 843 1832 affectunt
872 1778 1027 1846 vertatur:
1060 1770 1209 1833 interdum
1240 1771 1290 1833 vel
1325 1773 1394 1835 sine
1428 1773 1534 1834 musica

175 1862 217 1922 sit
238 1860 357 1934 hilaris,
390 1879 506 1922 rursum
538 1861 621 1922 nulla
650 1860 803 1922 suavitate
833 1881 852 1920 a
874 1859 1012 1923 tristibus
1036 1860 1270 1940 cogitationibus
1295 1860 1400 1924 averti
1423 1862 1532 1942 possit:

176 1950 214 2010 ad
238 1949 364 2010 eundem
388 1949 478 2027 plane
497 1949 618 2011 mudum
634 1949 833 2028 deprehendo,
853 1957 975 2027 praeter
994 1959 1136 2029 aspectus
1156 1969 1222 2011 esse
1248 1950 1330 2012 alias
1350 1958 1386 2013 et
1400 1951 1532 2015 fortium

175 2038 332 2118 magisque
356 2038 508 2099 durabiles
532 2058 658 2112 causas,
684 2057 759 2117 quae
784 2038 933 2114 efficiunt,
957 2047 991 2099 ut
1014 2038 1131 2118 integer
1153 2038 1262 2118 aliquis
1286 2059 1403 2114 annus,
1429 2049 1531 2121 quanto

175 2136 311 2206 tempore
333 2128 433 2190 nullus
457 2135 599 2205 aspectus
624 2127 722 2203 durat,
747 2127 869 2188 humore
892 2127 1018 2208 ideoque
1042 2135 1074 2188 et
1098 2127 1207 2206 frigore
1230 2127 1326 2190 nimio
1348 2128 1529 2192 detineatur:

175 2216 206 2277 iu
229 2234 286 2296 quo
309 2216 423 2291 videas,
447 2216 496 2277 vel
520 2216 688 2278 levissimos
712 2223 864 2294 aspectus,
890 2217 1007 2294 quoties
1030 2215 1174 2290 incidunt,
1189 2217 1351 2296 plurimum
1371 2217 1530 2297 pluviarum

176 2306 224 2366 vel
249 2312 403 2367 ventorum
427 2305 514 2378 ciere,
541 2305 637 2384 qualis
662 2305 719 2366 fuit
741 2324 837 2365 annus
860 2304 918 2365 iste
946 2301 1039 2380 1601,
1065 2305 1124 2366 alio
1149 2323 1220 2367 vero
1245 2324 1327 2367 anno
1341 2306 1529 2370 tantssioci·

176 2401 225 2455 tas
250 2401 305 2468 est,
330 2401 364 2456 nt
386 2394 441 2454 sub
465 2393 530 2455 dies
554 2402 728 2472 aspectuum
752 2393 825 2454 nihil
848 2392 906 2455 nisi
921 2395 1095 2469 nubeculae,
1116 2401 1169 2456 ant
1191 2395 1258 2457 loco
1274 2413 1426 2475 vaporum
1443 2397 1529 2459 fumus

176 2491 364 2558 excarnetur,
390 2482 487 2563 qualis
511 2483 569 2544 fuit
592 2503 698 2563 annus·
713 2479 808 2545 1599.

713 2570 851 2632 Thesis
874 2570 990 2632 XLVI.

265 2659 316 2721 An
340 2661 414 2722 haec
438 2667 501 2721 tam
525 2659 648 2721 evidens
671 2660 805 2722 varietas
824 2679 861 2720 ex
885 2659 1047 2738 eclipsibus
1062 2658 1144 2721 Solis
1167 2668 1199 2721 et
1221 2659 1330 2723 Lunae
1355 2663 1453 2742 (quas
1471 2667 1531 2725 suut

178 2750 282 2812 itidem
306 2749 384 2811 inter
408 2758 558 2828 aspectus,
584 2749 700 2810 scilicet
722 2749 800 2810 inter
823 2748 1046 2828 conjunctiones
1070 2756 1102 2809 et
1121 2748 1330 2828 oppositiones
1344 2749 1529 2822 referendas)

177 2838 344 2920 proveniat,
368 2838 617 2900 considerandum
641 2839 786 2918 relinquo.
833 2837 1035 2925 statuendum
1058 2836 1149 2915 igitur
1177 2843 1280 2912 esset,
1313 2858 1386 2903 eanr
1415 2840 1455 2904 de
1482 2856 1530 2920 qua

178 2938 242 2990 tam
264 2928 359 2990 multa
383 2927 454 3002 dixi,
479 2927 656 2988 facultatem
680 2927 839 2988 animalem
856 2927 975 3000 Terrae,
1002 2925 1101 2987 subita
1124 2925 1243 2988 luminis
1257 2919 1433 2992 'amissione
1448 2928 1529 2991 vebs-

178 3025 294 3080 menter
323 3016 530 3085 consternari,
574 3024 606 3077 et
638 3016 785 3096 quendam
814 3015 900 3094 quasi
934 3016 1074 3077 affectum
1104 3015 1261 3095 concipere
1293 3016 1387 3099 inque
1417 3019 1530 3081 mulcnn

178 3114 295 3185 tempus
317 3124 494 3185 prorogare,
526 3106 605 3184 quod
628 3113 660 3166 et
683 3105 909 3184 Theophrastus
937 3123 996 3165 non
1020 3104 1128 3185 ubique
1152 3104 1309 3167 fabulosus
1331 3107 1471 3170 sensisse
1490 3103 1530 3167 vi·

178 3194 275 3257 detur.
323 3194 390 3256 Nisi
415 3194 491 3255 enirn
516 3203 568 3256 aut
591 3195 668 3256 hanc
693 3213 817 3256 causam
848 3194 982 3273 alleges,
1017 3200 1070 3254 aut
1102 3195 1239 3262 omuibus
1267 3195 1374 3258 causis
1408 3193 1530 3279 physicis

178 3284 301 3364 rejectis
338 3284 395 3345 hoc
428 3290 554 3344 naturae
598 3302 673 3363 opus
713 3282 893 3364 ordinarium
931 3282 1188 3345 extraordinariae
1227 3281 1286 3344 Dei
1328 3283 1530 3365 providentiae

178 3372 378 3446 transcribas,
404 3372 555 3454 explicare
579 3391 638 3434 nou
661 3371 790 3451 poteris,
822 3390 881 3451 qua
904 3371 1020 3433 ratione
1045 3372 1174 3452 eclipses
1196 3379 1262 3435 tam
1284 3371 1351 3436 sint
1372 3374 1530 3437 ominosas·

712 3461 846 3522 Thesis
869 3461 1002 3523 XLVII.

266 3552 312 3613 At
335 3549 433 3631 magis
458 3556 691 3614 consentaneum
715 3558 779 3624 est,
802 3550 880 3611 idem
905 3550 953 3611 hic
976 3550 1087 3612 Terrae
1112 3549 1190 3629 quod
1222 3548 1434 3613 animantibus
1460 3569 1530 3613 mu·

179 3638 300 3703 talitate
325 3638 429 3703 demta
453 3640 591 3713 evenire,
625 3647 658 3701 ut
690 3658 728 3700 ex
759 3639 878 3701 interna
907 3639 1036 3721 quadam
1064 3637 1260 3716 dispositione
1288 3659 1363 3703 suos
1387 3640 1532 3703 humum

178 3730 320 3792 circuitus
354 3738 385 3791 et
419 3729 505 3810 quasi
528 3728 647 3790 morbos
671 3728 817 3790 habeat:
839 3749 915 3810 qnae
938 3728 963 3789 si
988 3735 1071 3802 sunt,
1100 3728 1184 3807 leges
1208 3735 1240 3789 et
1263 3736 1408 3809 tempora
1431 3726 1530 3793 circui·

179 3827 261 3880 tuum
285 3838 322 3879 ex
345 3818 538 3897 plurimorum
561 3837 706 3879 annorum
731 3817 851 3880 collatis
874 3816 1153 3886 observationibus,
1182 3816 1261 3896 quod
1288 3817 1443 3882 hacteuus
1464 3834 1530 3881 nou-

181 3907 250 3968 dum
274 3916 321 3969 esl
346 3908 475 3983 factum,
499 3907 729 3986 investigandae
760 3915 840 3968 sunt.
887 3904 1044 3970 Caesius
1075 3905 1123 3966 hic
1155 3906 1239 3986 cyclo
1271 3902 1531 3971 decemnovennali

179 3996 284 4057 Lunae
309 3996 421 4077 ailquid
444 3996 564 4069 tribuit;
598 3996 644 4056 cui
677 3996 794 4077 quidem
828 3996 901 4057 fides
930 3994 1025 4057 omnis
1051 3993 1190 4074 derogari
1213 4011 1273 4057 non
1294 4004 1417 4078 potest.
1463 3996 1531 4060 Nan

179 4091 210 4146 et
233 4085 325 4145 maris
349 4094 452 4148 aestus
477 4085 599 4147 maximi
623 4093 694 4163 post
721 4082 760 4148 19
785 4104 879 4146 annos
904 4085 943 4146 ad
967 4083 1089 4146 eosdem
1113 4083 1182 4145 anni
1206 4083 1271 4145 dies
1294 4085 1414 4149 reverti
1437 4107 1457 4148 a
1473 4103 1530 4148 mc·

179 4173 289 4235 ritimis
313 4175 461 4237 feruutur:
487 4182 520 4236 et
542 4175 630 4236 Luna
652 4173 824 4236 humoribus
845 4175 1021 4249 destinata,
1054 4173 1123 4236 hnic
1149 4172 1288 4253 negotio,
1319 4176 1404 4258 quod
1430 4176 1463 4239 in
1484 4174 1531 4237 bu-

178 4281 293 4326 morum
316 4282 444 4326 excessu
466 4265 517 4325 vel
540 4265 660 4326 defectu
684 4263 833 4339 consistit,
857 4264 966 4325 idonea
987 4262 1083 4325 videri
1106 4269 1217 4342 potest.

708 4353 841 4414 Thesis
864 4353 1011 4414 XLVIII.

269 4439 332 4504 Sed
355 4449 386 4503 et
408 4443 500 4505 tertia
523 4460 616 4504 causa
639 4431 750 4523 magna
773 4442 1030 4504 verisimilitudine
1060 4458 1092 4502 se
1120 4438 1269 4502 insinuat:
1294 4440 1413 4504 multas
1435 4440 1530 4505 sublu-

181 4530 262 4592 naris
296 4538 422 4592 naturae
459 4531 695 4605 commotiones,
728 4552 803 4612 quas
836 4531 913 4593 citra
945 4538 1086 4612 aspectus
1114 4528 1263 4591 interdum
1296 4530 1440 4594 accidere
1469 4526 1528 4599 dixi.

180 4620 252 4682 cieri
275 4621 313 4683 ab
338 4619 518 4682 harmonicis
541 4622 731 4701 planetarum
754 4621 894 4683 motibus.
934 4621 1055 4682 Etenim
1078 4619 1105 4680 si
1125 4617 1529 4699 proportionatnsradiorum

180 4709 307 4789 angulus
330 4710 387 4772 hoc
411 4710 519 4772 eflicit:
553 4710 655 4789 quidni
678 4718 710 4773 et
731 4709 952 4790 proportionati
975 4710 1111 4772 binarum
1135 4708 1291 4770 stellarum
1315 4719 1437 4785 motus,
1463 4723 1528 4790 quo·

180 4797 238 4860 ties
271 4799 310 4862 ad
343 4818 432 4861 unum
464 4807 640 4862 concentum
669 4800 856 4864 tenduntur?
888 4800 932 4863 sic
960 4806 994 4862 ut
1024 4798 1149 4880 aequale
1178 4796 1312 4878 spatium
1341 4798 1434 4864 citius
1462 4796 1527 4861 alis
