3428 5542
243 305 311 371 2⁷0
736 329 738 335 ¹
788 305 910 370 Apologia
927 304 1052 368 reem

243 465 290 528 Ex
318 464 366 527 his
389 473 518 544 apparet
539 463 658 525 occasio
682 463 826 542 genuina,
856 481 931 542 quae
956 462 1119 542 Apollonio
1147 461 1225 523 hauc
1248 462 1443 525 assumtionis
1476 463 1606 524 formam

243 552 495 634 suppeditaverit.
543 552 620 613 Nam
649 551 727 631 quod
752 569 909 612 accessum
932 559 965 612 et
986 569 1138 612 recessum
1169 551 1359 630 planetarum
1387 551 1427 613 ad
1449 569 1505 612 nos
1533 568 1608 630 prn-

243 643 444 723 portionalem
467 640 654 703 conversioni
680 639 762 702 Solis
787 640 906 713 attinet,
932 640 1057 701 eundern
1082 640 1173 701 etiam
1192 640 1400 702 Ptolemaicae
1421 639 1608 723 hypotheses

244 730 399 795 exhibent.
446 730 552 810 Itaque
576 728 673 791 adhuc
698 728 769 790 nihil
793 735 851 799 est,
875 746 934 807 quo
957 747 1025 789 sese
1040 737 1162 790 tueatur
1176 729 1273 790 Ursus
1296 729 1491 808 obtineatque
1505 727 1607 807 Apol·

245 818 433 881 loniumesse
448 818 632 879 inversorum
646 817 952 890 Aristarchiauarum,
968 835 1102 897 quaeque
1118 817 1252 899 Tyclioui
1270 818 1425 891 debentur,
1441 828 1606 878 auctorem.

332 907 388 969 His
412 906 490 968 adde
514 912 546 966 et
569 905 641 976 hoo,
671 906 839 984 quodcum
863 905 1063 984 inaequalitas
1090 907 1143 966 illa
1165 916 1279 980 motus,
1311 924 1401 985 quam
1425 905 1610 985 Apollonius

245 1015 342 1057 asna
365 994 621 1057 demonstratione
653 993 820 1071 sejunctam
850 1012 919 1054 esse
942 993 1051 1068 voluit,
1086 994 1199 1073 negligi
1223 1002 1368 1074 nequeat,
1403 993 1506 1074 itaque
1529 1010 1609 1072 apo-

246 1102 354 1164 gaeum
387 1091 420 1144 et
450 1083 623 1162 perigaeum
655 1082 685 1143 iu
718 1083 797 1155 linea
825 1081 900 1152 HN,
934 1081 987 1144 GE
1020 1083 1064 1154 (in
1099 1082 1211 1144 schem.
1246 1083 1364 1167 quinto)
1398 1100 1520 1160 semper
1550 1080 1608 1142 sihi

247 1172 306 1254 ipsi
329 1172 477 1252 parallela
499 1170 642 1233 constitui
667 1170 790 1245 debeat,
814 1191 854 1231 ex
876 1189 912 1231 eo
936 1171 1049 1244 evenit,
1084 1180 1118 1232 nt
1141 1170 1198 1232 ΑΕ
1221 1171 1348 1251 apogaei
1373 1170 1485 1232 lineam
1505 1170 1609 1232 dicere

243 1261 307 1341 jam
330 1278 418 1340 porro
441 1279 499 1322 non
524 1259 672 1338 possimus
696 1268 820 1339 totaque
844 1259 1071 1320 nomenclatura
1094 1259 1244 1339 Tychonis
1270 1260 1390 1321 differat
1412 1252 1451 1320 ab
1475 1258 1608 1338 Apollo·

248 1348 306 1413 aio.
353 1347 456 1419 Quare
480 1367 576 1428 neque
599 1355 712 1409 motum
735 1348 877 1427 planetae
900 1348 931 1408 in
954 1347 1168 1427 praecedentia
1191 1348 1255 1410 lieri
1278 1347 1388 1409 statuit
1410 1367 1449 1408 ex
1472 1349 1502 1408 Δ
1525 1347 1556 1408 in
1570 1347 1609 1420 B,

248 1438 301 1501 sed
329 1437 360 1500 in
388 1437 603 1516 consequentia
631 1455 668 1497 ex
693 1434 718 1498 C
743 1438 771 1497 iu
795 1436 821 1496 B
850 1444 956 1497 contra
985 1455 1073 1515 quam
1096 1437 1286 1514 Apollonius.
1335 1439 1370 1498 ln
1398 1444 1495 1496 tauta
1509 1453 1610 1497 rerum

247 1526 498 1605 terminorumque
521 1524 699 1586 diversitate
725 1526 838 1586 frustra
862 1525 981 1586 laborat
1004 1525 1312 1607 Ursusahstractam
1336 1545 1355 1585 a
1377 1525 1519 1605 Tychoue
1543 1524 1609 1585 tor·

247 1633 326 1677 maru
350 1613 560 1696 hypothesium
584 1613 621 1674 ad
645 1613 838 1692 Apollonium
862 1613 988 1674 deferre.

1419 1819 1452 1866 U

829 2175 949 2274 Caput
975 2173 1039 2249 IV.

247 2332 320 2396 Non
348 2292 478 2409 ,enswre
508 2330 603 2397 ullibi
633 2333 817 2395 montionem
854 2334 1084 2415 hypotlreet'um‚
1123 2353 1204 2415 quos
1237 2335 1344 2418 tycho
1383 2334 1446 2397 sihi
1484 2338 1609 2411 amit,

699 2421 802 2485 Ursus
824 2420 994 2503 Apollonio
1017 2423 1155 2506 efficacit.

334 2581 445 2643 Nescio
479 2598 536 2660 quo
570 2580 680 2642 affectu
708 2581 882 2643 stimulante
914 2580 944 2640 id
975 2598 1065 2642 unum
1095 2580 1160 2659 agit
1187 2581 1298 2655 Ursus,
1332 2587 1367 2641 nt
1388 2580 1541 2662 Tychouis
1573 2581 1610 2642 ds

246 2671 354 2732 mundo
388 2670 599 2749 conceptiones
624 2670 800 2749 antiquitati
824 2678 963 2742 asserat,
993 2669 1185 2730 manifestam
1219 2669 1339 2730 verimti
1373 2669 1433 2731 vim
1467 2669 1609 2732 aderens.

246 2756 378 2821 Primum
407 2777 444 2817 ex
468 2757 621 2819 veteribus
649 2757 678 2819 in
708 2759 803 2818 aciem
827 2777 919 2837 supra
946 2759 1129 2835 produxerat
1154 2757 1356 2836 Apollonium.
1403 2756 1439 2819 Si
1467 2758 1524 2819 hoc
1553 2758 1610 2819 de·

248 2846 427 2908 tendendum
452 2847 654 2924 suscepisset,
686 2848 898 2924 cognationem
923 2846 1070 2924 quandam
1094 2845 1280 2907 intercedere
1303 2845 1508 2924 Apolloniano
1536 2864 1610 2926 pro·

245 2933 371 2998 blemati
387 2953 452 2994 cum
468 2934 617 3015 Tychonis
633 2936 863 3015 hypothesibus,
888 2941 1010 3014 poterat
1032 2934 1156 2996 tolerari
1178 2934 1298 3014 partim,
1327 2935 1355 2995 iu
1379 2934 1491 2997 ceteris
1513 2953 1611 2997 eucn-

247 3024 319 3086 sari.
367 3023 452 3083 linire
481 3022 550 3101 quia
577 3022 667 3101 plane
696 3032 853 3101 utrumque
886 3031 1050 3101 exaequat,
1085 3023 1227 3102 apparuit
1257 3023 1393 3101 proximo
1422 3023 1524 3102 capite
1557 3041 1611 3084 eos

248 3131 304 3174 uou
334 3111 421 3190 plene
444 3110 524 3172 Urso
556 3110 649 3172 luisse
683 3111 840 3189 cognitos,
873 3111 992 3171 minime
1023 3130 1094 3172 vero
1122 3112 1169 3173 vel
1201 3112 1311 3173 lectum
1346 3112 1393 3173 vel
1423 3111 1611 3173 intellectum

248 3197 402 3280 Apollonii
424 3198 588 3277 problema
636 3197 786 3277 Cognatio
811 3207 911 3259 autern
936 3199 988 3259 illa
1012 3199 1224 3279 hypothesium
1246 3200 1396 3279 'lychonis
1419 3218 1488 3261 curn
1506 3202 1609 3277 Apol-

247 3287 319 3350 lonii
347 3288 551 3369 problemate,
584 3306 673 3367 quarn
705 3296 735 3348 et
765 3306 857 3365 supra
885 3287 1090 3349 demonstravi
1123 3299 1154 3350 et
1177 3288 1243 3365 jam
1266 3288 1390 3350 concedi
1421 3306 1512 3367 posse
1535 3288 1610 3363 dixi,

242 3376 306 3457 jam
330 3376 449 3456 quidem
473 3376 611 3449 cernitur,
636 3383 795 3455 postquam
811 3376 913 3456 Tycho
938 3396 1021 3436 suam
1046 3377 1145 3438 mnndi
1170 3377 1294 3438 formam
1316 3376 1532 3438 diversissimis
1557 3377 1608 3437 iu-

247 3465 354 3527 ductus
378 3464 562 3542 argumentis
586 3473 616 3525 et
631 3465 789 3528 coustituit
803 3473 837 3526 et
855 3465 998 3543 prodidit.
1046 3465 1170 3544 Absque
1187 3465 1244 3526 hoc
1259 3473 1352 3538 esset,
1376 3465 1456 3525 haud
1471 3465 1611 3546 equidem

247 3553 321 3625 scio,
344 3572 383 3613 an
408 3553 563 3632 quisquam
594 3552 669 3614 adeo
695 3553 774 3615 felici
803 3555 919 3613 iuturus
945 3553 1052 3613 luisset
1074 3553 1208 3639 ingenio,
1244 3561 1277 3619 ut
1308 3572 1347 3614 ex
1364 3553 1430 3614 solo
1454 3553 1611 3633 Apollonii

246 3642 434 3724 problemate
450 3641 587 3720 inspecto
603 3643 631 3702 iu
647 3643 796 3724 Tyclronis
820 3641 1024 3720 cogitationes
1039 3642 1170 3703 incidere
1185 3642 1354 3722 potuisset3
1379 3642 1455 3703 adeo
1479 3642 1611 3705 obscura

248 3741 297 3794 est
320 3732 395 3792 haec
420 3730 561 3810 coguatio
585 3750 751 3811 coecusque
775 3730 931 3792 transitus.

336 3819 425 3882 Alter
455 3838 493 3880 ex
521 3820 673 3881 veteribus
697 3820 829 3903 Tychoui
859 3820 897 3880 ab
921 3820 999 3881 Urso
1028 3828 1170 3896 tanquam
1198 3818 1332 3879 aemulus
1360 3819 1399 3879 ob
1423 3819 1527 3881 oculos
1550 3822 1611 3882 ad·

248 3906 367 3971 ducitur
389 3906 599 3971 Martianus
624 3908 793 3988 Capella,
813 3903 854 3980 ¹³)
883 3908 913 3968 iu
938 3925 996 3986 quo
1019 3906 1112 3967 multo
1135 3907 1232 3968 adhuc
1256 3907 1434 3969 imbecillius
1458 3917 1524 3970 stat
1546 3909 1611 3973 Ur·

248 4016 300 4060 sus
331 4015 420 4077 quam
450 3996 479 4056 in
503 3997 675 4077 Apollonio.
722 3997 842 4059 Etenim
867 3996 893 4055 is
916 4006 1035 4066 auctor,
1068 4014 1135 4055 cum
1163 3996 1321 4058 honestam
1349 4016 1366 4056 e
1391 3996 1488 4058 literis
1517 3999 1611 4060 animi

248 4086 465 4148 recreationem
488 4095 607 4165 peteret
630 4086 692 4158 (ric
715 4085 793 4146 enim
822 4084 962 4163 politicus
985 4094 1053 4143 erat
1081 4092 1114 4142 et
1135 4102 1261 4162 praeses
1284 4085 1438 4158 Africae),
1469 4089 1612 4165 poeticen

248 4173 498 4255 encyclopaediae
522 4175 702 4253 conjungere
727 4173 851 4245 statuit,
883 4172 1043 4250 tabulaque
1067 4174 1254 4250 pereleganti
1284 4174 1412 4234 conficta
1435 4175 1473 4234 de
1496 4176 1613 4255 nuptiis

248 4261 390 4325 Mercurii
414 4269 446 4322 et
464 4261 662 4342 Philologiae,
687 4281 753 4323 cum
776 4261 999 4341 philosophiam
1013 4260 1202 4322 Platonicam
1225 4270 1289 4323 tum
1311 4262 1340 4322 iu
1364 4263 1465 4342 specie
1491 4274 1613 4343 septem

248 4360 333 4412 artes
357 4352 407 4423 (ut
429 4351 633 4428 appellamus)
659 4350 801 4412 liberales
825 4350 870 4411 ita
893 4349 996 4428 tetigit
1018 4358 1050 4408 et
1071 4350 1228 4427 percurrit,
1253 4361 1287 4411 ut
1309 4370 1367 4411 nou
1382 4363 1500 4413 tautum
1521 4372 1612 4415 sum·

248 4458 328 4503 mam
358 4439 503 4517 cujusque
534 4438 709 4499 breuissime
742 4450 921 4518 exponeret,
954 4438 1009 4499 sed
1042 4439 1132 4498 etiam
1156 4438 1297 4518 quidquid
1326 4439 1355 4500 iu
1383 4441 1511 4518 siugulis
1543 4443 1612 4520 ipse

249 4527 493 4606 deprehendebat
517 4526 643 4603 insigne,
667 4527 848 4599 abstrusum,
873 4526 1094 4598 admirandum,
1119 4538 1172 4586 aut
1194 4527 1257 4588 tale
1285 4529 1364 4608 quod
1387 4528 1485 4608 ipsum
1507 4531 1610 4611 potis·

248 4616 353 4678 mum
378 4615 541 4685 alliciebat,
565 4615 596 4674 id
620 4635 687 4676 curu
710 4615 871 4694 diligentia
885 4616 1115 4694 cincinnatoque
1137 4615 1217 4696 stylo
1232 4616 1408 4678 inculcaret.
1455 4618 1489 4678 lu
1504 4630 1611 4680 astro·

249 4704 349 4765 nomia
370 4702 575 4774 hlacrobium,
599 4703 730 4765 Plinium
753 4714 785 4764 et
809 4704 980 4766 l'itrurium
1003 4703 1193 4783 potissimum
1217 4716 1338 4767 secutus
1361 4716 1426 4777 est,
1451 4706 1612 4769 &manns

249 4790 377 4853 latinos
400 4791 566 4872 scriptores
592 4792 682 4871 idque
705 4792 799 4867 adse
823 4800 856 4854 nt
880 4792 1053 4874 nequidem
1068 4791 1107 4852 ah
1120 4793 1271 4855 emonhss
1293 4812 1396 4857 eorum
1418 4793 1610 4871 emmena
