3428 5542
678 324 765 368 contra
783 317 881 409 Ursum
1189 395 1191 399 ,
1388 321 1453 392 273

97 469 153 529 scd
175 475 298 549 propter
320 470 517 551 evagationes
540 473 670 536 Veneris
694 482 726 537 et
747 476 890 539 Mercurii
917 477 1009 539 dividi
1038 477 1068 538 in
1097 486 1170 541 tres.
1217 478 1252 541 Id
1280 487 1384 547 antem
1409 483 1452 560 dt,
1502 496 1504 502 “

98 558 123 619 si
147 555 202 620 Sol
229 565 334 620 teneat
361 560 576 631 eccentricum,
609 563 716 624 Venus
748 572 780 626 et
803 564 970 628 Mercurius
1000 565 1136 646 singulos
1164 566 1195 628 in
1224 586 1260 629 eo
1291 569 1453 652 spicyclos.

95 645 215 707 Deinde
238 648 306 709 vide
329 646 403 709 mihi
425 647 583 712 Platonem
606 651 694 731 quasi
717 670 755 713 ex
773 653 919 715 Martiani
943 654 1095 715 schemate
1119 662 1325 737 recensentem
1348 659 1452 720 ordine

98 733 217 809 Solem,
250 736 444 811 Mercurium,
478 737 643 800 Venerem:
680 759 738 801 non
772 749 878 803 contra
901 740 1018 816 Solem,
1049 742 1213 812 Venerem,
1250 744 1452 821 Mercurium:

98 823 265 885 Mercurius
292 824 371 885 enirn
402 825 459 886 hac
488 826 603 888 ratione
629 828 751 908 propior
777 830 811 890 lit
834 829 900 891 Soli
923 849 1013 909 quam
1037 830 1153 892 Venus.
1200 829 1303 893 Tertio
1326 832 1452 912 phrasin

99 911 239 991 loquendi
261 913 554 992 „comprehendere“
584 933 639 994 pro
668 917 846 978 antecedere
873 917 995 979 videtur
1017 919 1107 980 Plato
1132 915 1276 997 Capellae
1306 921 1451 1001 suppedi-

96 1008 192 1062 tasse.
239 997 358 1071 Quarto
382 1008 414 1062 et
425 1001 541 1063 Plinius
565 1022 650 1065 suam
674 1022 778 1066 vocem
800 1025 984 1081 „conversas
1007 1006 1154 1085 apsidas“
1176 1025 1215 1068 ex
1227 1008 1365 1069 Pla'touis
1379 1027 1453 1070 voce

96 1088 302 1163 „contrariam
333 1089 416 1150 vim“
443 1090 604 1153 deduxisse
634 1091 763 1155 videtur.
811 1095 916 1175 ltaque
946 1094 1003 1156 duo
1032 1093 1075 1168 hi,
1108 1094 1225 1156 Plinius
1256 1102 1288 1156 ει
1315 1093 1453 1176 Capella,

97 1177 256 1239 Platonem
275 1177 385 1239 imitati
408 1177 502 1239 videri
526 1189 655 1258 possunt
677 1201 819 1262 suamque
839 1202 876 1244 ex
900 1183 956 1244 hoc
980 1182 1119 1244 hausisse
1142 1183 1335 1246 sententiam.
1374 1182 1451 1248 Om-

98 1267 178 1327 nium
202 1284 272 1328 vero
300 1266 546 1329 manifestissime
569 1268 756 1344 Macrobius,
787 1270 837 1350 qui
859 1271 939 1333 inter
970 1279 1125 1350 utrumque
1152 1270 1229 1332 vixit
1258 1272 1361 1352 quinto
1383 1280 1455 1352 post

98 1353 254 1416 Christum
283 1354 399 1427 seculo:
431 1354 458 1415 is
482 1356 560 1417 enim
600 1376 633 1418 se
666 1359 859 1440 manifestum
886 1359 1024 1421 Platonis
1057 1360 1253 1437 interpretem
1284 1361 1451 1438 profitetur.

100 1441 291 1517 „Ciceroni“,
320 1441 418 1522 iuquit
440 1441 625 1515 (Comment.
650 1446 680 1506 in
696 1445 852 1509 Somnium
866 1445 1017 1526 Scipionis
1032 1447 1057 1522 I,
1085 1443 1151 1521 19),
1177 1447 1397 1521 „Archimedes
1421 1457 1455 1512 et

99 1530 324 1593 Chaldaeomm
346 1530 424 1592 ratio
457 1533 623 1608 consentit,
657 1534 746 1595 Plato
769 1534 940 1616 Aegyptios
973 1536 1103 1596 omnium
1125 1533 1333 1615 philosophiae
1358 1536 1458 1599 disci·'

98 1618 247 1698 plinarum
277 1627 420 1698 parentes
449 1628 570 1683 secutus
594 1629 654 1696 est,
690 1623 739 1702 qni
766 1623 812 1684 ita
835 1623 937 1685 Solem
965 1623 1044 1685 iuter
1072 1623 1190 1685 Lunam
1218 1632 1250 1684 ct
1271 1624 1453 1688 Mercurium

98 1708 232 1769 locatum
255 1708 369 1782 volunt,
395 1708 598 1770 strationem
622 1717 723 1771 tamen
747 1710 1000 1791 deprehenderint
1022 1717 1054 1772 et
1078 1710 1237 1780 edixerint,
1261 1729 1314 1773 cur
1333 1733 1352 1774 a
1374 1732 1451 1775 nou-

13 1856 15 1860 ,
98 1795 191 1858 ιιιιΙΙίε
220 1794 274 1857 Sol
302 1813 394 1874 supra
409 1790 597 1858 Mercurium
625 1816 774 1879 supraque
803 1801 955 1861 Venerem
978 1818 1046 1861 esse
1079 1799 1227 1861 credatur.
1283 1800 1365 1863 Nam
1385 1796 1452 1863 ’nec

99 1884 157 1958 illi,
193 1884 243 1963 qui
265 1884 311 1946 ita
333 1884 523 1960 existimant,
557 1886 699 1965 aspecie
722 1887 787 1949 veri
815 1888 919 1967 procul
951 1887 1126 1950 aberrant.“
1172 1887 1239 1950 Uno
1270 1888 1362 1950 verbo
1395 1889 1452 1951 boc

101 1972 178 2034 dicit
190 1971 374 2046 Macrobius,
398 1981 557 2052 utrumque
581 1975 800 2054 quodammodo
824 1994 927 2038 verum
950 1994 1028 2047 esse,
1052 1982 1084 2037 ει
1107 1976 1186 2055 quod
1200 1974 1256 2037 Sol
1278 1994 1369 2054 supra
1383 1978 1451 2039 Ve-

99 2079 201 2123 nerem
225 2066 258 2122 et
278 2061 461 2123 Mercurium
486 2063 539 2135 sit,
571 2071 602 2124 et
625 2065 703 2143 quod
726 2064 814 2127 infra.
861 2063 1019 2144 Sequitur:
1043 2061 1244 2144 „Opinionem
1267 2083 1338 2126 vero
1361 2064 1451 2127 istius

99 2147 329 2229 permutationis
356 2149 526 2228 hujusmodi
555 2151 633 2211 ratio
655 2153 842 2230 persuasit.“
885 2152 1123 2223 Permutationis
1151 2170 1224 2212 vocs
1252 2152 1372 2215 videtur
1397 2152 1452 2215 illa

98 2237 238 2299 Platonis
261 2237 355 2298 verba
377 2238 596 2318 perstringere:
622 2241 899 2320 „comprehendunt
914 2261 946 2302 se
961 2247 1064 2302 mutuo
1079 2248 1111 2301 ει
1126 2240 1451 2319 comprehenduntur.“

99 2323 198 2400 Quod,
224 2325 330 2405 inquit,
347 2326 436 2387 Plato
456 2326 597 2404 opinatus
612 2336 669 2402 est,
698 2329 790 2390 situm
805 2329 910 2391 homm
933 2329 1056 2390 duorum
1080 2347 1218 2390 erronum
1242 2338 1273 2391 et
1295 2327 1377 2391 Solis
1400 2329 1449 2391 in-

98 2414 219 2476 terdum
242 2432 309 2476 cum
333 2415 483 2476 contrario
506 2416 679 2495 permutari,
704 2435 798 2478 causa
820 2417 895 2479 haec
920 2417 991 2479 luit:
1015 2436 1057 2491 „a
1072 2415 1195 2478 Saturni
1210 2417 1348 2495 sphaera,
1373 2436 1450 2497 quae

99 2509 149 2564 est
171 2503 269 2581 prima
292 2502 330 2564 de
349 2510 475 2582 septem,
500 2522 592 2583 usque
617 2504 655 2565 ad
680 2505 839 2584 sphaeram
861 2503 950 2566 Jovis
973 2527 992 2566 a
1015 2524 1132 2566 summa
1159 2504 1321 2567 secundam
1352 2505 1449 2567 inter-

95 2591 172 2670 jecti
200 2590 293 2671 spatii
322 2598 411 2652 tanta
435 2600 483 2652 est
514 2592 676 2664 distantia,
716 2602 750 2654 ut
778 2594 895 2655 zodiaci
923 2593 1069 2655 ambitum
1110 2593 1246 2672 superior
1278 2589 1320 2654 30
1353 2594 1449 2664 annis,

102 2677 142 2742 12
167 2699 238 2740 vero
266 2680 354 2741 annis
384 2679 521 2759 subjecta
549 2681 696 2742 conficiat.
743 2681 860 2743 Rursus
890 2689 1051 2744 tantuma
1079 2680 1156 2742 Jove
1186 2681 1317 2759 sphaera
1339 2681 1450 2744 Martis

99 2768 228 2842 recedit,
261 2775 296 2830 ιιι
325 2768 452 2829 eundem
475 2787 593 2830 cursum
626 2768 744 2830 biennio
772 2769 933 2850 peragat.“
978 2770 1036 2831 His
1065 2778 1097 2830 ει
1126 2770 1320 2849 sequentibus
1348 2770 1449 2833 verbis

99 2857 194 2918 habes
217 2857 496 2937 interpretationem
520 2858 599 2937 ejus,
625 2859 703 2937 quod
725 2859 815 2919 Plato
846 2860 932 2929 dicit,
966 2857 1125 2938 „posuisse
1148 2858 1245 2918 Deum
1270 2876 1395 2937 corpora
1418 2857 1448 2920 in

98 2946 230 3007 ambitus
254 2962 320 3018 eos,
351 2963 424 3024 quos
448 2945 591 3025 cujusque
613 2943 787 3025 periodus‘,
811 2955 885 3008 nota
908 2967 950 3009 so.
975 2946 1121 3026 temporis
1148 2946 1328 3008 restitutorii
1352 2965 1449 3028 quan-

99 3035 185 3108 titas,
210 3033 372 3097 desideret.
418 3033 524 3113 Pergit
537 3035 729 3096 Macrobius:
754 3037 882 3110 „Venus
906 3044 1008 3098 antem
1031 3043 1080 3097 est
1101 3041 1188 3096 tanto
1202 3035 1323 3113 regione
1338 3035 1448 3096 Martis

97 3122 230 3196 inlerior,
255 3129 290 3183 nt
312 3121 340 3183 ei
364 3141 459 3184 annus
483 3122 559 3184 satis
583 3123 624 3184 sit
647 3124 683 3184 ad
707 3124 861 3186 zodiacum
883 3123 1113 3204 peragrandum.
1159 3122 1230 3184 Jam
1248 3142 1320 3185 vero
1335 3122 1449 3185 Veneri

98 3212 144 3273 ita
160 3211 298 3291 proxima
311 3217 361 3272 εει
374 3211 465 3272 stella
477 3211 619 3273 Mercurii
634 3221 665 3273 et
683 3213 831 3275 Mercurio
847 3211 901 3275 Sol
913 3213 1105 3293 propinquus,
1130 3220 1164 3273 ιιι
1183 3211 1212 3272 hi
1228 3218 1291 3274 tres
1310 3215 1449 3277 coelum

97 3318 197 3362 suum
221 3300 352 3372 (coelum
376 3298 406 3361 in
429 3299 573 3378 singulari
597 3300 685 3374 dicit)
709 3301 775 3380 pari
799 3303 942 3380 temporis
966 3301 1074 3381 spatio,
1099 3301 1119 3363 i.
1135 3319 1162 3362 e.
1186 3320 1273 3370 anuo,
1296 3300 1364 3379 plus
1388 3299 1447 3361 mi-

98 3407 208 3462 nusve,
232 3388 426 3450 circumeant.
474 3388 547 3449 Ideo
571 3395 602 3449 et
626 3387 734 3451 Cicero
758 3387 813 3450 hos
837 3390 911 3451 dnos
936 3409 1039 3452 cursus
1063 3389 1188 3451 comites
1212 3388 1293 3450 Solis
1316 3389 1448 3465 vocavit,

97 3478 169 3558 quia
189 3477 222 3538 in
244 3477 311 3558 pari
334 3477 433 3556 spatio
457 3477 545 3556 longe
569 3499 588 3538 a
611 3497 643 3538 se
668 3478 1020 3557 nunquam'recedunt“
1066 3478 1179 3538 Iterum
1206 3477 1385 3556 particulam
1409 3478 1446 3539 de

97 3573 185 3628 textu
208 3565 347 3628 Platonis
371 3565 584 3645 supraposito
609 3566 762 3645 explicuit.
809 3565 967 3645 Sequitur:
998 3565 1109 3640 „Luna
1138 3574 1240 3626 autem
1269 3572 1387 3626 tantum
1410 3566 1448 3627 ab

96 3654 145 3716 bis
174 3654 313 3716 deorsum
341 3654 483 3727 recessit,
515 3661 559 3728 ut,
593 3656 672 3735 quod
699 3654 730 3716 hi
759 3673 847 3729 anno,
876 3650 919 3716 28
952 3654 1056 3715 diebus
1083 3653 1151 3731 ipsa
1179 3653 1325 3714 conficiat.
1375 3653 1448 3714 Ideo

96 3761 193 3822 neque
217 3744 253 3804 de
277 3741 367 3804 trium
391 3741 575 3822 superiorum
599 3743 717 3816 ordine,
750 3762 838 3822 quem
861 3742 1021 3803 manifeste
1045 3742 1183 3821 clareque
1208 3740 1366 3820 distinguit
1388 3741 1447 3803 im-

95 3850 202 3893 mensa
225 3831 379 3905 distantia,
403 3850 498 3911 neque
523 3830 560 3892 de
583 3832 688 3893 Lunae
712 3830 848 3910 regione,
874 3849 950 3909 quae
974 3830 1012 3891 ab
1036 3829 1171 3891 omnibus
1195 3829 1321 3891 multum
1343 3849 1447 3892 reces—
1507 3853 1509 3855 ¹

95 3921 147 3994 sit,
173 3920 251 3981 inter
273 3928 393 3981 veteres
418 3920 519 3999 aliqua
542 3920 600 3981 luit
622 3919 781 3981 dissensio.
827 3920 942 3980 Horum
964 3936 1035 3979 vero
1055 3917 1145 3978 trium
1168 3917 1225 3979 sibi
1248 3917 1449 3997 proximorum

96 4008 237 4083 Veneris,
261 4007 405 4070 Mercurii
428 4016 461 4069 et
479 4006 560 4070 Solis
584 4009 717 4071 ordinem
742 4007 851 4068 vicinia
875 4007 1038 4080 confundit,
1063 4006 1118 4066 sed
1141 4006 1222 4084 apud
1244 4006 1330 4069 alios.
1368 4007 1448 4069 Nam

95 4096 317 4178 Aegyptiorum
341 4096 496 4160 solertiam
518 4097 597 4160 ratio
621 4116 680 4159 non
704 4095 794 4177 fugit,
819 4114 895 4177 qnae
919 4095 991 4156 talis
1015 4094 1095 4156 est.“
1141 4092 1175 4157 Si
1199 4112 1288 4175 quem
1311 4094 1447 4157 obscuri-

93 4195 158 4260 tas,
185 4203 261 4266 quae
285 4186 314 4247 in
338 4186 395 4248 hoo
419 4205 534 4266 qnoque
558 4193 681 4248 auctore
704 4185 848 4248 nonnulla
871 4192 932 4258 est,
964 4184 994 4244 in
1019 4181 1236 4245 dubitationem
1259 4183 1384 4245 adducit
1410 4184 1448 4245 de

94 4274 160 4353 ejus
189 4275 355 4347 sententia,
385 4273 413 4336 ie
437 4274 512 4336 haec
536 4275 602 4354 jam
628 4274 730 4354 posita
758 4273 851 4334 verba
877 4273 971 4351 probe
1003 4271 1157 4352 ponderet.
1214 4270 1265 4334 Sic
1294 4271 1371 4333 enim
1401 4279 1450 4332 est

92 4363 309 4443 intelligendus
332 4380 461 4443 sequeus
484 4371 602 4437 textus,
629 4372 664 4425 ut
686 4364 754 4425 inde
779 4361 857 4423 ratio
880 4367 987 4440 pateat
1010 4360 1123 4422 ordinis
1147 4379 1205 4421 non
1230 4367 1348 4421 tantum
1370 4357 1450 4419 inter

93 4448 198 4514 Solem
227 4460 260 4513 et
283 4453 358 4514 duos
382 4451 447 4531 ejus
471 4452 613 4525 comites,
643 4452 697 4513 sed
721 4450 813 4513 etiam
842 4450 920 4511 inter
942 4449 1024 4528 ipsos
1048 4449 1114 4510 hos.
1161 4447 1267 4527 ltaque
1297 4447 1448 4525 interpre-

93 4538 212 4602 tatione
236 4541 323 4603 uuius
346 4540 430 4601 verbi
453 4541 484 4602 iu
507 4541 702 4620 sequentibus
725 4559 800 4620 opus
823 4547 880 4600 est.
929 4536 1088 4613 „Circulos
1116 4554 1170 4616 per
1193 4554 1280 4616 quem
1303 4533 1358 4595 Sol
1381 4533 1448 4594 dis-

94 4629 211 4692 currit“
234 4627 385 4709 (intellige
410 4629 574 4713 epicyclum
598 4628 627 4689 in
651 4625 855 4700 concentn'co,
885 4645 942 4706 quo
966 4625 1226 4687 eccentricitatem
1249 4623 1370 4683 salvare
1394 4638 1447 4680 so-

94 4720 207 4792 lemus;
231 4719 259 4780 si
282 4737 370 4780 secus
398 4718 520 4793 feceris,
550 4718 697 4779 Macrobii
725 4714 818 4777 verba
847 4715 877 4776 in
905 4714 1094 4776 concordiam
1121 4731 1179 4773 non
1209 4710 1342 4789 rediges)
1366 4708 1448 4782 „hic,

91 4808 224 4889 iuquam,
249 4805 424 4870 aMercurii
446 4807 556 4871 circulo
579 4813 613 4868 ut
631 4805 753 4869 inferior
777 4803 895 4879 (malim
909 4803 1048 4878 interior)
1073 4800 1213 4871 ambitur,
1232 4797 1318 4858 illum
1332 4814 1448 4877 quoque

160 4910 251 4963 ΚΜ
264 4911 335 4963 ΟΜ
347 4910 364 4954 1.
1204 4898 1238 4954 18
