3428 5542
697 302 860 354 cocum·
1412 309 1453 376 oa

102 461 194 524 tione.
227 462 356 543 Tempus
378 461 503 523 editioni
525 461 638 523 nullum
660 462 775 536 statui;
798 462 934 543 intelligo
948 464 1036 540 euim,
1058 484 1132 546 opus
1145 468 1218 531 mihi
1236 487 1304 531 esse
1324 470 1453 534 lectione

102 557 246 612 accurata
267 550 458 625 Aristotelis,
482 550 618 613 Platonis
642 551 696 613 hc.
731 561 776 624 et,
804 552 965 632 praecipue
987 553 1018 614 in
1041 554 1116 617 libro
1140 557 1246 631 tertio,
1278 577 1453 641 cosmogra-

100 640 227 718 phorum
249 640 336 720 hnjus
359 639 481 713 aetatis,
504 649 538 700 nt
561 649 592 700 et
614 639 815 702 historiarum.
854 639 896 702 Et
919 649 1019 704 tamen
1042 662 1088 705 me
1111 645 1261 725 peculiare
1284 648 1354 727 qnid
1378 649 1453 712 hac·

101 738 190 790 tenus
219 728 352 804 detinet,
387 747 443 809 quo
470 728 566 789 minus
596 747 633 790 nc
665 747 783 790 manum
807 729 924 809 quidem
947 731 1133 794 admoveam.
1180 734 1215 796 ld
1237 737 1299 796 tale
1329 746 1397 799 est:
1422 740 1453 801 in

100 818 233 897 antiquis
255 818 471 899 hypothesibus
494 835 548 896 per
571 816 736 880 doctrinam
765 817 921 897 eclipsium
945 820 1083 883 docemur
1097 823 1193 884 metiri
1209 821 1291 886 Solis
1306 834 1337 887 et
1351 826 1454 889 Lunae

100 907 246 986 sphaeras
269 924 427 987 eorumque
450 924 593 986 corpora;
623 906 659 968 de
683 907 792 969 ceteris
815 908 988 988 corporibus
1012 910 1086 973 nihil
1100 912 1337 975 demonstrative
1360 915 1453 978 statui

100 1004 211 1074 potest.
240 997 276 1058 Iu
299 995 513 1078 hypothesibus
533 993 692 1076 Copernici
711 996 796 1058 novis
811 996 950 1058 docemur
966 999 1064 1060 metiri
1087 1001 1186 1063 omnia
1198 1001 1329 1076 mobilia,
1351 1022 1452 1067 omnes

100 1085 288 1163 planetarum
316 1084 481 1165 sphaeras;
512 1085 566 1146 sed
595 1085 754 1164 sphaeram
787 1085 913 1147 fixarum
940 1105 978 1148 cx
1004 1087 1042 1149 iis
1070 1090 1169 1151 metiri
1196 1109 1255 1152 uon
1282 1110 1451 1172 possumus.

101 1174 200 1236 Docet
227 1174 304 1236 enim
328 1192 395 1235 cum
417 1173 626 1252 antiquissimo
649 1172 844 1249 Aristarcho,
870 1174 972 1237 orbem
995 1195 1048 1237 sen
1071 1178 1185 1241 coelum
1208 1180 1318 1241 Terrae
1343 1182 1452 1245 habere

100 1282 133 1324 se
157 1261 254 1325 instar
275 1262 380 1343 puncti
401 1262 441 1323 ad
460 1261 686 1343 amplitudinem
709 1263 843 1333 fixarum,
868 1274 903 1325 ut
917 1272 966 1325 est
980 1264 1051 1327 folio
1074 1263 1136 1330 116
1149 1267 1207 1330 mei
1230 1270 1372 1349 opusculi,
1389 1272 1453 1334 sive

98 1351 200 1432 potius
221 1350 431 1427 „Narrationis
453 1351 625 1414 Rhaetici.“
673 1349 757 1424 (vide
781 1351 860 1413 infra
881 1371 910 1431 p.
935 1347 1004 1426 65.)

187 1440 254 1522 Ego
288 1441 327 1503 ad
354 1440 599 1520 cosmographiae
634 1439 867 1520 descriptionem
894 1441 1018 1503 multum
1046 1441 1193 1506 interesse
1215 1464 1341 1520 censeo,
1364 1447 1452 1524 scire,

98 1550 138 1591 an
161 1549 232 1591 vere
255 1530 331 1592 haec
353 1528 398 1590 ita
420 1547 453 1589 se
476 1529 618 1592 habeant.
666 1526 799 1609 Cumque
829 1529 858 1590 in
888 1527 1055 1609 Copernico
1085 1531 1158 1594 nihil
1186 1534 1304 1597 videam
1331 1546 1453 1615 praeter

98 1615 256 1693 inobtusa
279 1620 336 1680 hoc
356 1625 413 1692 est,
438 1637 503 1679 cum
526 1617 576 1679 ille
600 1618 656 1679 hoc
679 1637 737 1680 non
761 1618 821 1680 alio
849 1627 1022 1698 argumento
1047 1619 1230 1686 demonstret
1262 1642 1349 1704 quam
1380 1646 1453 1688 sen·

101 1709 181 1771 snali
217 1707 281 1781 (ubi
300 1707 445 1787 probatur
468 1706 604 1787 quidem,
632 1707 755 1770 Terram
783 1706 822 1768 ad
845 1726 979 1769 crassum
1002 1727 1121 1770 sensum
1145 1731 1203 1774 non
1226 1714 1339 1775 distare
1362 1726 1452 1778 nota-

101 1798 203 1860 biliter
225 1817 244 1858 a
267 1794 357 1870 Sole;
382 1795 452 1868 sed,
482 1815 519 1856 an
544 1795 695 1875 exquisito
724 1815 812 1857 sensu
840 1803 872 1857 et
901 1796 1106 1860 instrumentis
1129 1801 1204 1863 haec
1228 1802 1372 1865 distantia
1394 1825 1452 1867 uon

101 1886 372 1960 animadvertatur,
401 1884 433 1945 id
464 1885 718 1965 conprobatur),
750 1885 830 1946 viam
853 1884 945 1946 talem
968 1885 1081 1964 inveni,
1111 1908 1168 1969 qna
1191 1900 1244 1953 aut
1266 1895 1453 1973 suppositum

98 1976 259 2054 probetur,
294 1982 347 2036 aut
370 1975 479 2036 Terrae
510 1983 655 2034 acentro
684 1973 828 2035 distantia
856 1973 1058 2038 constituatur
1092 1985 1124 2039 et
1151 1980 1339 2061 exploretur,
1361 1990 1451 2063 atque

99 2066 145 2126 sic
167 2065 257 2127 etiam
282 2071 448 2126 extremum
466 2062 581 2123 coelum
604 2062 702 2125 metiri
724 2061 884 2141 possimus.

188 2154 255 2216 Non
278 2162 328 2215 est
349 2161 458 2225 autem,
483 2151 562 2231 quod
584 2151 705 2213 credere
729 2152 794 2231 quis
817 2153 923 2231 possit,
949 2153 1038 2213 obvia
1057 2154 1160 2217 horum
1183 2159 1452 2238 experimentorum

100 2242 240 2305 occasio:
268 2243 323 2304 sed
345 2241 395 2304 ubi
418 2241 518 2302 omnia
541 2240 700 2321 diligenter
722 2239 950 2321 perquisiveris,
982 2241 1032 2302 vix
1056 2239 1077 2304 2
1099 2252 1153 2306 aut
1176 2241 1196 2307 3
1219 2248 1323 2310 modos
1346 2248 1451 2311 obser·

99 2331 189 2393 randi
214 2331 386 2411 excogitare
408 2329 518 2410 possis.
564 2329 679 2391 Horum
703 2338 802 2391 autem
826 2330 925 2391 nullus
949 2338 1015 2403 est,
1046 2332 1095 2411 qui
1127 2352 1185 2396 uon
1214 2337 1326 2417 aliquot
1357 2357 1452 2400 annos

98 2421 137 2482 ad
160 2421 208 2481 sni
231 2420 473 2482 certificationem
504 2418 654 2498 requirat:
688 2417 823 2498 quamvis
854 2438 912 2479 una
944 2417 1120 2482 observatio
1149 2421 1277 2488 breviori
1309 2426 1452 2508 temporis

97 2510 208 2590 spatio,
231 2518 306 2590 puta
333 2508 345 2570 1
373 2517 425 2569 aut
447 2504 468 2569 2
492 2507 562 2569 anni
585 2506 801 2588 quadrantibus
825 2506 1006 2585 perficiatur.

186 2599 304 2660 Primus
337 2616 374 2658 ex
405 2597 468 2672 his,
499 2616 585 2676 quem
615 2614 671 2675 ego
701 2595 773 2657 mihi
796 2594 893 2675 elegi,
924 2603 956 2656 et
979 2595 1027 2675 qni
1052 2597 1294 2664 evidentissimus
1317 2611 1383 2680 est,
1407 2604 1451 2666 sic

98 2689 206 2751 habete
232 2686 354 2748 Certum
376 2694 433 2758 est,
458 2684 484 2747 si
507 2686 601 2747 Terra
624 2685 665 2746 sit
688 2693 775 2747 extra
798 2684 897 2747 mundi
921 2685 1059 2757 medium,
1073 2686 1225 2752 horizonte
1241 2691 1355 2755 coelum
1373 2712 1453 2755 nnn·

98 2797 187 2856 quam
210 2775 348 2837 bilariam
371 2774 483 2849 secari,
515 2774 573 2837 nisi
605 2773 635 2835 in
664 2782 731 2836 ortu
754 2781 807 2836 aut
833 2792 943 2836 occasu
966 2771 1049 2835 Solis
1073 2776 1315 2860 (praesupposito
1338 2789 1449 2857 tamen,

98 2866 177 2946 quod
206 2872 306 2926 motus
335 2864 455 2926 diurnus
480 2863 590 2925 Terrae
614 2862 766 2924 volutione
791 2862 936 2937 accidat).
981 2862 1040 2924 Est
1067 2864 1096 2926 in
1125 2879 1284 2946 praesente
1311 2871 1450 2934 schema-

98 2955 188 3017 tismo
211 2953 304 3015 KAH
315 2953 496 3015 meridianus
518 2951 547 3013 in
567 2953 634 3032 ipsa
656 2952 780 3013 fixarum
804 2952 943 3032 sphaera,
958 2950 1030 3013 EID
1053 2952 1132 3017 linea
1146 2966 1229 3019 recta
1242 2969 1451 3038 repraesentet

98 3044 262 3117 zodiacum,
286 3062 373 3123 quem
387 3042 504 3122 quidem
520 3041 689 3102 debuissem
704 3042 865 3103 secondum
880 3041 923 3104 rei
946 3040 1104 3105 veritatem
1124 3046 1292 3110 describere
1306 3049 1336 3111 in
1350 3051 1450 3130 amplo

102 3132 153 3194 illo
176 3133 301 3207 circulo,
326 3131 381 3194 sed
402 3138 611 3211 repraesentet
634 3131 712 3192 viam
736 3138 768 3192 et
790 3129 893 3193 orbem
916 3130 1058 3205 Telluris,
1088 3134 1185 3217 sitque
1209 3137 1320 3199 Terrae
1343 3157 1450 3221 corpus

99 3221 129 3281 in
166 3221 210 3295 E,
253 3222 294 3296 D,
329 3228 360 3282 et
395 3219 441 3282 bis
473 3219 503 3282 in
539 3219 577 3294 J;
612 3218 733 3281 ELDM
769 3227 818 3281 est
1095 3237 1175 3288 nar.

99 3310 262 3390 amplitudo
286 3309 362 3371 coeli
386 3309 547 3371 terrestris.
595 3310 688 3371 Terra
711 3308 812 3389 itaque
1207 3342 1278 3411 N

98 3407 180 3461 motu
204 3418 301 3461 annno
325 3398 487 3460 circumeat
509 3399 548 3460 ab
570 3397 597 3458 Ε
619 3417 673 3478 per
695 3399 710 3460 1
730 3397 759 3458 in
773 3398 811 3472 D,

98 3497 130 3550 et
152 3488 221 3551 hinc
240 3507 355 3549 rursum
377 3486 410 3548 in
432 3487 528 3549 altero
552 3487 737 3550 semicirculo
759 3502 814 3567 per
916 3504 938 3561 ,s

98 3579 111 3639 I
135 3578 166 3640 in
189 3577 225 3640 Ε.
255 3576 330 3640 Cum
353 3594 424 3656 ergo
447 3576 554 3657 globus
578 3576 687 3638 Terrae
711 3575 810 3637 estin
886 3562 916 3675 s

96 3667 134 3743 E,
152 3675 184 3728 et
206 3674 338 3728 nostrum
361 3667 391 3727 in
415 3684 449 3727 eo
465 3664 643 3728 domicilium
661 3666 706 3726 ita
724 3665 811 3727 iocli-
882 3690 885 3697 ·

97 3765 210 3830 uatum,
235 3765 268 3818 ut
291 3754 462 3837 longissime
484 3755 578 3817 distet
601 3754 639 3816 ab
661 3754 677 3815 I
696 3752 767 3816 Sole
782 3753 811 3814 in
844 3767 870 3812 Π

96 3854 215 3919 centro,
239 3845 338 3907 media
361 3863 420 3906 nox
444 3854 510 3918 est3
548 3852 580 3905 et
605 3851 668 3904 tum
691 3843 812 3905 horizon
842 3829 866 3938 ᾗ

97 3934 165 3995 KH.
193 3934 237 3995 At
251 3934 277 3995 si
293 3934 387 3996 Terra
400 3933 440 3995 sit
458 3934 489 3995 in
507 3934 533 4007 1,
547 3940 580 3994 et
597 3939 730 3993 nostrum
754 3932 812 3993 do·

98 4023 240 4085 rnicilinm
255 4042 371 4085 sursum
384 4031 500 4103 vergat,
519 4040 628 4100 vesper
645 4029 702 4093 est,
718 4029 750 4082 et
757 4019 810 4083 Sol

97 4113 225 4186 occidit3
249 4122 355 4193 estque
378 4112 499 4175 horizon
519 4110 657 4184 FLIMB,
677 4110 810 4171 incidens

97 4203 126 4264 iu
150 4201 253 4265 Solem
276 4203 300 4265 Ι.
347 4199 399 4263 Sic
422 4201 450 4261 si
472 4200 565 4262 Terra
594 4198 623 4259 in
646 4198 675 4259 D
698 4198 809 4274 veniat,

97 4301 129 4353 et
151 4293 181 4354 in
203 4311 238 4354 eo
258 4299 392 4353 nostrum
406 4288 587 4352 domicilium
605 4307 722 4350 sursum
737 4307 809 4350 ver-

95 4388 159 4460 gat,
185 4381 307 4443 horizon
330 4380 393 4460 ejus
417 4387 465 4441 est
488 4376 555 4453 GC,
579 4384 611 4439 et
634 4377 782 4440 meridies.

184 4487 261 4550 Esto
281 4489 347 4568 jam
368 4481 502 4562 how,
524 4480 677 4554 nom,
700 4479 813 4560 14⁰5,
838 4479 934 4557 Μῦς
958 4490 989 4542 et
1012 4480 1053 4542 sit
1075 4482 1210 4545 stellaA
1232 4484 1355 4563 polaris,
1374 4502 1449 4563 qnae

95 4577 217 4654 ponitur
240 4578 354 4639 coelum
377 4574 507 4636 mediare
531 4594 598 4636 curu
621 4569 709 4650 4Ὕ.
756 4573 855 4652 Igitur
876 4569 1021 4650 superiori
1043 4589 1145 4633 mense
1169 4570 1359 4653 Septembri.
1383 4588 1450 4634 cum

97 4663 151 4728 Sol
177 4675 262 4728 esset
284 4667 365 4728 circa
387 4659 499 4737 ΜΩ,
532 4672 564 4726 et
591 4664 715 4744 proinde
739 4663 832 4724 Terra
851 4661 931 4722 circa
953 4653 1043 4733 4Ὕ,
1074 4661 1231 4722 observavi
1261 4661 1451 4723 altitudinem

97 4756 128 4815 A
151 4756 261 4818 stellae
285 4755 314 4817 in
336 4754 436 4817 media
458 4760 557 4816 nocte.
585 4753 721 4816 Necesse
744 4751 835 4830 igitur
859 4757 915 4822 est,
940 4749 1095 4829 provenire
1118 4769 1219 4812 arcum
1233 4749 1303 4812 ΑΚ
1327 4749 1449 4831 Expec-

97 4845 162 4906 tavi
186 4846 288 4926 itaque
310 4862 405 4925 usque
427 4842 467 4904 ad
488 4841 702 4916 Decembrem,
733 4848 766 4902 et
796 4847 867 4901 tuuc
897 4856 984 4900 mane
1017 4846 1106 4917 atque
1136 4858 1260 4920 vespere
1292 4838 1450 4902 observavi
