3428 5542
692 324 854 380 mamm
1405 318 1448 397 33

92 500 152 544 nou
176 490 298 543 moveat
320 481 395 544 haec
417 483 588 546 calumnia?
629 483 783 549 Recordor
805 487 886 550 illius
909 488 954 550 tui
978 488 1027 549 ovi
1051 480 1448 569 christophorocolumbani.

93 569 223 632 Scilicet
244 570 374 647 homiui,
403 590 469 634 cum
497 574 630 648 videret,
660 574 770 638 habere
797 595 844 638 me
873 577 1017 640 adversos
1041 578 1142 658 magni
1165 577 1292 640 nominis
1314 577 1396 640 viros
1418 579 1449 641 in

92 679 190 722 cansa
217 659 362 740 conjugii,
394 660 509 740 placuit
536 663 634 725 oleum
661 664 777 726 camino
808 666 918 731 addere
941 674 974 727 et
996 685 1094 729 meam
1117 666 1369 735 existimationem
1390 686 1451 728 una

93 749 325 911 cumtcogjlqgio
347 749 378 812 in
409 751 505 814 fumos
529 771 631 832 agere.
678 750 740 814 Sed
767 754 854 816 venio
882 754 920 816 ad
954 738 1089 817 tabulam
1119 774 1190 836 pag.
1215 752 1256 819 76
1280 757 1333 818 ιιι.
1365 756 1450 830 (vide

93 856 197 900 anno.
284 883 291 898 .

184 925 335 990 Existimo
360 947 407 990 me
430 927 519 990 hodie
542 929 571 990 in
595 928 737 992 tribunali
759 932 874 995 sedere.
917 931 1018 1013 Usque
1043 932 1118 993 adeo
1142 933 1250 995 obruor
1272 932 1333 994 tuis
1357 951 1450 994 excu-

94 1015 276 1103 sationibus.
321 1016 401 1080 Ecce
424 1036 514 1098 quam
536 1036 680 1096 operosus
709 1038 742 1080 es
772 1020 802 1082 in
832 1021 952 1101 negotio
975 1022 1157 1083 mendorum.
1202 1022 1271 1084 Non
1295 1041 1361 1084 sum
1384 1040 1449 1101 ego,

95 1104 264 1168 clarissimo
288 1105 315 1169 d.
340 1107 540 1186 Praeceptor,
566 1125 605 1168 ex
627 1126 728 1171 eorum
752 1128 887 1184 nurnero,
917 1110 980 1191 qui,
1008 1110 1067 1172 nisi
1091 1110 1262 1190 ephippium
1285 1129 1352 1172 cunr
1375 1127 1450 1192 equo

97 1196 202 1264 dones,
228 1214 335 1276 equum
349 1195 639 1259 nudumremittnnt.
677 1197 741 1260 Nec
765 1200 853 1261 aliter
876 1206 1042 1261 erratorum
1066 1200 1237 1278 catalogum
1259 1199 1338 1274 misi}
1362 1218 1451 1281 quam

96 1291 133 1348 ut
154 1282 200 1345 ita
223 1284 420 1364 subjungatur
443 1284 520 1347 calci
543 1284 650 1358 libelli,
675 1286 702 1348 si
725 1305 784 1349 nou
807 1295 925 1369 tempus
948 1288 980 1350 id
1002 1289 1172 1367 prohibeat.

187 1371 319 1435 Rursum
342 1392 412 1435 ecce
435 1374 497 1435 alia
519 1373 675 1436 excusatio
695 1375 732 1440 de
747 1376 869 1440 Rhetici
888 1377 1072 1452 narratione,
1094 1377 1178 1456 cujus
1201 1394 1257 1457 ego
1280 1393 1339 1436 non
1361 1374 1453 1439 aliam

96 1461 136 1524 ob
160 1480 234 1535 rem,
258 1481 348 1542 qnam
369 1470 494 1547 propter
517 1472 642 1538 sumtus,
666 1465 848 1528 mentionem
872 1466 937 1529 feci.
984 1464 1132 1547 Equidem
1156 1466 1255 1540 credo,
1280 1464 1453 1549 existimare

96 1560 149 1625 te,
180 1552 259 1612 lecto
287 1570 346 1613 nno
373 1559 464 1632 atque
488 1552 583 1613 altero
607 1552 698 1615 verbo
719 1554 802 1617 illius
824 1574 909 1617 meae
938 1555 1105 1634 epistolae,
1137 1561 1168 1617 te
1195 1554 1315 1635 penitus
1339 1571 1455 1615 omnem

97 1658 223 1719 operam
245 1639 363 1702 inanem
387 1641 515 1714 locasse,
540 1640 653 1722 tibique
676 1642 742 1720 ejus
765 1645 845 1724 apud
867 1664 914 1706 me
938 1663 1056 1707 omnem
1073 1644 1199 1723 periisse
1217 1643 1356 1723 gratiam
1394 1639 1455 1705 Cur

97 1737 202 1791 autern
226 1727 305 1791 illins
328 1748 375 1791 mo
397 1729 591 1792 Narrationis
613 1731 785 1810 poeniteat,
819 1752 907 1813 qnam
938 1733 1049 1813 primus
1077 1752 1133 1812 ego
1161 1731 1336 1812 cupiebam,
1368 1738 1403 1793 ιιι
1424 1730 1455 1792 in

97 1818 230 1898 epistola
252 1817 291 1878 ad
314 1817 353 1880 D.
377 1818 418 1880 D.
442 1819 660 1882 Halerefferurn
683 1818 863 1884 Stuccardia
885 1823 979 1884 missa
1002 1830 1133 1884 testatus
1162 1842 1242 1895 suin,
1272 1821 1454 1900 subjungere

98 1927 167 1970 meo
190 1907 359 1987 opusculo?
405 1907 480 1969 Tum
504 1916 604 1975 autem
627 1909 677 1973 ille
702 1909 898 1974 dissuaserat.

189 1994 338 2059 Carminis
363 1996 402 2057 ad
425 1997 570 2058 tabellam
593 1992 710 2060 authori
734 2000 899 2070 Leibfrido‚
924 2000 1061 2081 quamvis
1084 1999 1186 2075 ignoto
1210 1999 1246 2060 de
1271 1998 1357 2073 facie,
1382 2015 1455 2076 gra-

98 2087 162 2148 tias
186 2104 243 2164 ago
262 2102 316 2164 pro
336 2084 465 2148 honesta
483 2105 539 2147 sna
561 2086 717 2150 voluntate
741 2096 772 2149 et
790 2089 904 2167 judicio
928 2091 965 2151 de
989 2109 1057 2150 me:¹
1078 2088 1180 2169 illique
1204 2088 1336 2149 vicissim
1350 2104 1454 2149 exem·

99 2175 171 2255 plar
193 2173 327 2253 opusculi
350 2175 437 2249 dono,
463 2174 530 2235 dnm
554 2175 624 2255 quid
647 2176 691 2238 illi
717 2195 805 2256 porro
830 2198 945 2259 quoque
969 2177 1081 2240 servire
1104 2176 1229 2255 possim,
1251 2175 1427 2255 intelligam.

192 2263 288 2325 Venio
321 2263 360 2326 ad
392 2262 523 2325 Schema
556 2262 630 2344 (lap.
653 2262 716 2327 ,22
771 2265 813 2328 Et
843 2287 931 2341 saue,
974 2263 1023 2348 qui
1056 2267 1207 2346 hucusque
1239 2265 1366 2345 legendo
1397 2282 1458 2326 non

98 2351 239 2431 concepit
261 2351 461 2432 suspicionem
484 2352 610 2432 alicujus
633 2361 704 2415 tuae
727 2356 913 2430 offensionis,
939 2357 963 2417 is
983 2356 1049 2435 jam
1073 2354 1240 2434 concipiet:
1265 2354 1334 2415 dum
1358 2352 1458 2416 omnia

98 2442 194 2505 etiam
216 2441 311 2503 verba
332 2441 459 2522 regeris,
489 2443 575 2522 qnasi
603 2442 735 2522 litiganti
758 2444 830 2506 mihi
853 2445 998 2508 tenereris
1022 2445 1204 2523 singulorum
1228 2443 1361 2506 rationes
1384 2443 1456 2503 red-

99 2532 181 2594 dere.
227 2529 309 2610 Ego.
340 2549 415 2612 quae
439 2530 640 2610 superioribus
663 2531 760 2593 literis
784 2533 821 2594 de
845 2534 901 2595 hac
924 2553 956 2596 re
980 2533 1100 2613 scripsi,
1125 2550 1182 2593 non
1205 2531 1327 2611 scripsi,
1352 2538 1386 2593 ut
1407 2532 1456 2593 in·
1553 2529 1557 2542 '

105 2621 245 2692 dicarem,
268 2638 315 2681 me
338 2618 436 2681 adhuc
459 2620 573 2701 aliquid
596 2619 783 2694 desiderare;
808 2623 863 2683 sed
885 2631 919 2684 ut
941 2622 1074 2695 videres,
1100 2640 1188 2702 quam
1211 2620 1253 2682 sit
1274 2619 1346 2681 mihi
1369 2626 1458 2699 grata

106 2709 259 2783 eorrectio,
284 2716 318 2771 ut
340 2709 390 2790 qui
413 2709 504 2770 etlam
526 2709 594 2788 plus
613 2709 721 2789 corrigi
739 2710 877 2790 optarim.
916 2711 995 2772 Dum
1014 2717 1113 2772 autem
1128 2709 1219 2788 juxta
1231 2716 1458 2790 praeceptorem

103 2817 198 2861 meum
221 2816 312 2877 agere
336 2816 394 2858 non
417 2797 554 2870 desistis,
585 2805 617 2859 et
639 2798 792 2878 negotium
820 2800 858 2861 de
885 2808 1033 2881 aequante
1062 2799 1210 2878 explicas,
1240 2797 1333 2870 lacis,
1363 2804 1397 2859 ut
1419 2815 1457 2858 ne

101 2906 180 2950 nunc
202 2887 322 2968 quidem
345 2905 393 2948 me
416 2893 500 2949 tuum
517 2886 637 2966 jactare
657 2887 834 2967 discipulum
854 2889 1000 2951 desistere
1019 2888 1141 2969 possim,
1167 2887 1253 2948 modo
1269 2886 1325 2949 sim
1340 2884 1455 2948 docilis.

101 2975 150 3039 Et'
167 2995 242 3038 sane
266 2975 331 3056 jam
361 2976 479 3038 demum
501 2976 652 3055 negotium
675 2977 822 3057 intelligo.
869 2978 934 3040 Nec
957 2978 1053 3040 miuus
1077 2995 1182 3038 sanum
1206 2985 1238 3037 et
1261 2975 1333 3037 illud
1356 2974 1457 3036 cousi-

100 3067 176 3128 lium
198 3065 236 3128 de
259 3064 452 3127 moderandis
475 3064 521 3126 his
545 3065 810 3143 speculationibus.
843 3065 923 3129 Ecce
938 3067 975 3128 de
989 3067 1076 3128 Luna
1092 3064 1328 3145 philosophema,
1353 3071 1457 3126 natum

100 3155 182 3218 inter
204 3153 407 3228 scribendum,
437 3153 488 3214 vix
516 3153 638 3215 dimisso
667 3155 784 3230 nuntio,
813 3175 847 3217 se
875 3157 971 3235 ipsum
1000 3155 1071 3217 mihi
1095 3155 1132 3216 de
1156 3155 1291 3216 falsitate
1313 3151 1455 3232 prodidit

101 3244 229 3307 Scilicet
242 3243 353 3305 accidit
367 3243 448 3319 mihi,
473 3242 550 3323 quod
566 3243 612 3316 iis,
637 3244 687 3324 qui
707 3253 819 3305 motum
836 3254 1012 3325 perpetuum
1035 3242 1260 3306 machinantur:
1285 3249 1318 3304 ut
1341 3241 1458 3304 scilicet

100 3353 155 3414 pro
179 3340 263 3395 motu
287 3332 493 3412 aequilibrium
516 3332 656 3406 habeant,
681 3341 763 3395 motu
786 3342 899 3395 motum
922 3340 1152 3414 compensante:
1178 3331 1220 3393 sic
1240 3331 1334 3406 Luna,
1360 3350 1456 3412 qnan-

100 3433 164 3486 tum
177 3440 293 3503 pernox
315 3421 483 3501 promoveri
507 3422 645 3497 debebat,
670 3431 785 3483 tanturn
806 3422 897 3484 silens
922 3423 1113 3502 impediretur
1137 3422 1247 3500 (comp.
1270 3428 1372 3481 annot.
1389 3417 1456 3492 82).

191 3512 262 3573 Jam
286 3511 326 3571 ad
347 3519 469 3591 pactum
492 3511 570 3591 quod
598 3511 726 3572 attinet:
756 3511 847 3572 etiam
875 3531 921 3573 me
950 3519 1051 3574 sumtu
1080 3511 1181 3572 levare
1204 3516 1366 3572 statueras.
1413 3510 1458 3569 Αι

98 3621 158 3683 ego
182 3601 266 3676 nolo,
291 3619 358 3662 cnm
380 3618 473 3679 opera
496 3600 587 3661 etiam
608 3599 767 3679 pecuniam
789 3601 931 3664 insumas.
979 3598 1059 3671 Quin
1084 3609 1117 3661 ιιι
1139 3614 1232 3677 nuper
1255 3597 1377 3676 scripsi,
1402 3616 1456 3658 ac-

98 3692 180 3770 cipio
204 3688 270 3754 200
293 3688 484 3768 exemplaria,
510 3688 621 3768 tibique
645 3688 698 3750 illa
721 3685 765 3751 50
783 3688 916 3770 relinquo
940 3689 1011 3750 doni
1035 3691 1109 3762 loco,
1134 3687 1160 3750 si
1183 3704 1284 3748 eorum
1306 3685 1362 3747 tibi
1386 3705 1456 3748 usus

100 3791 162 3842 est.
210 3778 264 3842 Sin
290 3787 474 3842 autemnon
497 3778 621 3839 totidem
644 3777 700 3839 tibi
727 3796 801 3856 opus
831 3785 893 3852 est,
922 3797 977 3853 ea,
1007 3777 1113 3858 quibus
1141 3775 1276 3836 abundas
1305 3773 1457 3836 intereos

96 3868 285 3930 distribuere
312 3867 448 3949 patiaris
472 3867 601 3947 aliquem
629 3866 871 3946 stipendiarium,
907 3885 1029 3948 qnorum
1061 3865 1109 3925 hic
1137 3863 1250 3944 accipis
1278 3865 1458 3944 catalogum.

102 3956 223 4028 Quibus
245 3976 334 4037 porro
359 3955 489 4018 dandum
512 3964 666 4028 autumas,
696 3974 742 4016 me
766 3956 884 4017 omnino
908 3955 1115 4017 consentiente
1140 3953 1268 4015 dederis.
1315 3954 1459 4016 Fortasse

102 4056 235 4128 quatuor
257 4045 380 4109 decanis
404 4045 505 4107 danda
531 4045 659 4124 singula.
706 4043 835 4106 Omnino
866 4053 986 4125 praeter
1014 4064 1068 4119 ea,
1103 4041 1209 4124 quibus
1240 4060 1294 4122 pro
1326 4050 1356 4102 te
1385 4062 1460 4124 opus

102 4136 211 4212 habes,
236 4134 438 4217 quadraginta
459 4135 490 4195 in
509 4134 742 4212 Wirtembergia
764 4143 915 4196 maneant.
954 4132 989 4196 Si
1011 4153 1085 4214 quos
1105 4140 1223 4195 ,sumtus
1245 4131 1276 4193 iu
1300 4130 1461 4212 ligaturam

102 4227 230 4299 feceris,
259 4244 317 4305 ego
339 4224 513 4304 praestabo.
560 4223 673 4285 Verum
697 4223 834 4285 existimo
860 4224 1004 4304 pleraque
1033 4221 1113 4284 nuda
1140 4220 1361 4294 distribuenda,
1393 4238 1459 4283 cunr

102 4333 164 4377 uon
188 4313 304 4383 iaciant
322 4314 436 4392 justum
459 4312 601 4375 libellum.
646 4311 692 4373 De
716 4313 842 4393 pecunia
865 4331 952 4391 spero
976 4331 1023 4373 me
1053 4312 1133 4372 intra
1156 4306 1178 4372 2
1200 4328 1318 4371 meuses
1342 4309 1380 4371 ab
1404 4328 1458 4372 ao-

102 4403 204 4483 ceptis
227 4401 446 4482 exemplaribus
466 4400 717 4480 Gruppeubachio
736 4409 970 4481 prospectorum.
1008 4398 1184 4479 Marpaclrio
1207 4406 1334 4479 expecto
1361 4395 1401 4460 ¹2
1415 4398 1457 4474 fl..

103 4491 283 4572 Waiblinga
305 4483 366 4572 87,
395 4490 441 4560 fl..
469 4489 632 4570 Esseliuga
654 4510 673 4551 a
697 4490 825 4570 quodam
851 4498 990 4551 curatore
1013 4487 1260 4568 wirtembergioo
1284 4488 1481 4549 Heerwarto.

107 4579 150 4645 10
173 4581 219 4656 n,
251 4598 340 4661 quam
363 4598 510 4641 summam
532 4580 596 4658 ejus
619 4579 696 4641 filius
720 4578 767 4641 hio
791 4598 810 4639 a
832 4597 878 4639 me
901 4587 1004 4640 mutuo
1027 4577 1148 4650 sumsit,
1178 4584 1210 4637 et
1231 4594 1285 4656 per
1307 4594 1377 4638 suos
1399 4594 1458 4655 pa·

104 4679 210 4734 rentes
240 4688 334 4750 nsque
361 4669 402 4730 nd
430 4669 539 4730 festum
561 4667 759 4731 Pentecostes
783 4665 1035 4747 Gruppenbaohio
1063 4672 1285 4729 numeraturum
1311 4664 1457 4744 promisit.

104 4760 191 4824 Nihil
215 4758 263 4820 hic
286 4757 385 4819 oneris
408 4757 464 4819 tibi
486 4757 636 4837 imponere
661 4759 766 4819 audeo.
812 4758 881 4836 lpse
905 4765 1004 4818 tamen
1030 4753 1296 4835 Gmppeubachins
1317 4753 1458 4818 Esseliu·

80 4866 233 4955 ‘geusem
256 4855 288 4933 et
304 4845 564 4928 Waiblingensem
586 4865 731 4913 summam
755 4846 851 4926 (apud
872 4844 953 4909 illins
976 4843 1034 4908 loci
1056 4845 1201 4909 decanum
1222 4841 1361 4918 Lucium)
1384 4861 1458 4923 pro-

180 4951 269 5007 tarsa
282 4950 382 5003 operui.
473 4998 476 5003 ,
1231 4943 1248 4998 8
