3428 5542
521 1313 1024 1423 ruooumun.

185 1791 271 1864 Quae
295 1797 444 1878 Keplerns
473 1800 502 1861 in
527 1801 602 1862 libro
627 1802 664 1862 de
679 1802 767 1862 Nova
782 1801 881 1864 Stella
904 1802 987 1875 (vide
1011 1801 1081 1862 Vol.
1107 1801 1164 1874 ll.)
1188 1801 1283 1865 latino
1312 1822 1450 1867 sermone

95 1881 167 1943 viris
192 1882 326 1961 eruditis,
358 1888 537 1967 quiessent
565 1889 625 1951 ista
657 1891 780 1966 lecturi,
811 1891 848 1952 de
877 1890 1043 1970 astrologia
1066 1898 1281 1968 proposuerat,
1315 1892 1344 1953 in
1374 1893 1451 1954 libro

95 1971 145 2049 qni
168 1972 305 2051 sequitur
328 1977 499 2055 germanico
524 1977 666 2039 idiomate
691 1979 825 2057 plnrihus
850 1978 981 2058 explicat
1004 1997 1071 2040 cum
1094 1978 1235 2054 eruditis,
1265 1988 1328 2042 turn
1352 1981 1451 2043 homi-

98 2058 185 2120 nibus
212 2060 364 2125 literarum
388 2066 488 2127 studio
516 2065 614 2127 minus
637 2066 770 2128 imbutis.
818 2066 905 2129 Sicut
934 2067 963 2129 in
988 2066 1064 2129 libro
1091 2066 1227 2145 proxime
1251 2070 1452 2147 praecedente

96 2155 202 2208 contra
225 2148 382 2214 Rbslinum
406 2173 475 2229 eos,
502 2154 550 2234 qni
575 2155 698 2216 nimium
722 2155 890 2217 tribuerent
912 2156 1105 2235 astrologiae,
1131 2155 1327 2231 refutaverat,
1353 2157 1397 2218 ita
1420 2157 1451 2218 in

97 2235 154 2295 hoc
170 2236 319 2301 ,defendit
346 2242 542 2321 astrologiam
568 2251 673 2305 contra
697 2262 763 2313 eos,
793 2244 842 2323 qni
869 2243 988 2324 penitus
1021 2263 1088 2305 eam
1111 2251 1247 2305 evertere
1275 2245 1450 2307 studebant.

98 2321 231 2386 Causam
255 2329 462 2391 conscribendi
486 2331 575 2410 hujus
590 2332 724 2411 opusculi
748 2332 888 2411 praebuit
901 2332 1032 2410 Keplero
1052 2332 1269 2402 controversia,
1294 2342 1361 2395 orta
1375 2334 1453 2395 inter

98 2412 141 2473 M.
167 2413 278 2476 Melch.
304 2416 537 2494 Sohsrerum,
566 2428 721 2499 pastorem
749 2419 1002 2499 Metzingensem,
1033 2426 1064 2480 et
1086 2419 1124 2481 D.
1154 2420 1231 2482 Phil.
1257 2422 1452 2494 Feselium,

99 2502 244 2563 medicum
277 2504 464 2567 Marohiouis.
494 2507 654 2569 Badensis.
712 2508 848 2570 Feselins
884 2528 961 2569 anno
997 2503 1091 2570 1609.
1128 2507 1239 2586 publici
1272 2510 1348 2589 juris
1380 2509 1453 2571 lecit

100 2588 249 2665 libellum,
286 2593 478 2673 inscriptum:
515 2595 753 2671 „Griindtlicher
780 2597 906 2658 Discors
934 2615 992 2657 von
1025 2595 1078 2657 der
1105 2597 1284 2676 Astrologia
1314 2597 1452 2659 Jndicia·
1561 2638 1565 2648 -

98 2677 174 2750 ria,“
205 2678 234 2739 in
266 2682 454 2760 praelatione
483 2684 558 2746 haec
587 2686 735 2747 afferens:
765 2685 937 2764 Metzingae
965 2704 998 2745 se
1026 2703 1093 2745 curn
1112 2682 1261 2746 Schttrero
1290 2687 1385 2747 multa
1415 2687 1453 2747 de

100 2765 290 2846 astrologicis
323 2772 581 2849 praedictionibus
610 2773 797 2853 disputasse,
830 2793 919 2853 quum
951 2772 1001 2833 ille
1034 2772 1234 2852 astrologiam
1267 2774 1452 2850 defenderet,

99 2854 163 2932 ipse
192 2874 258 2917 eam
288 2870 493 2938 oppugnaret;
525 2862 615 2941 paulo
644 2870 714 2940 post
741 2862 890 2942 prodiisse
919 2862 976 2922 dno
1001 2859 1144 2922 Schtireri
1170 2863 1365 2940 prognostica
1388 2865 1453 2936 (an.

103 2938 196 3005 1608.
221 2954 253 3006 et
279 2942 404 3022 1609.)‚
429 2949 457 3011 in
483 2950 588 3030 quibus
612 2969 729 3023 omnes,
755 2951 803 3032 qni
826 2969 883 3011 non
899 2949 1019 3029 penitus
1042 2949 1156 3011 addicti
1178 2949 1239 3011 sint
1261 2952 1455 3031 astrologiae,

101 3040 242 3096 notentur
264 3035 431 3098 calumniis.
480 3040 579 3111 (Haec
604 3046 674 3099 sunt
698 3038 761 3118 ejus
785 3039 892 3100 verba:
918 3059 952 3100 er
973 3046 1085 3100 oennet
1106 3040 1153 3101 eie
1175 3039 1344 3112 vertohter,
1367 3048 1454 3122 epot-

101 3130 157 3192 ter,
181 3120 323 3197 idaiam
344 3127 440 3207 probe
461 3134 587 3200 correct,
610 3129 706 3209 probe
726 3126 997 3208 philosophantem,
1025 3127 1271 3208 widereprecher
1292 3128 1351 3190 der
1368 3149 1454 3190 toar-

102 3211 172 3283 heit,
197 3214 390 3276 onrmeemde
412 3214 509 3288 Lao,
541 3223 614 3297 prete
636 3213 742 3277 albere
765 3217 909 3296 tropffen,
943 3214 1098 3298 cyclopes,
1128 3217 1219 3278 boum
1241 3223 1271 3277 et
1292 3217 1455 3279 minorum

101 3318 189 3361 voces
220 3301 403 3378 emittentes,
436 3303 549 3366 welche
581 3304 634 3367 die
659 3301 833 3366 &caturco
857 3304 965 3365 Gottee
991 3305 1049 3366 mit
1075 3303 1281 3384 Kolbeouperr
1308 3306 1454 3380 anschero,

100 3390 274 3471 manige,
295 3392 470 3473 ‘potatam
504 3393 650 3454 hdcieohe
669 3390 865 3464 coeternas,
897 3392 950 3453 die
979 3390 1153 3473 gleichsam
1177 3392 1254 3454 Gerr
1282 3394 1317 3455 in
1348 3394 1455 3455 aenea

103 3475 276 3542 Oreataren
298 3482 464 3543 versatae
490 3481 554 3544 ond
575 3482 662 3543 seim
680 3480 753 3543 Ehr
775 3481 974 3561 oerepotten.)
1020 3481 1104 3540 Haec
1116 3480 1277 3559 opprobria
1292 3488 1398 3541 contra
1421 3500 1454 3541 se

101 3565 199 3645 ipsum
222 3567 304 3629 dicta
327 3588 395 3631 esse
418 3577 506 3649 putat
524 3569 676 3643 Feselins3
700 3577 735 3631 at
758 3567 952 3636 concitatiore
977 3567 1090 3647 impetu
1109 3569 1251 3648 abreptus
1270 3569 1309 3629 ad
1325 3587 1453 3647 respon-

102 3655 230 3716 dendum
254 3676 311 3717 non
337 3658 533 3737 astrologiam
557 3665 688 3732 tantum,
719 3660 774 3721 sed
797 3656 1012 3719 astronomiam
1042 3656 1135 3717 etiam
1158 3675 1195 3716 ex
1218 3664 1305 3734 parte
1334 3656 1454 3736 quidem

100 3742 208 3822 rejicit
255 3744 414 3825 Keplerns,
439 3747 560 3807 vixdum
584 3748 726 3809 absoluta
748 3744 942 3826 responsione
958 3746 996 3806 ad
1011 3744 1178 3817 Rbslinum,
1203 3743 1371 3823 impavidus
1395 3744 1453 3806 im-

99 3839 215 3911 pugnat
238 3831 315 3895 hunc
340 3854 455 3915 qnoque
480 3836 636 3911 medicum,
662 3835 829 3898 concedens
853 3854 899 3909 ea,
925 3853 1000 3914 quae
1015 3852 1085 3893 vere
1110 3832 1199 3911 objici
1217 3833 1337 3912 possint
1351 3841 1452 3894 astro-

102 3921 214 4000 logiae,
248 3921 372 3984 tirmiter
395 3931 502 3985 tenens
526 3943 611 3986 snam
635 3925 672 3986 de
695 3925 748 3987 illa
772 3922 967 3996 sententiam,
1002 3921 1137 3983 refutans
1162 3941 1211 3996 ea,
1241 3940 1317 4001 qnae
1341 3921 1456 4001 impru-

101 4008 220 4071 dentius
243 4011 380 4074 Feselius
404 4013 583 4092 protulisset
605 4022 712 4074 contra
735 4012 963 4085 astronomiam,
998 4011 1113 4090 optica‚
1143 4010 1269 4091 physica
1297 4017 1328 4070 et
1352 4017 1453 4071 astro·

101 4099 219 4160 nomiea
238 4101 282 4172 (v.
307 4119 333 4161 c.
360 4101 581 4176 retractionem,
606 4109 704 4162 motus
727 4101 917 4181 planetarum
940 4118 1059 4171 causas,
1085 4097 1243 4176 Copernici
1263 4097 1454 4180 hypothesin,

102 4205 187 4248 usum
215 4187 481 4250 instrumentorum
511 4190 794 4262 astronomicorum)
822 4188 861 4249 ad
889 4206 1009 4248 sensum
1039 4187 1214 4267 popularem
1242 4188 1455 4266 vulgaremque

102 4278 341 4339 accommodans.
391 4278 539 4339 Thesibus
572 4274 633 4340 140
663 4285 841 4357 argumenta
868 4276 980 4337 Feselii
1009 4276 1157 4356 Keplerns
1186 4276 1350 4336 examinat.
1397 4273 1454 4335 Hic

101 4372 201 4426 antem
232 4365 263 4427 in
293 4366 355 4427 illis
380 4366 564 4446 argumentis
592 4366 719 4445 primum
743 4372 886 4444 posuerat
914 4363 1169 4443 imperfectionem
1198 4363 1400 4425 astronomiae
1424 4372 1456 4424 et

100 4454 301 4533 astrologiae;
339 4455 470 4516 secundo
502 4463 680 4534 argumento
710 4455 923 4516 auctoritatem
950 4453 1195 4532 philosophorum
1229 4452 1454 4532 appellaverat3
1518 4467 1521 4470 ⁴

101 4543 192 4605 tertio
216 4542 421 4624 inquisiverat,
447 4562 504 4624 quo
524 4543 593 4623 jure
618 4544 764 4623 astrologi
788 4543 817 4604 in
842 4561 913 4604 suas
931 4551 1035 4621 partes
1054 4547 1176 4602 vertant
1195 4541 1287 4602 verba
1301 4540 1456 4602 literarum

100 4649 271 4706 sacrarum;
300 4638 407 4712 quarto
431 4632 641 4712 disputaverat
664 4633 701 4694 de
724 4639 833 4693 natura
855 4630 1061 4712 planetarum,
1090 4628 1284 4709 exipsorum
1307 4629 1402 4707 figura
1425 4635 1457 4689 et

99 4720 199 4783 colore
223 4721 448 4799 cognoscenda;
472 4720 575 4801 quinto
600 4722 637 4783 de
662 4720 847 4801 experientia
870 4726 985 4798 egerat,
1010 4739 1099 4799 qnam
1122 4737 1209 4781 suum
1232 4718 1263 4780 in
1282 4736 1368 4780 nsum
1383 4735 1454 4778 ver·

100 4817 169 4871 tant
191 4808 346 4888 astrologi.
714 4867 721 4873 .

170 4912 259 4963 tenuat
273 4912 372 4964 operti.
1210 4907 1245 4962 85
