3428 5542
178 315 246 383 ³60
600 319 1117 389 unumunurm-uara·

177 479 269 558 longa
290 488 417 559 usurpat
440 480 561 541 horaria
585 486 733 559 tempora,
756 482 834 542 inira
857 481 956 542 subito
979 481 1094 543 breuia.
1111 513 1154 523 -
1177 479 1241 542 Sed
1258 479 1469 542 examinemus
1482 497 1543 559 pa-

176 587 297 646 mmper
319 566 443 630 Stadii
472 567 572 629 verba
623 569 783 642 „Meminit
812 571 1006 631 Ptolemaeus
1039 567 1311 651 hemicycliorum.“
1358 567 1446 630 Saue
1472 587 1543 630 rne-

176 656 271 728 miuit,
297 665 331 718 at
354 677 413 717 nou
437 658 466 717 in
490 657 629 716 doctrina
652 659 756 718 domos
771 659 914 738 erigendi,
939 659 993 719 sed
1016 660 1047 720 in
1063 660 1202 720 doctriua
1216 658 1378 737 dirigendi.
1417 658 1541 738 Pergit:

178 745 274 819 ,hora
298 745 512 826 aequinoctiali
536 746 745 807 distantium*
793 745 873 817 Quid
889 747 945 808 hoc
969 748 1008 808 ad
1027 767 1100 814 rem,
1124 747 1152 808 si
1165 765 1269 807 serum
1285 747 1423 808 maxime
1437 747 1542 807 esset?

176 835 266 896 Anne
290 831 334 897 24
357 836 462 895 domos
486 833 613 895 Stadios
637 835 818 897 fabricarit?
862 835 949 897 Duas
971 838 1073 915 potius
1095 836 1187 897 horas
1207 835 1409 896 Ptolemaeus
1440 834 1542 897 nomi·

176 932 296 997 nasset,
330 924 356 984 si
379 924 417 983 de
441 923 578 984 domibus
606 924 732 1001 egisset
779 924 841 986 Sed
871 944 930 985 nou
962 926 1098 1005 percepit
1121 923 1248 985 Stadios
1270 932 1408 984 mentem
1430 931 1539 985 textus

176 1010 304 1073 Graeci:
338 1009 380 1074 air
408 1008 515 1084 ιἰαςσι
536 1034 612 1072 acca
634 1035 685 1088 aqu
712 1012 803 1089 adripe
824 1017 913 1073 deora
940 1015 1007 1090 ioqr
1028 1013 1129 1092 ἐγγιςα
1158 1035 1210 1088 ιιι
1231 1008 1318 1088 ὅραι
1338 1034 1427 1073 nutat.
1474 1012 1543 1073 Ηιι

176 1101 241 1162 vult
265 1101 470 1173 Ptolemaeus,
495 1110 636 1160 manente
659 1101 718 1161 fixo
743 1101 927 1182 hemicyclio,
953 1122 1148 1183 quaecunque
1170 1120 1244 1180 pars
1266 1101 1387 1163 zodiaci
1409 1101 1442 1161 in
1465 1100 1540 1163 illud

174 1190 305 1264 incidat,
344 1190 463 1269 aequali
496 1189 637 1249 horarum
668 1191 856 1270 propriarum
889 1211 942 1252 seu
974 1191 1183 1268 temporalium
1215 1208 1340 1251 numero
1372 1190 1488 1251 abesse
1520 1209 1541 1250 a

174 1279 357 1352 meridiano,
393 1292 440 1350 ut,
470 1277 530 1338 etsi
553 1273 598 1340 0⁰
621 1293 652 1343 eo
677 1280 861 1340 constitutus
891 1280 920 1340 iu
944 1281 999 1341 tali
1022 1281 1081 1341 fixo
1114 1279 1308 1359 hemicyclio,
1342 1296 1541 1359 quaecuuque

174 1386 248 1448 pars
272 1368 389 1430 zodiaci
414 1368 496 1428 absit
519 1388 537 1426 a
561 1368 726 1429 meridiano
749 1368 850 1447 plures
874 1369 965 1429 horas
989 1368 1243 1448 aequinoctiales,
1269 1386 1361 1447 quam
1385 1368 1413 1428 si
1437 1361 1484 1429 0ο
1506 1370 1541 1441 ἦ

174 1475 211 1517 eo
236 1458 456 1528 transferatur,
485 1468 587 1516 tamen
611 1456 744 1517 vicissim
775 1456 867 1517 horae
895 1458 1079 1537 temporales
1108 1456 1204 1535 ipsius
1228 1451 1275 1518 θ’
1297 1471 1330 1520 Θ
1355 1464 1448 1517 tauto
1471 1455 1539 1516 taa-

175 1546 275 1625 giores
305 1547 367 1607 sint
398 1545 479 1605 horis
506 1545 723 1623 temporalibus
752 1545 846 1624 ipsius
869 1540 917 1607 0⁰
940 1552 989 1618 5,
1017 1566 1076 1625 qua
1103 1546 1221 1606 ratione
1251 1544 1378 1604 tandem
1402 1544 1542 1624 aequalia

174 1644 223 1696 est
247 1635 387 1713 utrinque
419 1634 559 1694 horarum
592 1634 794 1712 inaequalium
826 1654 975 1696 uumems.
1022 1636 1092 1693 l'ox
1124 1634 1190 1709 icas
1222 1634 1269 1694 hic
1302 1633 1453 1712 intelligit
1483 1652 1541 1694 nun

173 1745 270 1798 μῃιι,
305 1725 359 1783 sed
390 1721 526 1799 ιὶριθμῳ,
560 1722 655 1782 multo
687 1723 785 1783 minus
817 1723 991 1800 ioqueprrqv.
1045 1723 1188 1784 Stadios:
1223 1724 1460 1802 Aequatorem
1490 1722 1544 1783 illa

175 1811 283 1890 ubique
309 1813 494 1889 temporibus
517 1812 723 1889 praetergredi
748 1812 935 1890 aequalibus,
960 1813 1116 1872 zodiacum
1139 1811 1279 1913 partibus
1293 1811 1541 1891 inaequalium

173 1899 232 1962 Est
266 1900 309 1959 ita
332 1919 389 1959 nou
416 1911 531 1960 tautum
565 1900 594 1959 in
618 1899 756 1961 doctrina
784 1901 928 1962 rationali
951 1902 1104 1972 domuum,
1139 1901 1193 1961 sed
1217 1901 1310 1961 etiam
1343 1900 1374 1961 in
1400 1900 1543 1961 doctriua

172 1987 361 2051 Ptolemaios
385 1989 595 2049 directionum.
641 1987 722 2058 Quid
746 2008 857 2049 iero
843 1990 1014 2049 subaudirit
1038 1989 1187 2050 Stadius?
1232 1990 1310 2050 Au
1303 1989 1362 2068 tpsi
1386 1988 1471 2050 idem
1494 1996 1544 2050 est

174 2077 383 2159 praetergredi
406 2094 437 2137 et
461 2077 619 2156 intercipi?
665 2078 730 2138 Hoc
755 2079 861 2137 luisset
887 2079 925 2138 ad
949 2092 1051 2139 votum
1076 2077 1193 2145 Stadii,
1222 2078 1250 2138 si
1274 2080 1424 2156 scriptum
1448 2086 1544 2151 esset

175 2168 320 2246 aequales
344 2186 433 2227 arcus
457 2168 631 2243 aequaturis
653 2167 733 2226 inter
747 2166 818 2226 bina
841 2178 872 2225 et
887 2168 958 2227 bina
972 2168 1151 2227 hemicrclia
1174 2166 1323 2244 intercipi,
1349 2165 1504 2227 zodiaci
1494 2185 1545 2226 ιι-

175 2256 330 2356 aequales.
377 2255 446 2316 Xon
478 2267 580 2314 autem
603 2254 659 2314 hoc
692 2255 765 2315 dicit
789 2255 996 2329 Ptolemaeus,
1030 2233 1084 2315 sed
1106 2255 1181 2316 illud
1205 2256 1345 2335 utrinque
1369 2273 1543 2317 commuue.

174 2334 331 2406 Breviter:
362 2345 399 2404 de
423 2356 506 2403 motu
530 2343 677 2421 loquitur,
707 2344 776 2422 quia
800 2345 829 2404 in
854 2305 1019 2405 directiorie
1042 2363 1112 2404 vers
1097 2360 1198 2417 atur,
1228 2363 1295 2404 cuut
1319 2344 1464 2405 doctrina
1486 2344 1546 2404 do-

173 2453 313 2494 muum
298 2434 339 2494 sit
363 2433 439 2493 de
424 2433 495 2492 situ.
542 2430 677 2510 Colliges
701 2432 756 2492 hoc
781 2432 859 2503 inde,
883 2434 955 2513 quia
977 2433 1110 2493 nominat
1133 2454 1280 2512 χροιοις,
1303 2433 1354 2513 qui
1378 2444 1544 2512 suutpar-

175 2536 224 2583 tes
248 2523 432 2600 aequatoris.
479 2521 566 2580 Ait
558 2521 658 2599 igitur,
684 2534 878 2600 aequatorem
894 2522 1071 2600 aequalibus
1090 2523 1222 2582 transire
1241 2522 1444 2599 temporibus,
1470 2532 1547 2600 puta

175 2612 241 2672 suis
263 2611 411 2690 propriis,
436 2608 590 2670 zodiacum
614 2610 838 2688 inaequalibus,
862 2624 936 2688 puta
959 2631 1018 2671 nou
1042 2610 1121 2683 suis,
1145 2611 1199 2670 sed
1224 2611 1349 2681 alienis,
1382 2608 1547 2689 aequaturi

175 2699 340 2778 inscriptis.
389 2698 513 2760 Zodiaci
537 2699 616 2759 euim
639 2699 781 2759 transitio
805 2698 942 2759 nullasu
966 2701 1033 2777 ipsa
1048 2699 1172 2759 metitur
1195 2712 1345 2778 tempora,
1370 2699 1446 2778 quia
1460 2718 1542 2760 sem·

175 2809 230 2868 per
253 2804 285 2848 et
309 2788 417 2868 ubique
442 2788 608 2865 inaequalis
628 2801 687 2848 est.
735 2786 875 2848 Stadios:
903 2787 1087 2849 ,Praeterea
1107 2789 1210 2866 spatia
1243 2789 1322 2848 iuter
1340 2788 1549 2849 meridianum

179 2891 210 2938 et
244 2877 431 2937 horizontem
461 2877 639 2935 intenuedia
672 2895 728 2953 per
750 2877 924 2954 inaequales
949 2876 1039 2937 horas
1072 2888 1258 2936 mensurat·
1306 2874 1445 2936 Omnino
1469 2875 1548 2938 Sta·

177 2967 244 3027 dius
268 2967 370 3026 animo
393 2978 532 3024 uersatur
557 2965 585 3023 iu
610 2965 821 3025 distributione
845 2966 999 3037 domuum,
1028 2964 1223 3025 Ptolemaeus
1252 2966 1282 3024 iu
1311 2965 1549 3045 dispensatione

176 3069 321 3116 motuum.
368 3054 436 3116 Non
466 3052 589 3112 metitur
622 3053 724 3130 spatia
747 3052 956 3125 Ptolemaeus,
991 3053 1045 3112 sed
1073 3068 1174 3112 motus
1204 3054 1337 3132 partium
1361 3053 1484 3115 zodiaci
1509 3053 1550 3115 ab

177 3144 334 3204 horizonte
358 3143 388 3202 iu
412 3141 618 3205 meridianum.
642 3153 674 3201 et
698 3141 820 3201 metitur
843 3141 961 3220 quidem
989 3145 1135 3220 cujusque
1158 3143 1261 3219 puncti
1285 3142 1406 3203 zodiaci
1430 3152 1550 3205 mota·

177 3233 304 3293 seorsim
333 3230 508 3309 aequalibus
539 3229 623 3290 horis
652 3229 877 3308 temporalibus.
923 3230 990 3289 Nou
1015 3232 1093 3289 euim
1123 3230 1228 3291 tribuit
1260 3230 1413 3310 principio
1443 3232 1550 3293 caueri

177 3321 344 3398 longiorem
372 3320 477 3379 horam
508 3318 537 3378 in
562 3330 645 3391 ortu,
679 3318 846 3377 breviorem
877 3319 905 3377 in
929 3319 1109 3389 meridiano,
1144 3320 1198 3378 sed
1227 3320 1399 3398 aequaliter
1424 3321 1550 3400 longara

176 3409 334 3487 utrinque3
366 3409 551 3467 diuersorum
575 3420 847 3484 compunctorum
871 3407 1002 3479 zodiaci,
1036 3425 1094 3466 non
1123 3408 1335 3479 autuciorum,
1365 3419 1474 3470 motus
1498 3410 1549 3470 ia·

177 3497 353 3576 aequalibus
376 3497 499 3556 metitur
521 3496 585 3555 ho'
554 3515 613 3555 ris.
660 3495 773 3554 Verius
796 3508 827 3553 et
850 3497 970 3572 proprie
999 3496 1097 3573 magis
1126 3498 1271 3575 cujusque
1295 3497 1401 3575 puucti
1425 3498 1550 3561 zodiad

176 3600 290 3648 motum
315 3586 353 3646 ab
376 3585 531 3645 horizonte
556 3585 586 3643 iu
610 3584 779 3647 meridiem,
813 3584 876 3643 siue
901 3584 1007 3661 longus
1031 3585 1085 3647 sit
1121 3586 1186 3644 sive
1215 3585 1333 3649 breuis
1367 3586 1549 3664 aequaliter

177 3675 371 3736 distribuit
364 3694 393 3733 ιι
421 3688 568 3752 partes.
558 3692 631 3743 e,x
656 3691 731 3751 quas
754 3671 890 3750 appellat
913 3650 1003 3732 horas
1023 3674 1218 3771 temporales.
1266 3673 1416 3734 Stadins:
1443 3674 1550 3755 ,qnod

177 3765 294 3841 aguit.
328 3764 410 3823 illum
439 3781 497 3821 non
521 3762 663 3821 ditisixe
687 3760 841 3820 zodiacum
865 3761 1040 3839 aequalibus
1065 3762 1191 3839 spatiis,
1224 3763 1279 3822 sed
1309 3765 1548 3841 ιιιιιιιιοιειιι.

177 3853 253 3912 Tam
282 3872 351 3912 rere
375 3852 432 3911 hoc
456 3849 583 3949 Stadios
614 3850 713 3926 arguit
743 3868 781 3907 eu
803 3849 941 3908 doctrina
969 3850 1166 3909 directionum
1198 3870 1290 3951 super
1320 3851 1466 3914 doctrina
1489 3853 1550 3914 do-

177 4049 260 4090 rum:
285 4030 419 4107 quiara
378 4029 418 4087 ib
411 4028 497 4087 loci
524 4028 715 4086 Ptolemaeus
739 4044 797 4084 nou
821 4044 919 4101 magu
941 4004 1005 4090 aoit
1028 4027 1065 4086 de
1091 4028 1238 4091 domibus.
1263 4048 1355 4107 quarn
1381 4030 1552 4110 desiguia,

181 4119 212 4178 h.
236 4138 263 4177 e.
286 4118 375 4196 place
400 4116 474 4175 nihil
499 4115 579 4174 de
560 4135 600 4176 us
621 4115 695 4192 agit.
743 4114 807 4174 Nec
831 4113 908 4172 enirn
932 4115 1087 4174 zodiacum
1118 4135 1173 4174 uec
1206 4132 1406 4195 aequatoreru
1436 4119 1554 4181 divid}

178 4206 354 4284 aequalibus
370 4206 489 4283 spatis.
514 4203 569 4262 sed
583 4219 697 4262 motum
712 4202 945 4278 uuiuscujusque
962 4203 1065 4279 puncti
1084 4204 1211 4263 zodiaci.
1259 4205 1406 4267 Stadius:
1434 4208 1553 4270 ,Alb-

179 4297 230 4375 qui
264 4293 442 4371 aequalibus
475 4291 558 4350 horis
590 4291 665 4350 haec
698 4290 839 4350 deductio
876 4289 994 4349 absolvi
1030 4306 1166 4368 poterat.
1203 4313 1263 4353 nou
1300 4295 1551 4375 inaequalffiaa‘·

178 4382 329 4461 Agnoscit
354 4380 496 4441 Stadias.
526 4379 731 4438 Ptolemaeum
760 4379 789 4437 iu
819 4376 997 4438 deductione
1025 4380 1156 4439 versari:
1187 4382 1261 4460 quid
1288 4383 1385 4460 igitur
1412 4386 1554 4447 somniat

179 4473 218 4532 de
241 4469 454 4530 disinteria-re
478 4468 638 4526 domuum?
683 4468 722 4527 [t
747 4466 906 4526 maiiesto
928 4468 1047 4544 ignorat
1071 4487 1195 4545 ιιιιιιιιι
1212 4470 1393 4543 Ptolemaei,
1419 4492 1477 4535 ιιι
1500 4474 1554 4535 ’1-

180 4558 325 4637 aequales
348 4557 440 4615 horas
464 4568 597 4631 usurpet
644 4555 793 4614 ldeutfftas
817 4554 955 4615 nimirum
979 4558 1093 4616 numeri
1108 4557 1261 4625 horarum,
1284 4579 1345 4619 utin
1360 4563 1553 4642 aequalia,

179 4648 235 4707 sed
261 4644 472 4722 iaaeqtaliuuu.
497 4643 626 4702 toll-:cat
650 4644 773 4703 ditem
795 4643 911 4703 zodiaci
934 4660 1045 4721 puncta
1070 4645 1098 4703 iu
1114 4646 1221 4706 aulem
1242 4648 1356 4708 cirtulo
1370 4652 1552 4728 positioni.

270 4731 413 4794 Stadios:
448 4731 519 4791 ..td
542 4729 628 4797 haec,
652 4732 701 4790 ubi
724 4732 917 4792 Ptolemaeus
940 4733 978 4791 de
1000 4736 1220 4810 prorogaturiis
1243 4738 1309 4814 agit
1333 4738 1425 4805 lou'a
1449 4741 1553 4802 unde·

181 4820 293 4883 cina·
314 4819 435 4880 ὀιιιιιιι
457 4820 501 4879 ait
526 4818 684 4898 henam
708 4822 843 4899 aspicem
866 4819 1080 4901 horoscopum,
1103 4821 1147 4881 hl.
1173 4822 1210 4885 Ε.
1234 4826 1470 4907 quadraagab.
1491 4848 1553 4892 ao·
