3428 5542
240 284 285 350 711
843 284 1006 341 Prooemium.

328 445 415 517 Quod
441 455 599 526 superest,
638 448 663 508 si
698 448 850 528 quippiam
875 449 1092 511 humanissima
1119 449 1334 529 provocatione
1365 447 1439 511 milli
1463 446 1611 519 alieniori,

239 535 437 616 quodminus
462 555 559 598 aream
584 537 891 614 personamdecuat,
926 539 990 617 ojus
1022 557 1077 616 ego
1108 539 1226 599 veniam
1253 539 1362 600 obnixe
1387 546 1479 617 peta:
1505 536 1612 598 forsan

239 633 271 686 et
293 642 419 685 mereor.
457 625 525 686 Nou
549 632 653 702 potest
675 627 754 687 enim
778 626 909 703 jucunda
933 645 1000 687 esse
1024 626 1158 706 scriptio,
1186 646 1262 706 quaa
1286 646 1345 695 non
1368 625 1534 697 sitlibera,
1551 643 1613 684 non

239 733 277 776 ex
314 713 413 774 animo
445 712 475 773 in
514 715 660 775 calamum
693 715 809 775 influat.
857 717 962 794 ltaque
992 715 1027 789 si,
1053 717 1130 796 quod
1155 717 1260 788 oredo,
1286 724 1394 794 gratae
1423 721 1496 775 snut
1525 730 1615 774 meae

240 801 389 883 epistulae
414 803 517 881 Magn.
541 803 642 877 Tuae,
672 803 740 881 jure
773 803 849 864 hauc
883 804 963 884 mihi,
980 803 1153 865 libertatem
1182 811 1215 865 et
1237 804 1432 866 securitatem
1456 801 1614 864 scribendi

241 889 401 953 concedes.

331 979 411 1042 Vale
434 978 512 1042 Nub.
539 987 571 1040 et
589 980 692 1058 Magn.
711 978 777 1053 Vir,
803 999 908 1061 meque
924 980 977 1042 tibi
992 981 1230 1042 commendatum
1245 978 1334 1040 habe.
1359 975 1409 1041 111.
1420 978 1497 1040 Dec.
1514 972 1614 1040 1598.

1040 1071 1120 1132 Nub.
1147 1079 1179 1131 et
1202 1069 1284 1148 Mag.
1310 1068 1394 1129 Tuae

331 1155 370 1219 D.
395 1156 434 1218 D.
459 1156 488 1217 J.
511 1156 548 1216 Β.
574 1153 721 1226 Pickleru,
1201 1154 1504 1218 observantissimus

291 1245 464 1306 venerando
488 1252 520 1305 et
544 1243 655 1322 optimo
679 1243 754 1315 seni,
1207 1246 1253 1307 Μ.
1277 1245 1352 1307 Jot.
1376 1240 1501 1326 Kepleo·

263 1342 376 1414 agnato
401 1353 477 1406 meo,
501 1333 632 1395 salutem
656 1330 773 1393 officio·
1155 1332 1276 1415 styriae
1300 1333 1462 1395 Procerum
1487 1332 1591 1393 blath.

351 1422 505 1485 tissimum
529 1419 678 1482 adscribo.

311 1599 327 1650 J
333 1613 450 1650 oannes
470 1598 656 1650 wernerus,
683 1597 753 1656 cujus
772 1596 956 1645 observationes
975 1596 1098 1658 Keplarus
1116 1598 1238 1660 inspicere
1258 1598 1334 1660 cupit.
1353 1603 1430 1647 natus
1448 1601 1491 1646 eat
1510 1595 1612 1646 Norin-

240 1673 332 1738 berpae
351 1685 417 1721 uno
430 1666 506 1724 ress,
525 1669 557 1718 ab
576 1682 641 1715 anno
657 1663 724 1713 1198
743 1667 849 1730 pastoris
866 1680 968 1715 munere
982 1666 1157 1732 Norinrbergaa
1176 1669 1274 1718 iunctus
1294 1676 1333 1717 ast
1351 1683 1428 1732 nsque
1447 1667 1483 1718 ad
1500 1674 1612 1717 mortam

241 1740 277 1803 (a.
301 1737 389 1804 1528).
426 1740 634 1791 mathematicam
653 1737 806 1799 disciplinam
822 1740 895 1798 juxta
914 1738 1034 1786 ecclesiae
1058 1740 1193 1788 ministeria
1213 1739 1301 1795 coluit,
1319 1741 1346 1788 in
1365 1754 1444 1803 eoque
1464 1739 1616 1790 eruditionis

240 1828 332 1880 genere
351 1812 474 1863 excelluit.
495 1808 591 1874 (Comp.
612 1809 834 1872 Doppelmayernm
853 1809 878 1856 in
897 1806 954 1857 hist.
974 1810 1204 1858 mathematicorum
1223 1806 1487 1875 Norimbergensium).
1527 1806 1614 1859 hiulta

241 1885 377 1935 elaboravit
396 1899 453 1933 cum
471 1882 650 1949 geographica,
671 1888 723 1929 tum
742 1880 917 1935 astronomica,
937 1894 1018 1943 pauca
1036 1896 1092 1929 sero
1112 1883 1176 1944 typis
1194 1888 1252 1930 sunt
1271 1881 1400 1938 mandata,
1419 1887 1449 1930 ut
1467 1894 1528 1931 rere
1540 1880 1618 1931 refert

241 1958 267 2008 ia
284 1957 443 2020 amathus
461 1952 613 2004 nummu.

314 2027 386 2089 Quae
404 2026 528 2090 Keplerue
546 2027 571 2074 in
590 2022 754 2086 superioribus
772 2022 882 2085 queritur
908 2020 940 2070 ‹le
964 2022 1147 2072 calamitatibus
1174 2021 1293 2084 Styriacia
1317 2036 1349 2071 ea
1370 2021 1481 2085 pluribus
1505 2022 1619 2086 explieat

240 2101 266 2148 in
293 2098 371 2149 literis
399 2095 440 2159 ((1.
467 2094 492 2146 9.
519 2096 582 2145 Dec.
609 2091 645 2143 99
673 2099 699 2142 et
725 2088 767 2138 29.
792 2093 855 2156 Aug.
886 2087 936 2152 99)
961 2092 993 2142 ad
1011 2091 1216 2143 Maestlinum
1244 2094 1325 2155 datis,
1352 2108 1414 2158 quus
1442 2096 1618 2159 proposuimus

241 2184 301 2236 pag.
322 2165 355 2217 39
375 2174 401 2218 et
421 2168 462 2217 51.
911 2217 916 2224 ,

311 2240 496 2290 Ηιιιιιιιιιι
515 2238 540 2286 ln
561 2236 719 2299 responsione
743 2246 789 2281 sua
812 2232 849 2292 ((1.
869 2231 894 2280 2.
914 2231 972 2282 Jan.
995 2229 1076 2293 1599)
1100 2234 1166 2283 banc
1192 2236 1362 2296 quaestionem
1388 2249 1488 2298 prorsus
1514 2234 1618 2286 silentio

240 2313 416 2375 praetermittit
434 2308 597 2370 (imbuam
615 2308 709 2355 socium
728 2305 802 2353 luisse
821 2303 977 2354 Horwamum
996 2303 1121 2366 constat),
1146 2306 1236 2355 additis
1260 2308 1346 2368 paucis
1369 2306 1407 2355 'de
1435 2309 1618 2370 oonjnnctione

240 2383 347 2433 Veneris
365 2389 392 2432 et
410 2381 526 2431 Mercurii
545 2393 610 2428 anno
629 2392 653 2426 a.
675 2376 720 2425 Ch.
741 2375 773 2424 lX
793 2381 819 2424 et
842 2374 872 2424 de
891 2375 993 2437 Kapleri
1020 2375 1181 2436 Calendario,
1207 2377 1271 2426 haec
1299 2377 1331 2426 de
1357 2376 1477 2427 Wernoro
1502 2379 1616 2440 protest:

241 2453 299 2505 Van
316 2454 341 2504 J.
361 2453 480 2504 wernero
497 2450 547 2500 hab
567 2449 621 2499 ich:
653 2445 682 2507 1)
700 2448 726 2496 in
745 2447 802 2495 lolio
822 2460 887 2495 anno
911 2444 977 2494 ¹51²
996 2448 1084 2509 impr:
1109 2447 1250 2496 Translatio
1270 2448 1444 2514 Gaographiae
1463 2448 1616 2500 Ptolemaei.

241 2520 315 2587 ²)in
340 2531 427 2589 quarto
452 2524 521 2586 impr.
549 2535 615 2571 anno
647 2516 729 2568 ¹522:
757 2517 836 2580 Super
855 2514 888 2565 22
917 2517 1050 2567 lllementis
1077 2518 1182 2568 Conicis.
1220 2518 1260 2567 De
1279 2521 1335 2568 cubi
1355 2518 1536 2582 duplicatione.
1574 2520 1617 2571 De

240 2603 309 2648 metu
328 2600 433 2646 octavae
448 2587 582 2656 sphaerae,
601 2592 625 2639 in
645 2605 692 2655 quo
711 2589 740 2638 tlt
757 2590 850 2638 mentm
869 2589 1065 2638 observationum
1085 2592 1147 2652 elus.
1181 2587 1234 2639 Nec
1255 2592 1328 2646 enirn,
1348 2590 1413 2653 quod
1432 2592 1522 2650 seiam,
1536 2591 1617 2642 ullum

240 2668 331 2718 libram
350 2666 426 2716 allum
444 2665 531 2720 edidit,
551 2667 577 2713 in
596 2677 644 2725 quo
663 2661 840 2711 observationis
859 2660 963 2721 alicujus
982 2674 998 2709 a
1016 2674 1044 2709 se
1063 2662 1146 2714 iactae
1164 2662 1312 2710 meminerit.

314 2737 357 2788 Da
374 2739 418 2787 der
435 2737 501 2787 Eerr
519 2733 620 2783 sollicbe
640 2749 671 2782 au
688 2733 766 2782 sehon
785 2732 880 2795 begert,
899 2730 1060 2780 tibersehicte
1079 2732 1120 2781 ioh
1137 2734 1184 2780 inis
1202 2734 1247 2780 mit
1265 2732 1402 2789 necbstam,
1422 2731 1457 2781 da
1469 2732 1525 2781 iehs
1539 2733 1619 2783 allein

244 2809 334 2861 wieder
351 2809 441 2874 riohtig
460 2807 602 2861 bekomme,
623 2804 689 2852 dann
708 2803 749 2852 ioh
767 2802 853 2851 heines
871 2807 961 2850 vuasto
981 2801 1130 2852 anderwerts
1154 2803 1270 2852 widmmb
1297 2819 1327 2851 an
1351 2804 1453 2852 umbem
1476 2802 1562 2869 ‘Und
1581 2803 1617 2853 da

243 2879 284 2931 iob
303 2878 355 2929 lma
373 2881 418 2928 mit
435 2878 571 2927 malueram
590 2873 725 2923 oiiitahran
745 2873 824 2929 kann,
843 2872 889 2921 hat
907 2887 934 2921 er
951 2872 1017 2921 mich
1042 2872 1125 2923 allzeit
1144 2873 1226 2938 villig.
1265 2872 1304 2922 De
1323 2873 1377 2923 aliis
1398 2874 1501 2924 allorum
1531 2875 1616 2926 obser-

244 2950 385 3001 vationibus
403 2949 475 3013 plura
492 2947 606 3012 proximis
625 2945 702 2994 literis
722 2956 804 3007 agam.
843 2943 930 2992 Damit
949 2941 993 2993 de.

316 3055 388 3106 Haec
405 3053 557 3104 Herwartus.
578 3051 715 3114 Responsio
734 3049 836 3114 Kepleri
856 3050 969 3114 aliaeque
989 3050 1125 3114 complures
1144 3051 1254 3113 ejusdem
1272 3050 1360 3101 literae
1381 3052 1471 3102 desunt
1483 3053 1510 3103 in
1529 3053 1619 3119 codiee

246 3127 447 3190 Petropolitanor
466 3126 491 3172 in
510 3123 661 3172 bibliotheca
678 3136 735 3170 vero
755 3121 827 3170 acad.
847 3119 946 3170 Monac.
967 3121 1169 3185 deprehendimus
1188 3122 1273 3171 literas
1291 3120 1341 3171 illic
1361 3122 1533 3179 desideratas.
1553 3138 1619 3189 quas

245 3198 316 3249 dedit
333 3196 456 3261 Keplerus
474 3194 604 3244 Hermo
622 3193 646 3243 (1.
668 3189 709 3241 29.
729 3192 802 3252 Jam,
823 3190 864 3240 11.
886 3191 954 3254 Sept
974 3200 1000 3241 et
1021 3191 1052 3240 tt
1072 3193 1133 3243 Dec.
1156 3190 1238 3247 1599.
1261 3191 1301 3241 12.
1320 3192 1370 3243 iat
1392 3190 1471 3248 111119.
1493 3209 1507 3244 e
1527 3196 1620 3259 qulbus

246 3282 287 3327 ea,
305 3283 370 3334 quae
388 3268 437 3318 huo
454 3268 591 3330 pertinent.
613 3264 730 3314 addenda
747 3272 813 3313 sunt.
851 3264 887 3313 Ex
906 3263 982 3313 literis
1000 3263 1024 3312 (1.
1045 3264 1069 3312 (1.
1090 3261 1131 3312 29.
1151 3264 1210 3314 Jan.
1232 3261 1307 3314 1599.
1327 3266 1459 3329 inquibus
1483 3267 1517 3315 ad
1536 3280 1618 3331 quu-

245 3342 351 3391 stionem
371 3340 401 3389 de
421 3340 594 3401 coniunctione
612 3335 717 3386 Veneris
736 3343 762 3385 et
779 3335 908 3389 Mercurii.
929 3334 959 3383 de
978 3335 1114 3384 Ptolemaei
1134 3343 1159 3384 et
1178 3335 1307 3399 Coperuici
1331 3336 1562 3394 observationibus,
1592 3346 1620 3389 et

246 3408 278 3462 ds
296 3410 426 3476 eclipsibus
445 3408 580 3472 respoudit,
599 3407 662 3457 haec
682 3411 780 3456 tanturn
800 3407 976 3456 desumsimus:

335 3551 383 3613 De
397 3548 594 3612 Wernero:
619 3549 773 3628 opuscula,
790 3566 865 3626 quae
888 3547 1051 3618 annotasti,
1069 3546 1116 3607 hic
1140 3555 1219 3608 sunt.
1246 3547 1396 3610 Libellum
1419 3549 1619 3610 observatio-

247 3658 316 3704 num
341 3640 497 3718 tubingae
521 3640 581 3700 vidi
606 3638 683 3716 apud
707 3635 912 3704 Maestliuum
937 3652 1023 3714 quem
1047 3636 1156 3695 solitus
1180 3644 1228 3695 est
1251 3635 1350 3697 dicere
1376 3655 1518 3714 magnum
1544 3639 1619 3699 tha-

249 3746 381 3792 saurum.
429 3728 503 3806 Ejus
527 3728 683 3807 exemplar
705 3725 885 3804 superfluum
908 3723 1119 3785 existimabam
1142 3725 1221 3802 apud
1246 3740 1299 3785 vos
1325 3735 1476 3804 repertum
1501 3727 1549 3789 iri.

319 3902 490 3964 mmmm:
511 3901 601 3962 ,Quod
619 3902 650 3951 ds
669 3901 779 3951 werneri
798 3898 1006 3950 observationibus
1024 3899 1122 3954 scribis.
1142 3901 1223 3949 miror.
1261 3899 1287 3949 Si
1310 3902 1416 3958 scirem,
1437 3908 1525 3951 extare
1549 3902 1619 3953 illius

248 3976 446 4030 observationes,
463 3973 602 4024 omnimodo
621 3986 749 4026 curarem.
769 3978 797 4020 ut
815 3971 917 4034 adipisci
936 3970 1051 4032 possem
1082 3970 1188 4020 deinde:
1217 3970 1328 4036 ,Wegen
1347 3973 1392 4021 des
1411 3972 1525 4023 Werueri
1543 3973 1620 4024 Buols

247 4044 279 4095 de
298 4044 515 4096 Observationibus
533 4047 609 4107 ipsius
632 4043 682 4093 bab
709 4042 748 4092 ich
768 4041 901 4091 Schreiben
925 4056 970 4088 von
990 4041 1227 4091 untorschiedlichen
1255 4050 1332 4105 guten
1352 4041 1444 4098 Orten.
1465 4057 1512 4094 aus
1531 4043 1617 4095 Num-

247 4117 325 4180 bsrp,
354 4115 411 4165 dass
438 4115 595 4180 dergleiaheh
620 4130 666 4162 ron
687 4112 739 4162 lhm
764 4111 886 4162 niemalen
907 4123 1084 4175 anagogangan
1110 4127 1169 4175 seyn
1198 4110 1281 4160 sollen.
1320 4112 1411 4162 Wollte
1435 4129 1497 4178 geru
1517 4115 1619 4179 sinen,

247 4188 294 4236 vie
313 4187 376 4236 doch
396 4184 440 4235 der
456 4185 542 4234 titulus
561 4185 698 4249 eigentlioh
717 4185 780 4233 solta
799 4179 941 4231 beschall'en
961 4178 1061 4242 seym')

319 4256 347 4305 ln
365 4256 442 4305 literis
461 4257 485 4305 d.
504 4257 528 4305 d.
549 4253 590 4303 lt.
610 4255 679 4318 Sept.
702 4251 770 4304 1599
790 4254 897 4302 maxima
916 4259 1033 4315 exparte
1052 4252 1174 4316 Keplerus
1193 4253 1290 4301 disserit
1308 4252 1339 4302 de
1358 4258 1521 4316 quastione.
1541 4271 1620 4321 qun

248 4328 391 4379 Ηιπιιιιιι
413 4329 490 4376 morit
518 4329 564 4383 „de
589 4327 720 4376 harmonia
745 4324 829 4374 mundi
855 4338 898 4370 sou
927 4330 1048 4371 concentu
1074 4330 1168 4386 septem
1190 4323 1377 4386 planetarum‚“
1399 4326 1431 4375 ad
1450 4327 1620 4379 Harmonia

248 4399 349 4462 Kepleri
368 4400 448 4461 ipsam
466 4398 612 4452 reserenda.
637 4398 777 4460 praemissis
796 4395 827 4443 de
846 4397 911 4442 ritae
938 4395 1033 4442 ratione
1051 4393 1203 4443 instituenda
1222 4395 1296 4443 animi
1315 4396 1443 4449 sensibus.
1467 4400 1559 4462 quihus
1578 4415 1617 4449 re·

249 4469 347 4532 spondit
367 4468 404 4516 his
423 4468 545 4518 Honesti
565 4469 595 4516 do
616 4468 734 4530 Tyrhone
753 4467 866 4515 nunriis:
886 4463 922 4522 (in
941 4464 1018 4512 literis
1037 4464 1060 4512 (1.
1081 4462 1115 4513 tu
1142 4461 1205 4523 Jul.)
1227 4464 1326 4524 ,Tycho
1340 4467 1408 4514 venit
1420 4465 1540 4532 Pragsm.
1555 4486 1617 4520 non·

249 4538 306 4590 dum
325 4548 410 4590 tamen
429 4540 461 4589 ab
479 4540 627 4603 imperatore
647 4539 800 4588 audientiam
822 4536 967 4598 impetrarit.
986 4536 1022 4583 ita
1040 4544 1067 4583 ut
1086 4536 1210 4583 nesciatur
1229 4535 1317 4586 adhuc.
1337 4538 1454 4600 numquid
1475 4540 1507 4588 ibi
1526 4542 1619 4603 ροιοιιι

249 4613 282 4659 slt
301 4610 400 4664 tintus,
414 4612 509 4660 necne“
521 4629 528 4663 ι
542 4611 631 4660 deinde
645 4612 682 4667 (in
696 4611 772 4658 literis
786 4607 808 4654 (1.
821 4604 859 4652 29.
878 4604 969 4669 Arpi:
990 4606 1093 4666 „Tycha
1112 4605 1193 4654 Brshe
1212 4605 1344 4666 perlustrat
1360 4617 1444 4657 eastra
1462 4612 1621 4673 imperatoris

248 4684 273 4730 in
293 4681 420 4737 bohemia,
439 4695 560 4742 quaerens
578 4683 658 4731 locum
678 4679 841 4730 commodum.
861 4677 902 4724 ubi
921 4677 1005 4725 sedem
1024 4677 1086 4739 ligat
1104 4685 1130 4726 et
1142 4677 1350 4726 observationibus
1363 4680 1513 4728 coelestibus
1532 4692 1618 4739 vacat,

248 4750 337 4800 suario
357 4747 426 4799 30th
445 4752 591 4802 florenorum
611 4765 747 4800 mouturam
768 4750 800 4801 (si
819 4748 891 4797 inodo
911 4761 969 4795 rara
988 4755 1027 4794 est
1045 4746 1124 4803 lama)
1151 4748 1182 4792 ab
1210 4748 1356 4810 imperatore
1381 4751 1404 4796 in
1429 4753 1558 4804 servitium
1578 4769 1618 4807 re.
