3428 5542
688 279 850 395 evomun-
1381 326 1447 411 eet

91 522 126 566 so
149 501 296 579 narrisch,
321 501 394 565 dass
418 500 594 566 deroselben
617 522 654 566 zu
677 504 756 567 ihrer
770 502 868 566 selbst
882 503 1043 566 Frommen
1067 502 1150 566 diese
1166 502 1229 566 alte
1248 504 1445 585 versttndige

88 592 218 666 Mutter,
254 592 303 655 die
326 591 526 654 Astronomia
554 593 646 654 durch
671 593 724 655 der
747 593 879 654 Tochter
900 592 1148 674 Narrenteyung‚
1181 593 1248 654 weil
1279 592 1321 655 sie
1345 594 1444 658 z'umal

88 681 166 744 auch
197 679 283 743 einen
307 680 429 766 Spiegel
457 681 523 757 hat,
558 701 613 744 nur
640 681 875 761 eingeschvatzt
902 681 962 742 vud
991 681 1167 761 eingelogeu
1196 682 1315 743 werden
1349 702 1441 747 muse.

88 768 160 832 Vnd
184 769 278 853 seynd
300 778 425 832 sonsten
446 770 502 832 der
526 770 811 832 Mathematicorum
839 770 952 831 salaria
976 789 1010 832 so
1034 770 1161 832 seltzam
1185 769 1245 831 rud
1269 789 1302 832 so
1326 770 1441 852 gering,

87 858 161 920 dass
184 858 233 921 die
256 858 372 922 Mutter
394 858 563 939 gevisslich
588 860 711 939 Huuger
734 859 840 940 leyden
866 865 994 934 milsste,
1024 877 1087 919 wan
1113 858 1161 919 die
1186 858 1318 920 Tochter
1342 860 1443 922 nichts

88 949 222 1014 erwnrbe
246 948 300 1010 uo.
327 945 448 1027 (Comp.
473 947 580 1009 librum
603 947 640 1008 de
664 947 764 1009 Stella
787 967 866 1009 nova
890 946 965 1027 Gap.
991 947 1061 1008 Xll.
1087 947 1142 1008 sub
1165 947 1253 1008 duem
1282 954 1313 1008 et
1337 956 1440 1010 annot.

88 1043 223 1099 nostram
247 1036 325 1098 infra
349 1044 522 1118 sequentem
545 1035 618 1098 Nro.
647 1033 713 1110 10.)
759 1035 846 1106 Etsi,
875 1045 910 1097 ut
932 1037 1007 1097 haec
1031 1042 1185 1097 testantur
1204 1035 1313 1110 verba,
1338 1035 1444 1118 priva·

89 1125 146 1186 tim
169 1134 202 1187 et
223 1124 341 1205 publice
365 1143 423 1186 non
443 1125 568 1188 multum
586 1125 738 1187 tribuebat
752 1123 902 1204 Keplerns
922 1124 1119 1204 astrologiae,
1144 1124 1182 1185 ob
1203 1142 1256 1186 eas
1270 1144 1346 1206 quas
1361 1124 1443 1188 dixi-

87 1232 155 1276 mus
182 1233 293 1276 causas
325 1233 401 1295 quae
426 1214 535 1275 rationi
568 1213 663 1275 minus
687 1214 839 1275 contraria
870 1213 1043 1276 viderentur
1070 1232 1107 1273 ex
1141 1213 1193 1274 illa
1217 1213 1377 1290 desumsit,
1412 1219 1444 1276 et

88 1300 227 1381 sibiipsi
256 1302 381 1382 aliisque
412 1302 583 1381 acceptiora
610 1301 735 1363 reddere
762 1300 877 1382 passim
900 1311 1027 1363 conatus
1051 1311 1099 1363 est
1127 1320 1193 1363 curn
1216 1301 1313 1364 literis
1336 1302 1442 1382 privs·

87 1390 138 1465 tis,
163 1399 227 1453 tum
251 1390 334 1454 libris
358 1390 387 1453 in
411 1392 518 1468 vulgus
542 1390 640 1461 editis,
657 1391 825 1470 ,praecipue
848 1391 922 1464 illis,
953 1409 1027 1471 qnos
1051 1408 1142 1470 supra
1165 1389 1304 1461 diximus,
1327 1392 1442 1452 Astro-

88 1479 189 1561 logiae
211 1480 428 1554 fundamentis,
457 1478 534 1540 libro
558 1480 595 1540 de
619 1479 710 1541 stella
733 1479 802 1539 anni
830 1473 913 1542 1604
937 1488 968 1540 et
990 1479 1093 1539 Tertio
1124 1479 1360 1541 Interveniente.
1407 1480 1443 1542 In

87 1568 186 1631 literis
209 1567 350 1649 privatis,
375 1566 535 1648 praecipue
558 1567 609 1643 iis,
626 1587 701 1648 quas
725 1568 763 1628 ad
787 1567 969 1629 Davidem
992 1560 1199 1629 thricium
1222 1566 1315 1642 dedit,
1345 1568 1443 1630 multu
1560 1572 1569 1586 ‘

85 1657 350 1737 deprehendimus,
371 1650 447 1737 quae
470 1655 527 1717 huo
549 1657 714 1737 pertinent,
739 1675 830 1739 quam
853 1657 890 1718 ob
914 1676 977 1718 rem
1001 1656 1057 1717 has
1077 1654 1269 1718 calendariis
1291 1657 1441 1735 praemit·

83 1745 180 1807 tenda
203 1764 368 1808 censemus.
416 1743 492 1808 Cum
516 1752 616 1807 autem
638 1745 669 1805 iu
693 1745 753 1806 illis
777 1745 856 1807 sicut
879 1745 972 1807 etiam
996 1745 1025 1805 iu
1051 1742 1240 1806 calendariis
1269 1746 1364 1807 multa
1391 1744 1441 1806 iu-

84 1834 159 1908 sint,
183 1853 258 1915 qnae
282 1853 359 1897 nunc
383 1834 447 1897 sine
463 1834 662 1912 explicatione
679 1852 768 1913 aegre
783 1834 1004 1916 intelligantur,
1029 1832 1076 1895 his
1091 1833 1145 1895 illa
1162 1834 1342 1895 illustranda
1360 1840 1440 1897 suut.

174 1922 331 2002 Astrologi
356 1923 476 2004 qnidam
501 1923 664 1984 horizontis
689 1923 831 1985 circulum
855 1922 884 1984 in
912 1920 952 1985 12
968 1922 1111 2005 aequales
1135 1929 1239 2002 partes
1263 1922 1440 1995 diviserunt,
1548 1917 1552 1924 ’

84 2011 171 2075 initio
195 2012 278 2074 facto
301 2033 320 2072 a
342 2020 453 2092 puncto
477 2011 602 2074 orientis
626 2010 708 2074 Solis
732 2011 912 2093 aequinoctii
941 2020 1088 2090 tempore,
1125 2000 1248 2074 'Circuli
1278 2011 1442 2073 verticalss

83 2119 139 2183 per
162 2100 340 2163 divisionum
366 2107 479 2180 puncta
494 2099 637 2162 'traducti
667 2100 863 2173 totumcoeli
892 2100 1145 2180 hemisphaerium
1173 2100 1203 2160 in
1235 2097 1275 2162 12
1304 2107 1440 2162 sectores

84 2189 233 2266 dividunt,
259 2208 335 2271 quas
358 2190 483 2251 domos
508 2189 657 2251 coelestes
681 2195 800 2251 vocant.
848 2188 910 2250 Alli
934 2189 1122 2250 constituunt
1148 2188 1204 2250 has
1229 2189 1334 2250 domus
1358 2187 1439 2249 divi·

84 2277 184 2341 dendo
206 2278 362 2361 zodiacum
392 2297 447 2360 per
474 2277 601 2339 circulos
631 2277 836 2345 latitudinum,
871 2275 922 2338 alii
951 2275 1113 2338 dividendo
1145 2286 1354 2356 aequaturum,
1388 2275 1440 2339 alii

84 2366 212 2448 denique
242 2366 385 2429 circulum
408 2366 585 2427 verticalem
613 2384 667 2445 per
691 2374 788 2426 ortum
812 2373 843 2425 et
866 2382 1007 2428 occasum
1031 2365 1282 2446 aequinoctialem
1307 2365 1438 2429 ductum.

84 2455 356 2518 Deuominationes
380 2464 412 2517 et
434 2454 670 2534 significationes
694 2454 798 2515 harum
814 2453 997 2529 „domuum⁸‘
1021 2453 1077 2514 hae
1093 2462 1162 2515 sunt
1177 2455 1341 2516 secundum
1356 2452 1440 2516 Ori·

83 2563 246 2626 gauum:
275 2545 298 2608 l.
323 2543 502 2607 Ascendens
533 2562 586 2605 seu
608 2543 818 2623 Horoscopns;
848 2543 952 2633 domqs
976 2542 1068 2604 vitae.
1116 2543 1155 2605 ll.
1181 2542 1362 2604 Diuitiarum
1386 2560 1439 2604 seu

81 2642 189 2715 portae
212 2633 356 2696 infernae.
404 2634 458 2695 ΙΙΙ.
482 2635 622 2695 Fratrum
645 2651 699 2694 seu
722 2650 866 2705 sororum,
883 2651 937 2694 seu
956 2630 1066 2694 divina.
1114 2632 1171 2694 IV.
1196 2632 1368 2704 Parentum,
1387 2649 1439 2692 sen
1527 2652 1529 2659 ·

83 2721 176 2784 imum
192 2722 277 2784 coeli.
326 2722 365 2783 V.
391 2722 577 2794 Liberorum,
594 2739 648 2782 seu
662 2721 742 2782 bona
757 2721 887 2782 fortuna.
926 2720 982 2782 Vl.
1007 2719 1210 2795 Valetudinis,
1226 2719 1439 2795 ministrorum,

83 2810 257 2874 animalium
282 2809 521 2884 domesticorum,
548 2827 600 2870 sen
624 2809 705 2871 mala
720 2810 849 2871 fortuna.
897 2808 968 2870 Vll.
995 2807 1144 2889 conjugii,
1169 2828 1222 2871 sen
1241 2809 1332 2871 cardo
1356 2806 1439 2870 occi·

83 2899 227 2963 dentalis.
274 2898 359 2961 VIlI.
383 2897 502 2973 Mortis,
527 2916 580 2959 seu
599 2916 729 2977 superna
743 2904 842 2978 porta.
888 2897 944 2960 IX.
965 2896 1145 2977 Religionis,
1171 2897 1365 2973 somniorum,
1385 2896 1438 2959 iti·

81 3006 196 3064 nerum,
221 2989 383 3051 seuDens.
422 2987 462 3052 X.
487 2987 580 3049 Vitae
599 2995 859 3067 genusnatomm,
884 3006 937 3050 sen
952 2987 1082 3050 medium
1097 2988 1183 3050 cosli.
1230 2987 1285 3050 Xl.
1310 2985 1438 3048 Amico·

82 3095 158 3147 rum,
184 3095 236 3139 sen
251 3078 346 3139 bonus
360 3076 477 3156 genius.
517 3075 588 3137 Xll.
612 3075 810 3151 Inimicorum,
835 3095 887 3138 seu
903 3077 1000 3139 malus
1014 3077 1130 3156 genius.
1179 3074 1301 3139 Gradus
1315 3074 1438 3156 eclipti-

82 3183 137 3228 cae
173 3165 370 3228 meridianum
412 3182 562 3244 occupans
960 3182 1006 3232 ng.
1023 3181 1043 3221 r.

83 3250 164 3317 cor
201 3251 327 3316 Coeli
364 3260 561 3337 nuncupatur.

83 3340 207 3406 Gradus
259 3342 416 3423 eclipticas
462 3342 562 3404 oriens

81 3430 308 3512 (Horoscopns)
339 3439 473 3511 temporo
505 3431 562 3492 ob-

82 3521 274 3594 servationis,
299 3518 329 3581 in
344 3519 369 3581 Ι.
385 3521 472 3582 domo
497 3519 562 3581 col-

80 3608 201 3671 locatur
213 3608 401 3683 „thematis“
420 3626 474 3669 seu
487 3626 562 3682 „ra-

81 3697 195 3773 dicis“;
221 3716 295 3773 „cor
309 3696 407 3759 coeli“
431 3697 460 3758 in
474 3697 515 3770 X,
531 3705 563 3757 et
582 3696 627 3750 Ill
684 3694 698 3721 ⁰

80 3785 169 3848 initia
191 3785 372 3867 reliquamm
396 3787 560 3858 domorum,

80 3874 110 3937 h.
146 3893 173 3937 e.
212 3874 481 3955 correspondentes
513 3874 560 3935 his

79 3963 193 4041 gradus
230 3963 403 4043 eclipticas,
450 3962 559 4025 inscri-

79 4051 191 4115 buntur
226 4050 353 4132 singulis
390 4050 558 4132 triangulis,
607 4063 625 4122 1

80 4158 158 4222 quae
176 4140 313 4221 singulae
328 4148 561 4222 repraesentant

80 4229 196 4292 domus.

170 4316 329 4393 ‚,'lhema“
353 4324 453 4379 autem
481 4316 558 4378 hanc

79 4406 173 4470 habet
195 4406 335 4489 figuram,
369 4424 472 4489 quam,
506 4426 557 4468 se·
594 4451 624 4510 Π

79 4503 207 4579 quentes
222 4495 387 4577 Keplerum
409 4495 558 4558 nativita-

78 4592 140 4649 tem
153 4583 423 4649 Wallenstenii
446 4592 556 4646 notan-

59 4712 65 4735 r
78 4681 150 4750 tem,
177 4672 392 4737 delineavimus
407 4672 490 4749 (vide
507 4673 556 4734 in·

77 4763 149 4840 ira).
192 4762 403 4846 Inscripsimus
416 4780 557 4825 numeros

78 4853 233 4917 domomm
256 4851 383 4933 singulis
396 4851 556 4935 triangulis
