3428 5542
247 287 313 357 010
667 285 769 338 literae
785 285 890 351 thi
908 285 1059 350 adosumqaa
1078 291 1180 339 mutuae

246 449 440 532 geometrica.
487 447 567 510 Nem
594 445 729 528 quintilis
756 454 789 509 et
818 447 984 529 biquiutilis
1016 448 1061 511 sic
1088 447 1209 529 quidem
1240 453 1312 510 sunt
1343 445 1409 508 loco
1435 443 1609 525 posteriora

246 541 325 604 inter
356 536 613 599 demonstrativas
644 537 774 615 figuras,
816 545 851 598 ut
880 536 967 599 simul
986 537 987 540 ’
999 556 1054 617 per
1085 537 1162 598 hunc
1195 553 1346 599 recessum
1381 542 1415 596 et
1445 551 1500 613 per
1528 532 1610 594 haue

247 629 350 708 tagam
373 624 564 706 aequatiouis
585 624 781 704 perveniatur
803 623 834 685 iu
849 626 1163 704 proportionalitatem
1179 623 1312 687 divinam
1326 623 1457 686 omnium
1481 641 1608 702 geome-

247 717 390 780 tricarnm
412 733 520 776 rerum.
566 713 636 775 Etsi
668 712 770 793 itaque
802 712 850 775 his
882 715 970 776 deest
996 714 1238 786 numerabilitas,
1271 733 1325 774 seu
1348 719 1458 773 natura
1480 709 1607 783 numeri,

246 804 380 868 uicissim
402 811 504 865 tamen
532 801 607 882 ipsis
638 802 727 864 adest
752 802 906 883 proportio
930 802 1049 878 diviua,
1088 823 1148 884 qua
1184 810 1290 864 carent
1319 807 1462 881 aspectus
1485 798 1605 861 usitati.

246 893 428 973 Propterea,
465 898 498 952 et
531 891 601 971 quia
638 891 890 971 quinquangulum
927 892 1087 954 adhibetur
1119 893 1158 952 ad
1199 890 1387 953 efficiendum
1425 906 1533 967 corpus
1575 895 1608 948 et

247 981 366 1064 quidem
396 979 589 1060 primarium,
625 990 658 1042 et
694 979 868 1060 biquiutiles
905 980 1016 1059 figurae
1059 977 1099 1043 12
1130 979 1169 1042 ad
1200 978 1432 1058 pulcherrimum
1468 977 1609 1056 regulare

248 1077 369 1134 auctum
393 1069 545 1141 (stellam)
569 1067 747 1142 faciendum,
773 1068 947 1148 aspectibus
972 1077 1043 1131 suut
1066 1069 1265 1130 accensenda.
1287 1090 1292 1096 ’
1311 1067 1471 1128 Postrema
1492 1067 1608 1146 figura-

247 1176 313 1223 rum
336 1165 461 1239 utroque
488 1156 607 1218 nomine
631 1165 680 1219 est
707 1157 984 1237 sesquiquadratus.
1032 1156 1174 1220 Ceterum
1202 1156 1233 1219 iu
1262 1157 1369 1218 ellectu
1397 1175 1503 1235 parum
1531 1174 1608 1234 pos-

247 1255 337 1317 sunt,
370 1246 437 1326 plus
462 1254 576 1318 umen,
611 1264 700 1326 qnam
729 1246 853 1326 quaevis
883 1246 944 1307 alia
976 1265 1035 1307 non
1066 1245 1257 1319 harmonica,
1294 1243 1544 1326 quemadmodum
1576 1242 1608 1304 iu

247 1336 361 1400 musice
392 1342 483 1396 sexta
513 1335 613 1396 mollis
645 1335 845 1396 consonantia
872 1343 972 1397 tamen
1006 1344 1068 1406 est,
1101 1344 1148 1408 ut,
1183 1352 1249 1395 cum
1281 1333 1323 1395 sit
1345 1332 1520 1406 imbecillis,
1550 1350 1609 1392 nec

246 1425 352 1488 laedat
370 1442 474 1498 aures,
504 1431 539 1484 ut
562 1441 638 1503 quae
661 1423 829 1485 dissonant.
876 1426 955 1487 Nam
989 1423 1141 1484 sensibilis
1168 1423 1244 1484 haec
1276 1421 1406 1483 musices
1436 1440 1503 1483 cum
1532 1421 1608 1482 meis

247 1512 415 1577 rationibus
452 1512 632 1574 harmonicis
660 1511 871 1574 convenientia
909 1512 1108 1574 certissimum
1137 1512 1224 1586 facit,
1262 1530 1347 1572 meas
1381 1510 1515 1572 rationes
1547 1528 1608 1571 nou

248 1620 316 1665 asse
340 1601 544 1679 denegandas,
570 1619 661 1681 quare
686 1619 740 1661 uec
763 1600 793 1661 iu
818 1601 984 1680 astrologia
1007 1601 1251 1663 contemnendas.
1266 1595 1290 1673 ¹)

335 1690 420 1751 Haec
442 1689 599 1762 hacteuus,
625 1697 658 1751 ut
679 1707 727 1750 me
751 1698 784 1750 et
805 1697 835 1750 te
855 1708 1034 1750 exercerem.

318 1829 504 1879 Fabricius:
523 1828 570 1878 Pro
589 1829 721 1893 geuesibus
738 1830 818 1879 missis
836 1831 930 1896 gratias
942 1830 1062 1879 maximas
1074 1829 1162 1880 habeo.
1201 1805 1304 1880 Utinam
1317 1828 1458 1878 accuratius
1471 1826 1609 1877 deuoutae

248 1905 340 1952 ment
378 1898 438 1950 Sola
455 1900 620 1950 accidentium
641 1906 761 1950 accurata
779 1902 915 1951 observatio
935 1900 1109 1965 astrologiam,
1135 1914 1201 1950 uuuc
1220 1901 1291 1964 quasi
1309 1899 1440 1954 infamem,
1467 1912 1511 1947 auo
1535 1899 1608 1947 uitari

247 1972 378 2023 manera
396 1976 487 2034 petest.
523 1970 618 2020 Vellem
637 1986 746 2036 quoque,
765 1979 791 2021 te
810 1974 836 2021 iu
854 1979 912 2022 tua
929 1973 1056 2036 genesi,
1080 1974 1137 2021 uou‘
1147 1972 1241 2021 infelici
1259 1978 1288 2020 ut
1306 1985 1352 2035 ego
1370 1976 1446 2034 puto,
1467 1969 1610 2019 accidentia

248 2043 332 2093 amula
349 2043 375 2090 iu
393 2043 466 2093 certis
485 2041 570 2092 diebus
588 2042 647 2092 mihi
667 2045 870 2093 communicasse.
907 2043 1021 2093 Maxima
1038 2057 1095 2107 pars
1114 2044 1165 2092 lato
1184 2043 1256 2092 mode
1275 2043 1397 2092 denotata
1415 2047 1462 2094 eat.
1480 2055 1528 2092 nso
1546 2054 1609 2106 oeg-

246 2127 349 2164 noaoere
373 2127 514 2176 possumus,
544 2126 576 2163 an
602 2129 664 2162 novo
690 2114 728 2164 vel
753 2117 830 2165 veteri
853 2115 918 2176 stylo
941 2116 1028 2164 utaris.
1066 2113 1150 2174 Quare
1168 2115 1194 2162 iu
1212 2121 1316 2178 utroque
1345 2119 1371 2164 te
1396 2113 1477 2177 magis
1496 2111 1609 2176 explica;

246 2185 409 2249 praeaertim,
437 2198 484 2249 quo
503 2183 543 2232 dis
562 2185 621 2232 anui
640 2181 681 2232 lli.
703 2183 790 2234 Martis
808 2186 928 2235 transitus
946 2200 991 2249 per
1008 2185 1186 2236 ascendentem
1214 2190 1239 2233 te
1258 2181 1329 2234 valde
1350 2183 1479 2239 afflixerit,
1505 2188 1531 2233 et
1549 2197 1608 2248 quo·

246 2255 329 2305 modo.
368 2253 423 2315 Quo
451 2255 491 2305 die
519 2254 598 2304 Gratii
616 2254 744 2320 ngarica
770 2255 844 2306 labris
872 2263 898 2307 te
925 2257 1050 2306 invaserit
1088 2255 1143 2316 Quo
1168 2255 1207 2305 die
1234 2255 1292 2305 anui
1320 2249 1361 2303 90.
1382 2253 1511 2319 ngarica
1537 2253 1611 2303 febris

248 2325 350 2383 lentior,
379 2341 410 2376 ex
428 2324 535 2375 Saturno
553 2340 627 2388 super
645 2326 835 2383 ascendentem.
863 2334 889 2377 ts
908 2328 1030 2378 afflixerit
1068 2327 1162 2377 Ultima
1180 2331 1305 2391 quartana
1323 2323 1351 2373 8.
1370 2325 1426 2376 Oct
1449 2339 1483 2374 au
1501 2330 1550 2375 ret
1570 2324 1609 2374 vel

247 2412 309 2447 novo
328 2394 409 2460 style?
445 2396 535 2446 Laesio
553 2397 608 2446 uari
627 2397 737 2461 quodie.
774 2397 900 2450 Maestliui
918 2398 1153 2464 genesiuaihabes,
1172 2397 1245 2448 velim
1257 2397 1317 2447 mihi
1330 2397 1503 2448 communices
1537 2394 1611 2447 liade

247 2466 388 2518 Paradiseri
407 2468 510 2533 genesin
527 2465 625 2517 habes?

336 2573 540 2652 Keplerus:
579 2571 728 2652 Exempla
752 2591 903 2652 geneseon
928 2573 1033 2635 mutila
1055 2572 1134 2636 misi.
1172 2574 1308 2652 Ignosce.
1353 2569 1439 2640 Cum,
1464 2571 1609 2646 utvides,

249 2656 422 2725 certitudini
447 2661 523 2722 artis
546 2661 575 2722 iu
596 2660 798 2740 singularibus
821 2680 927 2738 parum
950 2662 1089 2736 tribuam,
1116 2661 1317 2741 negligentior
1340 2679 1409 2721 esse
1432 2660 1530 2734 soleo,
1555 2679 1611 2723 uec

250 2758 282 2813 te
304 2750 354 2812 hic
378 2751 502 2812 multum
522 2752 629 2829 juvare
653 2768 786 2828 possum.
833 2748 894 2812 Sed
920 2758 953 2813 tu
976 2751 1111 2830 deperire
1136 2751 1248 2812 videris
1272 2758 1386 2822 artem;
1416 2747 1495 2820 vide,
1519 2767 1556 2809 ue
1579 2757 1611 2810 te

250 2838 437 2912 ludificetur,
476 2839 593 2917 majora
630 2838 708 2899 enirn
752 2838 889 2901 humanis
930 2838 1043 2902 viribus
1081 2838 1143 2900 ista
1177 2839 1248 2901 mihi
1285 2838 1442 2911 videntur,
1481 2830 1610 2898 certitu·

251 2927 350 2989 diuem
374 2927 442 2987 inde
467 2935 585 3006 petere,
610 2927 659 2988 ubi
683 2925 767 2989 nulla
790 2947 858 2988 esse
881 2936 998 3008 potest,
1030 2937 1061 2988 te
1085 2928 1151 3007 ipso
1176 2936 1272 3000 teste,
1297 2927 1347 3006 qui
1371 2926 1512 2987 concedis
1536 2944 1610 2988 cau·

251 3033 352 3078 sarum
376 3015 504 3075 omnium
528 3035 690 3077 concursus
709 3017 798 3095 juxta
822 3016 947 3078 coelum.
996 3014 1076 3086 Quid
1100 3036 1138 3077 ex
1168 3016 1225 3077 hoc
1248 3022 1406 3095 sequatur,
1437 3014 1530 3092 probe
1555 3033 1611 3075 ex-

251 3104 381 3184 pendere
405 3111 436 3164 te
460 3105 568 3176 velim;
593 3123 662 3165 nam
685 3103 916 3166 inconsideratis
940 3105 1038 3184 prima
1061 3105 1159 3167 lroute
1186 3124 1244 3166 nou
1269 3110 1408 3183 apparet.

339 3192 373 3252 lu
398 3210 463 3252 mea
487 3192 591 3270 genesi
615 3193 712 3274 stylus
736 3202 823 3256 vetus
847 3193 943 3267 valet,
975 3213 1068 3273 usqne
1098 3193 1137 3254 ad
1161 3213 1270 3255 anuum
1295 3187 1347 3266 94,
1372 3210 1429 3269 quo
1454 3209 1532 3251 anuo
1561 3187 1612 3252 ll.

251 3279 327 3360 apr.
351 3290 392 3341 et.
416 3299 443 3342 n.
471 3279 610 3343 Gratium
635 3282 701 3342 veui
724 3301 789 3344 cum
813 3292 984 3344 versaretur
1006 3283 1036 3357 Ἡ
1060 3282 1088 3344 iu
1114 3282 1211 3345 medio
1231 3282 1327 3352 coeli;
1357 3276 1395 3341 ld
1409 3289 1480 3358 post
1503 3279 1610 3342 diebus

252 3369 379 3520 iodim
411 3371 520 3446 66)
540 3370 571 3431 iu
603 3367 714 3443 23⁰11
745 3371 835 3433 incidi
867 3371 896 3432 in
921 3371 1027 3433 febrim
1050 3371 1248 3450 Ungaricam,
1291 3389 1367 3450 quae
1391 3369 1512 3431 duravit
1535 3369 1612 3431 alios

256 3455 269 3520 l
320 3456 394 3520 dies.

340 3545 430 3608 Auno
445 3542 497 3620 90,
522 3565 588 3607 cum
612 3554 696 3610 esset
717 3542 738 3622 li
762 3543 937 3611 m2d040‘
951 3552 984 3620 Π
1007 3549 1131 3627 (quaere
1156 3547 1234 3608 diem
1259 3548 1349 3628 ipse),
1374 3534 1507 3625 graviter
1525 3547 1611 3627 coepi

252 3644 413 3716 aegrotare
437 3635 540 3697 dolore
572 3635 681 3716 capitis
711 3641 744 3696 et
765 3635 1009 3698 consternatione
1038 3637 1247 3699 membrorum.
1295 3634 1370 3699 Cum
1394 3630 1415 3711 li
1440 3634 1548 3697 itemm
1572 3635 1613 3698 ibi

252 3733 345 3798 esset,
370 3723 489 3786 scabies
513 3741 561 3784 me
585 3725 692 3786 tenuit

342 3813 432 3874 Auno
455 3808 507 3885 91,
534 3812 581 3874 die
601 3813 733 3874 Veneris
756 3819 827 3892 post
850 3811 967 3875 cineres
991 3814 1100 3893 capitis
1124 3815 1210 3875 dolor
1233 3813 1395 3875 febriculae
1420 3811 1613 3875 acutissimae

253 3899 370 4054 initia&
394 3901 479 3975 lecit,
511 3919 586 3980 quae
619 3901 640 3966 8
670 3902 735 3963 dies
760 3901 881 3962 duravit
903 3910 934 3963 et
958 3921 1003 3963 me
1036 3920 1113 3981 pene
1137 3903 1301 3964 enecavit.
1333 3901 1367 3963 Si
1392 3900 1467 3962 bene
1492 3901 1614 3964 memini

254 3987 312 4052 tuit
380 3987 467 4066 Θό.

344 4077 420 4139 Post
443 4077 534 4140 serias
558 4078 715 4140 natalitias
739 4076 956 4157 praecedentes
988 4097 1004 4138 e
1034 4078 1146 4158 templo
1174 4098 1190 4139 e
1215 4077 1342 4139 lectione
1366 4078 1488 4140 veniens
1511 4079 1615 4141 inteu-

255 4165 376 4231 aissimo
401 4166 512 4244 frigore
536 4167 643 4228 sudavi
667 4165 940 4230 vehementissime.
987 4169 1121 4230 Fuerunt
1144 4187 1215 4247 ergo
1239 4167 1383 4246 reliquiae
1407 4167 1511 4241 morbi,
1537 4188 1615 4249 quae

255 4264 417 4335 eruperunt
440 4255 468 4317 iu
493 4255 751 4329 Bacchanalibus,
785 4274 851 4317 cum
874 4256 964 4334 paulo
987 4265 1079 4319 antea
1102 4257 1261 4318 sisteretur
1284 4255 1419 4330 scabies,
1450 4264 1482 4318 et
1504 4277 1614 4320 acces·

254 4344 350 4408 sisset
372 4344 532 4406 commotio
556 4343 690 4422 corporis
714 4355 745 4406 et
768 4344 860 4405 animi
889 4363 942 4423 per
965 4344 1162 4424 agitationem
1191 4343 1384 4418 comoediae,
1414 4345 1443 4406 iu
1468 4364 1526 4426 qua
1540 4347 1614 4409 Ma-

255 4432 369 4497 rianem
393 4432 530 4511 agebam.
579 4433 610 4492 ln
639 4442 788 4511 quartana
815 4433 927 4514 stylum
958 4453 1068 4495 novum
1097 4434 1243 4513 intellige.
1290 4431 1386 4495 Simul
1414 4433 1486 4496 illud
1515 4435 1612 4498 medi·

254 4538 375 4582 corum:
414 4521 547 4582 tertiana
580 4539 637 4581 nou
666 4531 833 4600 expurgata
867 4524 899 4582 fit
935 4530 1093 4601 quartana.
1140 4521 1241 4585 Semel
1271 4530 1361 4603 atque
1390 4521 1513 4600 iterum,
1546 4543 1615 4587 cum

257 4609 354 4671 adhuc
378 4629 475 4671 essem
502 4608 618 4678 Gratii,
647 4610 727 4670 sensi
758 4628 967 4691 paroxysmum
992 4619 1062 4672 ante
1086 4612 1257 4674 Michaelis.
1303 4611 1455 4690 Agitabat
1477 4615 1559 4676 curis
1582 4622 1616 4676 et

257 4697 423 4770 laboribus,
455 4698 493 4758 ed
521 4695 578 4758 iter
605 4716 651 4758 rue
679 4717 810 4778 paraus;
848 4699 876 4760 in
905 4700 1013 4762 itinere
1044 4700 1198 4761 iracundia
1221 4701 1316 4763 effusa
1340 4719 1377 4761 ex
1402 4701 1613 4778 incidentibus,

250 4803 328 4848 ,esus
351 4788 541 4866 gerberorum
560 4787 728 4861 crudorum,
752 4787 852 4849 victus
875 4788 933 4850 imo
956 4788 1143 4852 inordinatus
1167 4796 1199 4852 et
1221 4790 1419 4852 antecedente
1443 4802 1532 4854 nocte
1555 4792 1616 4857 iter
