3428 5542
678 315 882 371 confimati-
1394 319 1457 388 261

98 475 219 534 manum
242 471 414 536 nullatenus
437 463 617 550 admovisse,
643 475 727 539 eolas
750 495 821 539 vero
837 475 1066 543 observationes
1082 477 1239 559 reliquisse
1258 480 1480 562 conscriptas..

97 557 199 621 Minus
220 559 314 640 igitur
335 562 470 625 unane
491 563 727 644 Hipparchus
719 584 748 626 ru
780 567 965 629 astronomia
992 568 1275 648 augustioribusquc
1297 570 1460 649 pomoeriis

97 647 298 728 cogitationes
318 658 351 711 et
373 669 461 713 cunas
484 671 556 715 suas
580 654 717 736 inclusit,
741 674 830 736 quam
853 657 903 718 vel
926 657 1071 720 Eudoxus
1093 658 1142 719 vel
1167 656 1323 738 Oalippus
1371 657 1459 730 Quae

96 744 146 799 est
169 756 241 818 ergo
264 738 318 802 illa
341 746 404 802 tam
427 741 584 820 splendide
607 727 768 806 asservata
791 744 958 808 immutatio
982 746 1208 880 hypothesium,
1242 764 1330 826 quam
1351 746 1458 828 Calip-

96 825 174 905 picis
195 827 388 907 Hipparchus
411 827 536 892 intulit?

188 915 334 979 Venimus
365 935 459 997 usquc
487 919 526 981 ad
553 925 691 998 tempora
718 919 900 999 Hipparchi,
935 919 984 1002 qui
1011 920 1161 1002 posterior
1189 920 1359 984 Aristotele
1389 921 1456 999 fuit,

96 1021 154 1084 quo
178 1010 314 1084 tempore
328 1005 425 1068 Ursus
449 1006 493 1071 ait
515 1007 705 1070 introductas
728 1008 920 1090 physicorum
943 1010 1138 1092 hypotheses,
1162 1010 1192 1072 h.
1207 1029 1235 1073 e.
1259 1028 1327 1072 enm
1342 1011 1455 1089 sphae-

95 1110 197 1154 ramrn
219 1093 364 1167 ordinem,
388 1095 438 1176 qni
461 1095 621 1159 hodiedum
644 1097 733 1176 vulgo
757 1097 898 1159 creditur.
944 1099 981 1160 Id
1004 1106 1105 1162 autern
1128 1105 1226 1161 totum
1249 1117 1364 1162 merum
1387 1117 1459 1163 esse

93 1181 241 1244 somnium
268 1201 361 1263 snpra
384 1184 522 1264 probavi,
555 1204 622 1247 cum
646 1184 790 1258 dicerem,
818 1186 1011 1268 Pythagorae
1042 1187 1100 1267 ipsi
1132 1187 1177 1249 sic
1206 1206 1275 1249 esee
1295 1187 1393 1251 visum
1415 1188 1455 1251 de

94 1268 292 1350 sphaerarum
311 1271 425 1347 ordine,
448 1273 493 1335 uti
515 1281 625 1354 postca
646 1274 834 1337 Ptolemaeo.

183 1358 228 1422 Et
254 1360 324 1440 quid
350 1361 477 1424 multis?
508 1360 780 1442 Quomodocuuque
809 1363 945 1425 locentur
967 1362 1043 1426 haec
1066 1361 1086 1426 3
1110 1381 1238 1442 corpora
1255 1362 1353 1437 Solis,
1387 1363 1456 1426 Va.

93 1445 175 1510 neme
198 1455 232 1509 et
248 1449 391 1512 Mercurii
415 1451 493 1513 inter
511 1451 642 1513 Martem
665 1458 697 1513 et
715 1451 842 1522 Lunam,
867 1470 986 1531 semper
1004 1452 1049 1526 (iu
1072 1452 1193 1514 usitatis
1217 1452 1335 1532 quidem
1356 1451 1455 1534 hypo-

93 1536 247 1611 thesibus)
277 1556 326 1601 rcs
356 1539 460 1600 eodem
489 1540 568 1602 redit
598 1539 629 1601 in
648 1545 846 1604 astronomia.
892 1541 973 1603 Nam
1001 1541 1059 1603 hac
1080 1542 1132 1602 via
1155 1540 1275 1620 quidem
1296 1539 1452 1622 ingressos

93 1625 323 1688 observationes
337 1626 516 1690 destituunt.
563 1627 656 1691 Solae
674 1628 867 1710 physicarum
881 1629 1031 1692 rationum
1051 1629 1328 1692 verisimilitudines
1344 1636 1452 1692 aucto-

92 1732 153 1790 res,
178 1721 212 1776 ut
235 1714 360 1795 quisque
383 1716 461 1779 hanc
484 1717 634 1780 velillum
658 1716 848 1797 potissimum
872 1716 1016 1798 sequitur,
1040 1716 1071 1779 iu
1093 1717 1247 1780 contraria
1268 1716 1399 1796 rapiunt,
1422 1717 1454 1780 iu
1478 1732 1480 1736 ’

93 1802 205 1866 ceteris
227 1805 462 1868 consentientes.
510 1803 578 1876 Quo
600 1814 702 1886 pacto,
727 1807 791 1868 sive
815 1814 886 1870 ante
915 1805 980 1868 eive
1003 1814 1075 1886 post
1088 1808 1247 1869 Eudoxum
1266 1806 1453 1885 disputatum

93 1892 136 1955 eit
163 1893 200 1954 dc
227 1891 370 1954 moderno
401 1894 601 1973 sphaerarum
624 1894 729 1957 ordine
751 1895 883 1977 vulgari,
914 1913 973 1957 uon
1002 1897 1170 1957 censendae
1194 1903 1265 1957 snut
1293 1895 1398 1956 horum
1422 1902 1454 1956 et

92 1980 212 2044 Eudoxi
244 1981 382 2043 diversae
409 1983 593 2065 hypotheses
621 1984 853 2048 astronomicae.
906 1981 982 2046 Onrn
1014 1984 1091 2045 enirn
1129 1984 1197 2046 inde
1231 2003 1250 2044 a
1278 1983 1454 2063 Pythagora

92 2069 243 2150 hucusque
261 2069 370 2150 vulgus
385 2079 624 2135 astronomorum
639 2073 784 2152 incapite
807 2072 1022 2147 consenserint,
1048 2072 1197 2134 dubitatio
1220 2072 1295 2134 haec
1311 2072 1349 2133 de
1364 2072 1453 2133 trium

91 2157 197 2221 horum
229 2176 387 2239 corporum
414 2160 518 2224 ordine
547 2180 667 2241 semper
694 2162 820 2238 mansit,
855 2161 1004 2239 necdum
1036 2181 1055 2222 a
1081 2161 1215 2242 physicis
1245 2168 1293 2223 est
1320 2158 1451 2222 sublata

91 2248 310 2334 Heraclitus
328 2247 431 2310 Solem
455 2249 528 2312 fecit
549 2248 755 2330 penintimum‚
780 2252 886 2313 eodem
908 2244 976 2312 cnm
990 2249 1159 2312 Aristotele
1173 2268 1246 2311 usus
1265 2255 1452 2326 argumento,

91 2336 171 2416 quod
200 2341 304 2398 cetera
336 2345 423 2400 astra
449 2338 547 2401 minus
576 2338 768 2402 calefaciant.
810 2340 899 2401 Plato
923 2337 1172 2419 Pythagoricam,
1201 2335 1390 2401 Socraticam
1421 2343 1454 2397 et

91 2425 307 2488 Heracliticam
330 2426 554 2508 philosophiam
576 2427 720 2503 miscens,
752 2430 901 2491 referente
925 2425 956 2487 id
980 2426 1120 2501 Laertio,
1149 2425 1348 2505 locupletavit
1374 2424 1453 2486 hanc

91 2513 260 2594 opinionem
282 2515 385 2594 optica
409 2516 603 2596 conjectura:
628 2516 654 2578 si
679 2517 721 2591 Q,
745 2518 767 2594 d
789 2517 869 2578 infra
891 2514 993 2578 Solem
1016 2514 1087 2583 siut.
1112 2513 1259 2576 diminuta
1282 2513 1352 2574 olim
1374 2512 1451 2574 facie

91 2610 126 2664 nt
147 2603 265 2666 Lunam
288 2602 386 2667 visum
409 2604 456 2666 iri.
498 2605 692 2668 Ptolemaeus
725 2605 811 2667 addit
833 2624 871 2666 ex
893 2603 1012 2666 illorum
1034 2603 1187 2664 sententia
1218 2611 1251 2664 et
1278 2603 1334 2665 hoc
1358 2619 1450 2680 argu·

89 2698 238 2765 mentum,
272 2692 352 2772 quod
383 2711 533 2774 nunquam
560 2692 662 2755 Solem
696 2694 904 2756 obtenebrant.
951 2690 1038 2762 Quae
1063 2699 1240 2771 argumenta
1264 2689 1451 2752 declinantes

90 2779 226 2843 moderni
248 2780 399 2861 pellucida
421 2782 475 2844 illa
497 2799 625 2861 corpora
648 2781 771 2858 faciunt,
796 2789 903 2846 contra
926 2782 1056 2861 quaml)
1079 2780 1127 2842 vel
1150 2778 1216 2842 Soli
1237 2777 1451 2862 propinquanti

89 2868 170 2930 riam
193 2870 315 2939 cedere,
348 2876 382 2931 ut
404 2870 599 2933 Ptolemaeus
622 2871 703 2945 vult,
737 2872 786 2934 vel
811 2870 902 2933 etiam
925 2871 1161 2941 subtercurrore,
1193 2877 1227 2931 ut
1255 2866 1390 2930 moderni
1413 2884 1451 2928 ex

89 2957 199 3020 Proclo
227 2966 259 3020 et
280 2958 439 3021 Averrboe
468 2959 614 3039 exemplis
643 2958 739 3023 dubiis
766 2960 958 3022 contendunt.
1004 2959 1051 3020 At
1078 2964 1185 3019 contra
1211 2955 1451 3037 penetrationem

89 3046 206 3110 orbium
225 3045 324 3121 Solis,
352 3047 497 3121 Veneris,
527 3047 669 3111 Mercurii
692 3056 724 3111 st
746 3049 852 3112 Lunae
874 3047 1005 3125 nondum
1028 3045 1144 3109 amoliti
1167 3054 1252 3122 suut,
1285 3052 1320 3107 ut
1342 3043 1451 3106 melius

89 3142 155 3197 stet
180 3133 394 3216 Alpetragins,
427 3134 477 3216 qui
505 3156 597 3199 unum
624 3144 742 3199 tantum
772 3137 839 3201 Soli
870 3143 903 3199 et
925 3136 1030 3208 Lunae
1058 3135 1231 3214 interponit.
1278 3133 1321 3195 Et
1347 3139 1450 3194 tamen

89 3224 273 3305 conjecturis
295 3223 430 3306 physicis
454 3226 637 3288 contendunt
650 3226 832 3289 Mercurium
853 3226 933 3288 infra
948 3225 1108 3298 Venerem,
1133 3222 1203 3303 qnia
1224 3221 1355 3285 motibus
1378 3220 1449 3299 plu·

88 3311 172 3376 ribus
194 3320 352 3376 moveatur
373 3322 564 3395 motuumque
587 3315 782 3377 similitudine
807 3316 845 3377 ad
860 3314 976 3376 Lunam
989 3312 1123 3394 proxime
1139 3312 1275 3373 accedat.
1321 3310 1448 3373 Utrum-

88 3419 147 3483 que
176 3420 248 3463 rero
277 3402 333 3464 sub
356 3400 445 3478 Sole,
477 3411 512 3466 ut
538 3403 566 3464 ie
597 3405 697 3483 possit
724 3423 792 3465 esse
825 3403 942 3465 medius
970 3410 1003 3464 et
1030 3400 1162 3480 epatium
1189 3400 1268 3463 inter
1291 3397 1395 3461 Solem
1417 3406 1451 3460 et

17 3481 23 3495 ’
87 3490 208 3552 Lunam
229 3490 399 3571 impleatur.
447 3493 496 3554 Ita
519 3491 686 3571 disputatio
704 3493 778 3554 haec
795 3491 921 3573 physica
930 3499 992 3565 est,
1016 3509 1075 3553 uon
1090 3488 1302 3550 astronomica.
1318 3522 1362 3534 —
1386 3484 1448 3548 Sed

88 3579 129 3641 ad
152 3580 264 3643 Ursum
285 3579 386 3641 redeo.

176 3667 220 3729 Et
242 3666 373 3749 loquitur
395 3667 516 3749 quidem
538 3668 635 3730 Ursus
658 3667 767 3749 ubique
789 3668 849 3743 ita,
883 3686 919 3730 ac
943 3666 969 3727 si
992 3664 1177 3745 temporibus
1200 3662 1261 3726 illis
1289 3671 1323 3724 ut
1344 3661 1444 3740 philo·

87 3756 247 3837 sophicae,
279 3756 324 3819 sic
347 3756 569 3820 astrohomicae
592 3775 708 3836 qnoque
732 3757 854 3819 scholae
879 3755 1021 3829 fuissent,
1055 3753 1260 3832 artificumque
1288 3757 1323 3810 ut
1344 3749 1445 3829 philo-

88 3845 251 3926 sophomm
283 3845 425 3909 continua
456 3844 622 3918 successio,
657 3846 833 3925 dogmatum
865 3843 1131 3907 astronomicomm
1161 3840 1209 3902 vel
1234 3838 1369 3901 defensio
1396 3838 1447 3900 vel

86 3934 211 4015 publica
242 3940 274 3995 et
295 3934 428 3998 solennis
457 3933 642 3997 immutatio:
676 3935 755 4015 quod
782 3935 870 4014 longe
894 3932 983 3995 aliter
1010 3951 1043 3994 se
1067 3930 1169 3992 habet.
1217 3926 1345 4008 Semper
1367 3926 1447 3990 enim
1474 3997 1475 4000 Ἴ

87 4024 164 4086 haec
188 4025 307 4085 fortuna
330 4023 386 4086 fuit
409 4023 621 4097 astronomiae,
645 4030 680 4087 ut
700 4023 789 4103 pauci
812 4029 925 4097 essent,
950 4020 999 4101 qui
1024 4040 1096 4083 suas
1119 4018 1147 4079 in
1168 4036 1235 4079 eam
1259 4036 1347 4082 curas
1371 4035 1446 4079 con·

88 4113 212 4175 fcrreut.
258 4112 306 4174 Ac
339 4111 395 4174 etei
429 4131 503 4174 sane
536 4131 594 4174 non
623 4112 733 4175 desunt
760 4111 912 4192 exempla,
945 4108 995 4171 ubi
1018 4128 1094 4170 unns
1117 4107 1244 4169 alterum
1277 4105 1394 4168 audivit
1416 4104 1446 4166 in

87 4199 312 4275 astronomicis,
345 4201 443 4281 magis
470 4209 573 4263 tamen
603 4208 667 4263 tum
689 4201 834 4281 temporis
862 4200 1010 4280 agebatur
1033 4196 1186 4278 negotium
1214 4195 1448 4258 astronomicum

86 4290 168 4353 iutra
188 4289 326 4371 privates
349 4289 492 4368 parietes,
516 4308 571 4352 nec
594 4290 657 4353 nlla
675 4290 803 4353 celebris
818 4298 850 4351 et
864 4290 1005 4368 frequens
1021 4284 1207 4349 auditoribus
1222 4284 1327 4346 ecbola
1341 4289 1445 4344 astro·

86 4379 206 4443 uomica
233 4398 293 4440 ex
302 4378 439 4441 historiis
467 4386 540 4441 uota
564 4385 622 4441 est.
668 4380 814 4460 Adeoque
847 4397 907 4441 nou
936 4396 1040 4439 omnes
1072 4375 1199 4437 invicem
1223 4370 1389 4435 astronomi
1412 4386 1446 4432 se

85 4468 351 4541 intumescebant,
386 4467 522 4548 quamvis
553 4467 709 4530 coaetanei
735 4476 852 4541 es‚sent
887 4475 940 4529 aut
972 4465 1064 4529 libros
1088 4463 1219 4542 scriptos
1242 4460 1445 4540 reliquissent,

86 4556 308 4660 typographiae
330 4563 403 4637 puto
428 4556 557 4620 defectu.
604 4557 760 4619 Philolaus
775 4556 854 4619 euim
876 4556 948 4637 quid
963 4554 1093 4617 senserit
1106 4571 1199 4632 supra
1212 4550 1336 4623 dictum,
1361 4547 1446 4626 cujus

87 4645 292 4709 astronomica
322 4645 466 4726 dogmata
497 4646 525 4707 si
556 4645 684 4708 fuissent
715 4644 841 4708 Eudoxo
875 4664 962 4726 quern
994 4642 1122 4705 vivendo
1153 4639 1310 4703 Philolaus
1342 4635 1447 4716 attigit

87 4733 221 4815 cognite,
243 4733 314 4815 quid
337 4752 413 4815 opus
437 4733 560 4808 fuisset,
588 4743 622 4796 nt
643 4735 766 4815 propria
789 4753 860 4796 cura
882 4733 980 4796 miuus
1003 4733 1170 4814 perfectam
1194 4732 1446 4790 commentaretur

86 4822 327 4888 woremiam?
370 4822 493 4886 Etenim
517 4843 554 4885 cx
577 4822 760 4888 Archimede
783 4829 917 4896 constat,
952 4821 1094 4885 definisse
1115 4818 1274 4882 Eudoxum
1298 4815 1437 4878 diametri
