3428 5542
621 332 742 384 derebus
760 336 923 402 astrologicis.
947 333 954 343 “
1392 334 1457 402 355

73 535 78 539 .
102 485 289 566 impossibile
314 506 352 549 ex
367 492 451 553 coelo
465 493 640 570 praedicere
654 504 772 569 ventos,
797 495 854 557 nisi
875 513 998 572 annuos,
1023 514 1080 557 non
1106 494 1188 575 prins
1201 496 1324 575 cognita
1340 496 1459 558 interna

104 575 256 655 qualitate
282 580 481 657 quarumlibet
513 589 675 656 terrarum,
708 591 741 644 ut
764 584 910 659 sciamus,
945 599 1011 664 quo'
1032 594 1165 665 tempore
1189 584 1314 664 quilibet
1342 593 1458 647 tractus

105 663 241 726 abundet
264 666 396 728 humore.
444 669 488 730 Tu
513 689 584 731 vero
608 673 727 751 quaeris
751 675 913 735 etiamnum
938 694 1004 735 curn
1024 673 1199 753 vulgaribus
1223 674 1395 754 astrologis,
1420 693 1458 735 an

103 753 179 815 certi
203 754 345 832 planetae
369 766 518 820 certorum
547 760 608 821 siut
631 770 787 823 ventorum
818 771 964 836 meteres,
995 761 1080 842 quasi
1112 763 1240 824 influxus
1268 762 1459 841 planetarum

102 851 166 903 tam
180 844 243 904 sint
257 845 457 923 particulares
482 855 514 909 et
533 867 634 909 curam
649 859 745 928 agant
764 851 974 913 distinctarum
996 853 1108 912 'ferrae
1123 851 1265 933 partium.
1312 851 1460 931 Equidem

97 940 169 1002 ⁴tam
199 941 247 993 est
273 951 369 1012 parva
392 935 511 1012 Tellus,
546 946 609 998 tam
638 947 755 1000 remota
777 942 853 1002 haec
877 949 995 1014 nostra,
1021 959 1096 1020 quae
1120 943 1203 1013 liunt,
1229 959 1248 1000 a
1270 940 1460 1018 planetarum

104 1019 259 1094 sensibus,
294 1023 319 1084 si
344 1042 419 1102 quos
442 1024 485 1086 illi
509 1026 637 1100 habent,
670 1036 705 1088 ut
728 1029 845 1091 omnino
869 1029 952 1090 Deos
976 1048 1043 1090 esse
1068 1048 1193 1090 necesse
1218 1028 1274 1102 sit,
1305 1028 1332 1090 si
1355 1028 1460 1091 harum

105 1128 205 1171 rerum
236 1110 350 1173 habent
378 1113 528 1175 notitiam.
575 1116 654 1177 Nam
683 1117 749 1179 sine
776 1118 887 1181 notitia
910 1118 1120 1180 administrare
1151 1119 1211 1178 ista
1239 1135 1297 1178 non
1321 1125 1459 1196 possunt.

103 1198 210 1273 Dices,
236 1217 290 1278 per
313 1203 538 1289 sympathiam?
583 1204 659 1266 Dico
683 1226 756 1284 ego,
782 1209 893 1269 nnllam
918 1227 985 1268 esse
1010 1207 1223 1290 sympathiam,
1249 1224 1326 1285 quae
1349 1224 1407 1267 non
1430 1205 1461 1266 in

105 1288 182 1348 haec
206 1288 264 1348 duo
289 1308 402 1366 genera
426 1292 530 1365 cadat,
561 1312 717 1374 corporum
747 1304 778 1357 et
802 1298 975 1358 animorum.
1024 1295 1205 1376 Sympatbia
1233 1294 1313 1357 inter
1335 1313 1462 1374 corpora

105 1387 156 1437 est
179 1379 365 1456 magnetica,
400 1390 434 1442 nt
464 1401 556 1442 causa
585 1383 642 1445 loci
666 1392 697 1445 et
720 1387 863 1465 temporis
893 1386 972 1446 idem
1001 1387 1054 1446 liat
1083 1386 1119 1445 de
1153 1402 1225 1457 uno,
1257 1384 1335 1464 quod
1363 1384 1397 1445 fit
1424 1384 1461 1444 de

107 1466 221 1536 altero,
252 1475 285 1527 ut
313 1487 457 1531 converso
490 1481 630 1550 magnete
661 1474 771 1535 serrum
796 1493 911 1555 quoqne
940 1482 1141 1535 convertatur.
1189 1474 1234 1533 At
1257 1472 1354 1552 qualis
1378 1489 1461 1553 sym-

108 1554 224 1632 pathia,
251 1564 293 1628 nt,
319 1576 384 1618 cum
409 1559 534 1636 planeta
557 1561 705 1640 quispiam
721 1572 865 1642 perpetuo
881 1571 1046 1636 moveatur,
1071 1570 1179 1622 ventus
1203 1561 1296 1641 ipsius
1315 1560 1464 1623 interdum

109 1644 224 1705 saltem
248 1647 435 1724 consurgat?
481 1647 515 1709 Si
531 1651 628 1728 quoad
644 1651 751 1712 directi
774 1653 822 1714 vel
838 1652 1007 1730 retrogradi
1031 1660 1103 1712 snut
1125 1650 1282 1728 planetae,
1308 1659 1465 1710 ventorum
1573 1685 1579 1695 ι

106 1732 295 1812 propriorum
312 1736 403 1796 flatus
419 1736 564 1799 durarent
578 1739 677 1813 iidem,
702 1748 773 1802 tunc
797 1741 872 1802 haee
887 1749 970 1801 esset
993 1739 1176 1820 sympathia.
1223 1738 1333 1799 Altera
1348 1738 1465 1799 animo-

113 1840 180 1884 rum
203 1823 471 1903 sympathiatunc
494 1827 524 1886 iu
549 1829 647 1889 ventis
671 1829 768 1891 locum
792 1830 897 1900 habet,
926 1848 991 1890 cnm
1015 1843 1068 1889 aut
1091 1827 1222 1908 planetis
1245 1826 1387 1906 relinquis
1410 1843 1468 1887 no-

107 1909 207 1973 titiem
231 1921 397 1988 ventorum,
422 1923 477 1975 aut
503 1915 616 1978 Terrae
640 1919 778 1980 notitiam
804 1928 989 1996 aspectuum.
1036 1917 1126 1996 Elige
1150 1925 1247 1976 utrum
1267 1916 1354 1977 velis.
1399 1915 1467 1993 Ego

106 1999 137 2060 in
162 2000 316 2061 sententia
340 2021 461 2075 maneo,
487 2005 517 2064 in
542 2006 661 2068 Tellure
687 2027 752 2068 esse
779 2010 957 2069 facultatem
981 2017 1157 2086 aspectuum
1179 2004 1411 2083 perceptricem‚
1435 2011 1467 2064 et

109 2087 237 2168 quoties,
255 2089 390 2151 incidunt
414 2102 566 2170 aspectus,
591 2096 771 2157 naturaliter
794 2097 934 2176 instigari
959 2096 1035 2156 hanc
1055 2093 1315 2156 adensudandum
1334 2093 1365 2153 id
1389 2090 1467 2173 quod

109 2177 214 2249 habet,
239 2199 299 2256 qua
321 2189 409 2259 parte
434 2180 535 2242 habet.
583 2184 730 2245 Sudorem
753 2186 855 2263 pluvia
878 2186 944 2264 ejus
970 2185 1043 2259 loci,
1076 2183 1208 2263 pluviam
1231 2182 1313 2243 venti
1337 2181 1467 2242 circum·

110 2266 192 2328 circa
224 2276 404 2346 sequuntur,
438 2280 547 2333 ventos
580 2274 855 2352 circumjacentium
884 2274 1039 2352 regionum
1068 2280 1244 2351 tempestas.
1291 2271 1336 2331 Ut
1367 2279 1468 2331 autem

110 2355 209 2416 Terra
224 2355 307 2416 intus
326 2358 392 2436 jam
409 2357 541 2429 benicet,
561 2361 626 2438 jam
651 2371 746 2436 areat,
772 2381 829 2423 non
854 2363 950 2440 magis
974 2381 1011 2422 ex
1027 2362 1112 2422 coelo
1136 2367 1193 2432 est,
1219 2377 1307 2439 quam
1323 2367 1357 2420 nt
1380 2358 1467 2419 homo

111 2444 177 2523 jam
201 2445 303 2520 sitiat,
334 2447 399 2526 jam
424 2446 522 2522 bibat,
551 2451 614 2528 jam
639 2452 785 2530 quiescat.
830 2451 987 2529 Perpende
1016 2458 1116 2511 tamen
1142 2448 1211 2510 hoc:
1246 2447 1330 2508 venti
1353 2447 1468 2508 eminus

113 2533 314 2595 advenientes
338 2554 478 2597 serenare
502 2538 657 2599 videntur:
686 2539 830 2619 quivero
854 2539 972 2618 pluvias
997 2541 1133 2611 ati'emnt,
1159 2556 1175 2597 e
1198 2537 1364 2615 propinquo
1388 2534 1467 2597 oriri.

114 2622 194 2682 Hinc
223 2622 387 2685 orientales
411 2627 523 2700 sereni,
559 2628 628 2706 qnia
652 2629 775 2690 eminus.
822 2627 961 2701 Eminus,
994 2628 1064 2708 quia
1091 2647 1110 2688 a
1138 2625 1212 2688 loeis
1242 2624 1401 2685 humilibus
1429 2623 1469 2685 ad

107 2713 245 2785 altiora,
282 2712 310 2772 in
344 2722 410 2774 tota
434 2715 553 2792 quidem
585 2735 661 2795 pene
685 2718 821 2796 Europa,
852 2717 1001 2796 etiamque
1025 2717 1053 2777 in
1077 2716 1230 2777 America.
1278 2711 1470 2775 Contrarium

113 2803 145 2864 in
170 2800 340 2876 Lusitania,
368 2802 407 2863 ibi
432 2805 509 2864 enirn
534 2806 736 2868 occidentales
760 2816 901 2866 serenare
925 2824 1049 2867 necesse
1073 2813 1166 2877 esset,
1191 2821 1256 2864 cum
1271 2802 1371 2882 magni
1386 2802 1468 2863 fluvii

113 2894 146 2954 in
173 2890 359 2952 occidentem
386 2894 534 2966 ferantur,
560 2895 657 2955 etsie
682 2895 822 2956 occiduae
846 2903 950 2976 partes
973 2903 1044 2955 sunt
1067 2894 1179 2955 ordinis
1202 2891 1377 2952 humilioris.
1424 2892 1470 2952 At

113 2982 145 3043 in
169 2987 237 3041 tota
251 2980 369 3060 reliqua
382 2980 504 3062 Europa
529 2983 732 3045 occidentales
752 2991 822 3045 suut
845 2983 953 3064 pluvii:
983 2985 1053 3063 quia
1075 2981 1245 3063 ponderosi,
1270 2999 1337 3041 cum
1361 2979 1467 3042 devol-

113 3076 229 3132 vantur
250 3088 306 3148 per
328 3070 470 3143 declivia,
497 3071 660 3134 orientales
683 3074 784 3147 leves,
808 3074 857 3152 qui
882 3073 1098 3152 quodammodo
1123 3071 1299 3132 ascendunt.
1346 3069 1468 3133 Ponde-

113 3179 186 3222 rosa
213 3168 316 3220 antem
348 3166 380 3219 et
403 3161 546 3221 devoluta
578 3181 594 3221 e
625 3161 790 3243 propinquo
822 3163 924 3222 venire
952 3181 1077 3222 necesse
1108 3167 1165 3222 est.
1211 3159 1322 3220 Adhuc
1349 3158 1468 3238 quidem

113 3247 250 3321 somui03
283 3249 397 3328 poterit
430 3249 486 3310 hoc
515 3250 611 3311 excoli
643 3251 702 3312 alio
731 3260 877 3329 ternpore.
923 3250 1012 3311 Adde
1046 3258 1146 3313 tamen
1171 3257 1204 3308 et
1225 3248 1297 3320 hoc,
1331 3247 1468 3310 boreales

113 3356 271 3409 serenare,
303 3336 352 3416 qui
386 3337 425 3398 ad
453 3338 529 3398 haec
557 3339 777 3400 mediterranea
807 3340 897 3401 etiarn
923 3338 1139 3418 quodammodo
1168 3336 1345 3398 ascendunt.
1391 3336 1469 3398 Item

112 3427 181 3498 hoc,
206 3445 226 3486 a
248 3425 362 3487 nivosis
385 3426 557 3506 regionibus
582 3428 664 3489 urenti
688 3428 849 3508 longinqui,
875 3437 909 3489 ut
932 3428 970 3488 ab
990 3428 1151 3489 Americae
1175 3425 1336 3497 montibus,
1361 3425 1469 3486 3111-

113 3535 172 3578 nae
196 3514 348 3576 montibns
373 3514 401 3576 in
425 3517 542 3590 Africa,
568 3539 586 3577 a
610 3517 756 3596 Rhodope
777 3517 925 3578 Thraciae
958 3517 1073 3577 etesiae
1094 3514 1288 3588 Graecorum,
1313 3531 1333 3572 a
1355 3511 1469 3574 nivosis

112 3603 236 3685 Styriae
267 3604 418 3666 montibus
448 3605 531 3666 venti
563 3606 592 3666 in
617 3606 801 3685 planitiebus
825 3604 992 3684 Ungariae,
1028 3605 1065 3666 ab
1089 3601 1250 3683 Apennino
1284 3609 1316 3662 et
1337 3601 1468 3681 Alpibus

113 3688 347 3773 nivoeie‘gelidi
369 3694 413 3754 illi
432 3695 525 3768 venti,
552 3704 671 3757 aestate
696 3694 766 3756 anni
788 3691 881 3772 1603,
907 3704 941 3756 ut
964 3701 1012 3755 est
1035 3693 1065 3754 iu
1090 3711 1157 3753 mea
1179 3688 1379 3771 praelatione.
1471 3698 1481 3711 ¹

206 3782 272 3856 (Ad
295 3781 344 3855 5.)
391 3781 524 3844 Causam
557 3785 728 3846 lenissimae
757 3783 863 3846 hiemis
894 3803 952 3843 non
975 3781 1079 3855 miror,
1114 3782 1204 3843 miror
1235 3779 1335 3860 potius
1364 3779 1470 3865 eodem

112 3878 249 3951 tempore
272 3871 488 3951 rigidissimam
521 3873 614 3934 luisse
651 3874 780 3935 hiemem
808 3872 962 3935 initalia.
1010 3870 1089 3941 Quid
1120 3871 1266 3941 dicemus,
1300 3867 1358 3928 nisi
1391 3868 1470 3949 quod

112 3960 289 4040 Apenninus
313 3969 344 4021 et
368 3961 464 4041 Alpes
489 3963 710 4041 exspiraverint
732 3963 787 4024 hos
813 3970 932 4036 ventos,
968 3960 988 4021 ii
1013 3978 1085 4039 ergo
1115 3958 1200 4019 nobis
1225 3966 1295 4019 snnt
1318 3957 1469 4020 australes

112 4050 240 4131 ideoque
265 4050 371 4122 calidi,
404 4050 490 4112 italis
514 4069 585 4112 vero
610 4051 747 4113 boreales
771 4051 896 4131 ideoque
922 4048 1033 4129 frigidi,
1058 4047 1192 4110 simodo
1218 4065 1339 4122 verum,
1364 4064 1468 4108 omnes

111 4139 251 4201 boreales
276 4138 411 4217 frigidos,
437 4141 588 4202 australes
612 4142 735 4202 calidos.
784 4139 917 4202 Causam
941 4157 1051 4218 quaero
1077 4136 1217 4198 similiter
1249 4136 1280 4197 in
1304 4134 1470 4197 visceribus

111 4228 235 4290 Terrae.
281 4228 351 4290 Nisi
375 4229 452 4290 enirn
476 4229 571 4290 Terra
594 4239 656 4291 tam
687 4231 795 4291 fnisset
819 4230 940 4290 humida
964 4235 1028 4288 toto
1053 4235 1195 4287 autumno
1220 4221 1414 4300 3111111604,
1439 4231 1472 4284 et

110 4317 208 4378 bieme
239 4326 383 4397 sequente
413 4337 470 4378 non
501 4318 609 4379 inisset
638 4327 700 4379 tarn
731 4319 806 4380 lenis
831 4319 934 4379 hiems.
984 4316 1083 4395 Tepor
1113 4315 1159 4375 hie
1190 4313 1320 4374 obtinuit
1349 4331 1416 4373 cum
1440 4312 1471 4373 in

110 4405 234 4480 Suevia,
258 4413 322 4467 tum
344 4407 374 4466 in
399 4406 512 4488 Styria,
538 4408 568 4468 in
590 4408 726 4487 ngaria
749 4426 820 4468 vero
845 4404 1007 4486 aliquando
1032 4404 1161 4464 immane
1186 4403 1298 4481 frigus,
1330 4400 1472 4463 etmulti

108 4495 224 4557 milites
252 4494 314 4556 sint
336 4496 450 4557 amissi.
499 4494 614 4557 Contra
641 4496 848 4558 humidissima
877 4504 909 4554 et
939 4494 1001 4553 lere
1034 4510 1152 4570 semper
1180 4490 1283 4571 pluvia
1316 4490 1412 4552 hiems
1441 4492 1472 4553 in

108 4584 272 4659 Bohemia,
307 4582 476 4646 siccissima
504 4585 532 4645 in
557 4585 676 4665 styria,
710 4594 742 4646 ut
766 4584 933 4645 diutissime
964 4599 1023 4641 non
1047 4581 1175 4661 pluerit,
1210 4579 1311 4661 pulvis
1336 4579 1471 4646 aestivus

110 4674 212 4736 inerit.
258 4672 346 4735 Adeo
370 4673 489 4735 variant
512 4673 574 4734 ista
595 4693 650 4753 per
672 4674 823 4753 regiones.
871 4669 1027 4751 Superiori
1040 4669 1182 4748 Augusto
1206 4667 1310 4747 primis
1340 4666 1472 4733 101113-

109 4762 167 4824 bus
189 4762 266 4824 adeo
290 4762 395 4824 valida
422 4762 480 4824 fuit
502 4763 677 4833 commotio,
709 4764 784 4824 adeo
818 4760 997 4841 prodigiosa
1024 4757 1182 4819 inundatio
1207 4756 1337 4832 omnium
1361 4758 1471 4828 fluvio·

107 4866 185 4925 m,
211 4850 262 4932 qui
282 4870 305 4914 a
325 4850 478 4914 mentibus
491 4848 643 4932 Styriacis
667 4852 812 4928 oriemur,
836 4859 872 4914 ut
893 4847 1049 4913 hominum
1066 4847 1241 4909 memoriam
1265 4853 1397 4927 superet.
1437 4848 1472 4911 ln

1199 4951 1262 5007 28*
