3428 5542
404 292 470 360 ιιι
949 295 1214 365 asenam

403 471 532 534 superne
553 452 789 533 praedictarum,
814 461 848 516 et
868 453 937 515 ideo
960 472 1019 516 nou
1041 460 1171 534 ροιιιιιι
1191 453 1300 517 abesse
1323 453 1461 535 amphus,
1490 451 1630 536 quoniam

403 551 475 605 tura
497 540 637 604 absidum
667 541 845 603 nonhabet
872 541 913 605 ibi
941 542 1159 623 longitudinem
1181 543 1361 623 majorem.“
1406 540 1575 605 Obscumm
1605 561 1675 604 erse
1711 550 1714 593 ἱ

403 630 486 695 nium
509 630 539 693 iu
562 629 610 692 his
633 629 734 693 verbis
756 648 860 691 omnes
884 632 1032 705 latentur,
1062 629 1257 707 Oollimitius,
1288 651 1325 694 ex
1347 631 1404 692 boc
1427 631 1585 710 Zieglerus
1612 632 1677 693 inte
1703 658 1708 679 ‹

404 719 551 781 tationem
574 736 664 779 uuam
687 719 817 784 afferunt
839 727 872 780 et
895 720 982 781 simul
997 720 1136 799 rejiciunt
1159 729 1192 782 ut
1205 719 1440 800 impossibilem:
1464 719 1622 799 Zieglerua
1636 719 1701 781 alte

402 806 578 888 superaddit
600 806 783 889 Mycilloque
807 807 993 887 suppeditat,
1018 826 1108 889 quam
1130 818 1224 888 negat
1244 810 1310 887 ipse
1333 826 1401 870 esse
1423 807 1630 870 Pliuiauurum
1653 827 1691 870 ve

359 934 369 960 ι
399 913 467 959 rum
490 895 662 975 genuinam.
712 893 774 957 Sed
799 895 987 977 Oopemicus
1014 897 1210 958 cummuniter
1233 897 1306 959 mihi
1329 905 1361 958 et
1383 897 1463 960 Urso
1484 904 1626 975 receptus
1653 896 1684 957 iu

400 984 522 1063 negotio
544 983 645 1058 testis,
670 982 696 1044 is
721 1002 804 1063 ergo,
828 984 1004 1066 posthabito
1027 1003 1095 1063 cap.
1112 985 1215 1059 VIII,
1240 985 1400 1047 emendato
1419 1002 1490 1045 vero
1505 991 1661 1057 contextu,
1684 1002 1705 1063 q

401 1072 507 1136 crebro
530 1073 560 1133 iu
583 1072 640 1133 huc
663 1080 787 1134 auctore
811 1073 1016 1134 necessarium
1039 1075 1178 1143 occurrit,
1203 1074 1297 1134 eflicit
1319 1081 1353 1134 ut
1370 1073 1435 1152 jam
1453 1072 1484 1133 in
1502 1071 1602 1134 Plinio
1616 1071 1704 1152 cape

403 1179 506 1224 rocem
528 1160 684 1222 exaudias.
731 1160 784 1223 Sic
807 1180 913 1241 nempe
938 1160 1061 1240 scripsit
1083 1181 1121 1223 ex
1144 1170 1244 1223 mente
1269 1160 1428 1241 Cuperuici
1452 1161 1584 1223 Plinius:
1613 1178 1713 1235 „conv

401 1269 455 1312 aas
477 1248 592 1311 habent
613 1257 757 1330 utraeque
781 1250 905 1312 absidas
932 1257 967 1312 ut
990 1250 1102 1312 circum
1125 1249 1228 1312 Solem
1250 1251 1342 1323 sitae;
1370 1257 1547 1329 tantumque
1578 1250 1615 1312 de
1643 1268 1708 1312 erre

401 1356 504 1400 earum
527 1337 632 1399 subter
655 1345 705 1399 est
726 1346 871 1419 quantum
889 1338 1050 1418 superne.“
1095 1338 1140 1402 Ut
1161 1356 1220 1398 vox
1244 1337 1368 1412 „iulra“
1388 1339 1430 1399 sit
1444 1337 1624 1411 adulterim,
1649 1357 1693 1417 „p

400 1421 573 1489 dictarnm“
597 1444 669 1488 vero
693 1427 880 1506 surreptitia.
927 1427 1026 1488 Movit
1041 1425 1248 1505 Copemicum,
1272 1435 1307 1488 ut
1330 1427 1386 1488 hoc
1400 1427 1530 1489 Plinium
1554 1426 1670 1487 dixisse

401 1516 502 1588 deret,
535 1514 607 1576 illud
631 1514 830 1596 potissimum,
856 1516 936 1596 quud
958 1523 991 1577 et
1014 1515 1172 1576 Vitruvius
1197 1522 1268 1577 ante
1290 1515 1430 1584 Plinium,
1455 1525 1488 1576 et
1511 1513 1651 1595 Capella,
1673 1513 1713 1575 Pl

368 1641 372 1647 -
401 1604 641 1683 metaphrastes,
671 1603 776 1664 eadem
801 1603 838 1664 de
861 1605 995 1683 planetis
1019 1603 1181 1683 dogmata,
1211 1603 1333 1665 easdem
1356 1604 1541 1677 sententias,
1564 1603 1690 1664 eusdem

400 1710 499 1765 rores,
532 1690 640 1752 eadem
667 1710 760 1771 saepe
782 1693 876 1754 verbe
899 1711 966 1754 cum
988 1692 1204 1772 praecedentia
1232 1700 1296 1753 tum
1319 1692 1478 1771 sequeutia
1499 1690 1561 1753 nusi
1582 1710 1650 1754 cum
1663 1689 1711 1754 1³1·

400 1786 555 1858 usurpent,
578 1780 728 1858 posterior
747 1800 766 1840 a
787 1781 887 1860 priore
910 1788 1074 1843 mutuatus.
1122 1781 1156 1841 Iu
1179 1779 1331 1853 hocloco,
1356 1780 1406 1841 nbi
1425 1779 1608 1860 deveneris
1628 1788 1662 1842 et
1685 1817 1699 1831 ι.

401 1867 475 1930 curii
498 1886 564 1928 cum
587 1866 659 1930 Sole
683 1869 904 1947 conspiratione
928 1870 1041 1948 agitur,
1073 1868 1116 1930 illi
1140 1868 1259 1948 quidem
1283 1869 1360 1930 hunc
1376 1887 1517 1943 sensum,
1553 1888 1642 1950 quem
1665 1868 1713 1930 Pl'

401 1956 585 2036 Oopemicus
609 1957 756 2031 restituit,
781 1957 962 2036 exprimunt.
1009 1956 1086 2019 Cum
1114 1957 1193 2019 enim
1216 1957 1314 2018 Plinio
1343 1956 1434 2018 suerit
1456 1957 1536 2018 alter
1559 1958 1709 2035 magister

401 2052 667 2126 praemonstratur,
693 2045 771 2107 alter
794 2045 968 2127 discipulus,
993 2054 1117 2126 uterque
1140 2064 1195 2125 pro
1215 2045 1378 2125 interprete
1393 2045 1587 2107 obscuritatis
1600 2045 1694 2107 Plini

398 2135 466 2213 jure
492 2133 628 2195 adhiberi
656 2134 752 2197 videri
780 2142 893 2212 potest.
941 2135 987 2196 Ac
1009 2135 1082 2196 mihi
1107 2153 1196 2206 sane,
1229 2134 1313 2208 dnm,
1348 2135 1418 2214 quid
1442 2133 1557 2195 Plinius
1580 2152 1649 2213 cap.
1675 2134 1704 2193 V

404 2221 523 2295 dixerit,
549 2221 619 2301 quid
639 2222 703 2302 jam
727 2240 793 2301 cap.
818 2222 923 2284 XVII.
948 2223 1062 2284 dixisse
1086 2223 1266 2284 credendum
1290 2222 1347 2295 sit,
1378 2221 1551 2296 considero,
1575 2223 1698 2284 videtur

404 2309 455 2372 ille
478 2309 611 2371 rationes
634 2318 874 2373 astronomorum
899 2319 931 2372 et
954 2311 1086 2373 Vitruvii
1109 2311 1203 2373 verba
1225 2329 1283 2371 nou
1307 2311 1384 2372 satis
1408 2310 1590 2389 percepisse,
1614 2311 1671 2372 sed
1701 2338 1706 2361 ·

405 2397 516 2478 raptim
540 2399 684 2461 torrentis
707 2400 804 2461 instar
825 2418 929 2461 omnes
953 2407 1093 2461 auctores
1116 2399 1277 2478 percurrit,
1302 2399 1402 2460 omuia
1423 2399 1590 2473 convolvit,
1623 2399 1681 2462 ube

385 2486 550 2561 ,scientiae
572 2487 719 2561 tumidus,
752 2490 849 2550 multa
871 2488 1040 2550 semicruda
1068 2507 1123 2549 uec
1146 2488 1233 2567 plene
1257 2506 1358 2550 secum
1381 2487 1439 2567 ipsi
1467 2496 1614 2569 percepta
1636 2505 1691 2567 pro

406 2575 593 2637 obscuritate
616 2577 773 2639 verborum
797 2595 830 2638 se
854 2576 941 2639 simul
966 2585 998 2637 et
1021 2577 1164 2639 lectorem
1188 2575 1351 2656 decipiens.
1397 2576 1463 2638 IIoc
1487 2576 1530 2639 illi
1559 2595 1632 2639 sane
1656 2596 1709 2640 cre

405 2663 484 2727 aliis
507 2665 682 2740 usuvenit,
708 2665 758 2727 ubi
782 2666 961 2728 secretiores
984 2665 1023 2726 ab
1047 2683 1101 2726 usu
1124 2664 1299 2745 quotidiano
1323 2663 1499 2745 disciplinas
1518 2665 1652 2745 attingit
1694 2666 1710 2728 I

404 2771 462 2834 que
484 2771 542 2814 uon
566 2761 614 2817 est
637 2755 667 2815 iu
690 2754 747 2815 huc
771 2763 893 2817 auctore
917 2753 1088 2824 absurdum,
1113 2753 1278 2815 credidisse
1302 2753 1379 2815 hunc
1394 2753 1528 2815 ordinem
1552 2754 1642 2834 aph
1709 2780 1712 2803 ·

404 2842 455 2923 qui
476 2849 527 2903 est
549 2860 616 2922 cap.
642 2843 743 2916 VIII,
768 2851 800 2906 et
822 2843 1014 2905 nihilominus
1038 2861 1104 2903 cum
1120 2841 1261 2904 Vitruvio
1284 2843 1418 2904 sensisse
1441 2861 1509 2922 cap.
1534 2841 1655 2916 XVII,
1680 2861 1713 2923 q=

404 2928 507 2993 Solem
531 2930 666 2992 ambiant
688 2932 794 2995 Venus
818 2940 850 2992 et
872 2931 1051 2993 Mercurius.

494 3017 556 3080 Sed
579 3019 736 3082 audiamus
760 3030 792 3081 et
814 3020 997 3082 Vitruvium.
1032 3019 1062 3080 Is
1085 3015 1147 3090 (De
1161 3017 1385 3090 Architectura,
1410 3017 1465 3080 IX.
1494 3016 1538 3091 i.)
1562 3037 1629 3080 cum
1646 3036 1696 3080 mo

403 3107 540 3189 primum,
564 3106 614 3188 qui
636 3108 762 3170 fixarum
786 3117 818 3171 et
840 3109 993 3190 signorum
1016 3106 1132 3169 zodiaci
1155 3114 1218 3180 est,
1244 3107 1429 3185 explicasset
1448 3107 1572 3187 jamque
1596 3108 1625 3168 iu
1650 3124 1708 3186 geu

404 3196 542 3270 dixisset,
568 3196 746 3276 quomodo,
749 3198 855 3272 ,Luna
880 3197 973 3260 atella
994 3194 1146 3264 Mercurii,
1171 3195 1311 3268 Veneris,
1336 3195 1401 3274 ipse
1425 3193 1494 3269 Sul,
1519 3196 1695 3277 itemque

404 3284 462 3359 tis,
491 3283 578 3346 Jovis
597 3293 629 3346 et
652 3283 775 3347 Saturni
799 3287 872 3357 (hoc
895 3286 974 3348 euim
997 3285 1111 3347 usitato
1135 3284 1238 3345 urdine
1261 3285 1400 3363 planetas
1424 3292 1579 3358 recenset,
1612 3302 1671 3364 quo
1704 3290 1713 3311 ⁸

403 3373 484 3435 nium
515 3373 593 3435 sorte
625 3373 760 3454 decepit)
788 3374 971 3438 contrariam
1002 3374 1070 3435 dxis
1101 3374 1181 3435 viam
1213 3373 1268 3434 sub
1300 3371 1416 3434 zodiaci
1440 3371 1535 3452 siguis
1558 3391 1712 3475 peragreu

404 3459 523 3524 accedit
554 3462 593 3523 ad
624 3462 857 3542 explicationem
886 3463 1069 3542 singulorum
1097 3481 1133 3524 eo
1163 3462 1283 3533 urdine,
1315 3479 1373 3541 quo
1404 3470 1611 3541 proposuerat
1669 3468 1678 3489 ⁸
1703 3461 1714 3515 ἰ

402 3551 507 3614 Ιιιιιι
539 3558 639 3613 motus
670 3559 703 3613 et
734 3554 837 3632 spatia
866 3560 1020 3613 menstrua
1047 3549 1206 3624 describit,
1239 3550 1306 3611 dein
1340 3549 1377 3610 de
1402 3550 1531 3612 Veneris
1559 3558 1592 3611 et
1618 3550 1714 3614 Merc

402 3640 494 3702 atella
517 3640 560 3701 sic
583 3641 643 3702 ait:
669 3641 833 3715 „Mercurii
857 3648 958 3703 autem
982 3648 1014 3702 et
1038 3640 1167 3701 Veneris
1190 3639 1298 3701 stellae
1321 3639 1433 3700 circmn
1453 3637 1534 3700 Solis
1557 3639 1673 3713 radios,
1705 3646 1714 3663 ·

403 3729 460 3791 lem
484 3727 580 3811 ipsum
604 3729 646 3791 uti
670 3736 805 3791 centrum
829 3729 987 3791 itineribus
1010 3737 1204 3802 coronantes,
1236 3747 1393 3806 regressus
1417 3735 1580 3789 retrorsum
1603 3738 1635 3789 et
1658 3747 1691 3791 re

402 3817 541 3879 dationes
565 3818 711 3880 iaciunt.“
756 3819 871 3880 Postea
894 3818 933 3879 ad
952 3817 1071 3892 Martis,
1095 3816 1192 3892 Jovis,
1218 3815 1342 3879 Saturni
1365 3816 1473 3877 stellas
1496 3816 1617 3887 accedit
1699 3844 1703 3868 ·

402 3924 459 3987 que
481 3913 582 3967 mutus
605 3907 747 3988 explicat.
796 3904 889 3970 Clara
912 3914 961 3970 est
979 3906 1080 3986 itaque
1104 3906 1260 3968 verborum
1284 3906 1349 3985 ejus
1373 3905 1534 3966 sententia.

489 3994 629 4056 Platonis
652 3995 771 4077 quidem
795 3996 890 4075 ipsius
912 3995 1006 4057 verba
1029 3994 1157 4057 obscura
1179 4003 1260 4067 sunt,
1284 3994 1338 4054 sed
1362 4001 1462 4055 ιιιιιι
1484 3992 1597 4054 iudicia
1611 3993 1710 4073 quaed

400 4083 548 4163 praebent
570 4083 635 4163 ejus
659 4085 839 4159 sententiae,
866 4103 954 4165 quam
974 4082 1017 4145 illi
1041 4083 1145 4146 tribuit
1168 4083 1351 4145 Macrobius.
1399 4080 1512 4156 „Cum,
1537 4082 1649 4161 iuquit,
1682 4095 1713 4143 ei

401 4171 495 4234 uisset
517 4171 601 4234 Deus
624 4192 750 4254 corpora
773 4174 971 4252 singulorum,
996 4191 1033 4234 ea
1055 4172 1158 4252 posuit
1179 4172 1209 4233 in
1233 4171 1488 4243 circumlationes,
1518 4190 1592 4252 quas
1615 4171 1714 4250 cuju

399 4261 542 4324 circuitus
564 4262 745 4342 requireret,
780 4272 908 4343 septena
930 4262 959 4323 in
984 4270 1140 4341 septenas,
1175 4262 1291 4323 Lunam
1314 4260 1432 4340 quidem
1466 4260 1495 4321 iu
1526 4258 1706 4339 primumci

400 4349 538 4425 Terram,
572 4349 675 4413 Solem
703 4370 774 4414 vero
798 4352 829 4412 in
852 4352 1014 4413 secuudum
1038 4368 1129 4429 supra
1152 4350 1289 4423 Terram,
1320 4348 1490 4428 Vesperum
1512 4365 1584 4409 vero
1612 4356 1645 4408 et
1667 4367 1700 4429 q«

399 4438 550 4501 Mercurio
582 4459 701 4501 sacram
733 4440 836 4502 dicunt
865 4440 896 4501 iu
921 4439 1015 4512 tales,
1046 4439 1094 4519 qui
1118 4439 1285 4501 celeritatis
1309 4438 1427 4517 quidem
1449 4436 1566 4499 ratione
1588 4455 1679 4517 aequ
1694 4468 1714 4487 a

400 4536 516 4589 rentem
540 4527 605 4590 Soli
629 4528 731 4589 orbem
755 4537 841 4601 eunt,
866 4529 1047 4591 contrariam
1071 4546 1142 4589 vero
1157 4528 1185 4589 ei
1199 4528 1258 4588 vim
1274 4526 1374 4588 sortiti
1393 4533 1477 4600 suut3
1502 4543 1593 4606 quaro
1617 4534 1649 4586 et
1697 4556 1710 4577 r

400 4616 587 4694 prehendunt
618 4624 651 4677 et
677 4616 969 4695 comprehenduntur
1001 4634 1077 4678 ase
1107 4625 1209 4678 mutuo
1247 4625 1280 4678 et
1311 4614 1473 4678 secuudum
1506 4613 1613 4675 eadem
1640 4612 1708 4677 Sol

400 4702 581 4767 Mercurium
604 4711 636 4765 et
659 4705 843 4766 Venerem.“

487 4793 621 4856 Primum
637 4791 781 4875 ,ridemur
805 4793 970 4857 celeritatis
997 4791 1116 4855 ratione
1143 4789 1270 4855 eundem
1292 4791 1383 4856 tribui
1411 4789 1507 4852 tribus
1535 4789 1620 4852 hisee
1641 4807 1714 4852 or··-
