3428 5542
702 319 784 386 capus
802 319 908 372 lul-v.
1426 319 1487 387 129

126 479 206 539 intra
229 479 309 540 orbis
333 480 457 541 Terreni
482 480 639 543 ambitum.
684 485 786 561 Atque
810 481 854 542 sio
877 481 1024 543 habemus
1048 482 1146 543 obiter
1169 500 1303 554 causam,
1327 501 1379 544 cur
1402 489 1490 544 extra

127 567 250 628 Terram
275 576 338 630 tres
362 576 539 647 moveantur
561 569 714 648 planetae,
739 570 820 631 intra
839 569 912 630 duo:
939 588 1014 648 quae
1038 570 1063 631 si
1087 571 1185 632 miuus
1207 570 1312 632 lectori
1335 570 1488 649 probatur,

126 653 249 734 cogitet,
274 655 465 718 honorarium
489 657 545 718 hoc
568 676 648 732 esse,
673 676 731 719 non
746 657 950 737 praecipuum.
985 659 1065 735 Nam
1085 658 1143 719 etsi
1164 657 1347 729 nesciremus
1366 677 1490 721 causam

125 743 164 803 ob
187 762 276 823 quarn
300 762 392 823 supra
414 739 538 806 Terram
562 746 626 818 (vel
648 744 751 808 Solem
770 745 953 819 Ptolemaei)
978 755 1041 807 tres
1066 746 1144 808 irent
1166 746 1285 820 atellae,
1311 753 1417 809 tamen
1436 765 1488 822 ee-

125 831 248 910 quentia
264 838 381 894 starent
396 851 462 894 curn
480 834 742 913 praecedentibus,
768 836 839 914 quia
857 834 943 894 nobis
963 835 999 895 de
1025 854 1056 895 re
1081 841 1213 896 constat.
1249 834 1313 895 Nec
1332 834 1490 915 quisquam

126 938 257 998 unquam
280 920 441 994 dubitavit,
467 921 536 1001 quin
560 919 665 999 fill&
690 923 860 1001 superiores
884 921 955 984 siut.
991 923 1122 983 Tantum
1136 921 1209 984 illud
1224 929 1395 983 teneamus:
1423 940 1489 985 cum

126 1018 191 1069 tres
216 1008 245 1069 in
270 1006 437 1088 Copemico
460 1011 602 1089 planetae
626 1011 689 1071 siut
711 1030 803 1090 supra
826 1012 966 1085 Terram,
996 1018 1133 1090 oportere
1163 1028 1217 1071 noa
1241 1009 1375 1071 ordinem
1400 1011 1491 1072 trium

125 1095 333 1174 primariorum
357 1115 513 1176 corporum
537 1100 658 1167 cubum,
688 1100 859 1180 pyramide,
892 1098 1100 1161 dodecaedron
1125 1106 1212 1159 extra
1235 1099 1338 1159 orbem
1361 1098 1490 1160 Telluris

125 1184 295 1254 collocare.
329 1187 505 1248 octaedrum
527 1206 598 1248 vero
623 1193 654 1249 et
677 1187 855 1250 icosatdron
887 1185 987 1262 iutra,
1022 1188 1047 1250 si
1077 1187 1208 1266 palmam
1236 1186 1265 1246 in
1289 1186 1345 1248 hoc
1369 1185 1490 1266 negotio

125 1272 253 1335 velimus
277 1272 424 1334 obtinere.

719 1376 905 1390 ’.ι-αι..-

636 1498 640 1503 ¹
714 1502 836 1602 Caput
864 1503 907 1575 V.
1455 1592 1458 1599 Ι

254 1658 348 1737 Quod
370 1658 466 1721 eumer
485 1659 627 1740 primm
649 1679 831 1742 corporum,
855 1668 885 1724 et
906 1662 989 1723 iuter
1012 1658 1185 1743 αὶιίεείηιοε
1202 1661 1361 1745 planetae.
1478 1625 1482 1649 τ

217 1798 385 1861 Veniamus
408 1801 496 1861 modo
520 1801 560 1862 ad
583 1800 726 1879 primaria
749 1801 818 1876 tria,
844 1820 958 1881 suaque
973 1802 1100 1882 singulis
1119 1801 1222 1882 spatia
1238 1802 1415 1864 tribuamus.
1448 1800 1493 1865 Et

129 1886 225 1949 cubus
249 1888 369 1967 quidem
392 1889 431 1950 ad
454 1890 531 1949 lixas
554 1889 794 1970 appropinquare
818 1889 930 1964 debuit,
956 1891 1142 1970 primamque
1156 1891 1388 1970 proportionem,
1414 1902 1491 1970 quae

130 1977 211 2036 inter
225 1973 390 2055 Saturnum
404 1975 557 2039 etJovem
576 1986 633 2051 est,
659 1978 863 2040 constituere:
889 1977 959 2058 quia
982 1979 1161 2057 dignissima
1184 1979 1285 2041 mundi
1308 1996 1381 2057 pars
1405 1984 1494 2039 extra

131 2064 256 2125 Terram
279 2074 350 2126 suut
372 2065 465 2126 fixae:
489 2074 522 2126 ut
537 2066 639 2128 circuli
660 2071 745 2144 (post
759 2069 908 2140 centrum)
932 2066 1191 2129 circumferentia:
1215 2066 1309 2128 cubus
1331 2085 1402 2128 vero
1425 2065 1491 2146 pri-

131 2171 210 2213 murn
234 2171 343 2233 corpus
366 2153 397 2214 in
420 2173 474 2214 suo
498 2154 611 2215 ordine.
652 2156 681 2228 1)
707 2154 796 2216 Solus
821 2155 900 2216 enim
924 2176 942 2216 a
965 2175 1025 2216 sua
1040 2154 1105 2216 basi
1130 2163 1302 2235 generatur,
1327 2174 1394 2216 curn
1418 2154 1493 2216 reli-

131 2259 191 2319 qua
213 2251 342 2321 quatuor
365 2260 422 2303 non
446 2251 628 2321 generentur
652 2244 786 2305 faciebus
816 2244 898 2318 auis,
933 2244 986 2308 sed
1015 2251 1068 2305 aut
1095 2251 1182 2305 secta
1204 2244 1267 2305 sint
1289 2263 1305 2303 e
1330 2243 1424 2317 cubo,
1456 2249 1492 2304 ut

131 2329 274 2409 pyramis,
297 2329 419 2408 rejectis
443 2325 464 2391 4
477 2330 683 2411 pyramidibus
703 2333 907 2412 rectangulis:
933 2341 986 2394 aut
1009 2339 1108 2406 aucta,
1133 2340 1168 2394 ut
1190 2331 1408 2406 do'decabdron,
1433 2348 1492 2410 ap-

130 2417 239 2496 positis
262 2436 316 2478 sex
338 2419 525 2497 peuta'edris.
572 2416 608 2492 2)
637 2417 727 2480 Solus
758 2419 787 2480 in
817 2421 1017 2498 homogeneos
1049 2419 1142 2482 cubos
1175 2420 1239 2481 sine
1267 2420 1411 2498 priamate
1440 2437 1499 2506 ree·

130 2505 208 2566 solvi
231 2513 344 2584 potest.
390 2502 427 2578 3)
452 2504 543 2568 Solus
567 2515 617 2568 est
639 2525 759 2587 quaqua
788 2527 906 2569 versum
935 2516 967 2569 et
995 2508 1110 2569 intres
1135 2508 1268 2570 directas
1293 2507 1493 2573 dimensiones

130 2592 302 2672 porrigitur.
348 2593 428 2656 Nam
450 2595 628 2673 reliquorum
653 2596 748 2657 facies
771 2596 895 2657 inclines
919 2603 989 2656 suut
1012 2605 1043 2657 et
1071 2595 1195 2669 alicubi,
1225 2613 1291 2656 oum
1315 2614 1349 2654 se
1374 2593 1491 2672 duabus

131 2681 255 2744 directis
273 2682 457 2744 sectionibus
476 2683 652 2762 praebeant,
675 2685 707 2745 in
730 2683 844 2763 reliqua
867 2691 1015 2745 sectorem
1039 2684 1231 2745 frustrantur.
1270 2678 1306 2756 4)
1330 2683 1409 2744 Hinc
1433 2682 1492 2761 est,

131 2770 211 2850 quod
233 2770 317 2832 solus
339 2769 433 2832 habet
455 2778 504 2831 tot
526 2772 634 2840 iacies,
664 2781 737 2852 quot
761 2772 852 2833 babet
875 2769 1009 2834 ternaria
1033 2771 1178 2832 dimensio
1201 2771 1361 2843 terminos,
1386 2788 1494 2850 nempe

131 2878 201 2933 sex,
226 2866 258 2920 et
281 2858 402 2938 duplum
425 2877 579 2921 numerum
603 2861 745 2935 laterum,
776 2860 893 2922 scilicet
917 2860 1082 2922 duodecim.
1130 2857 1166 2930 5)
1191 2858 1280 2921 Solus
1304 2858 1493 2939 undiquaque

131 2946 226 3009 habet
247 2947 406 3026 aequalem
429 2948 589 3027 angulum,
621 2949 739 3010 scilicet
771 2959 895 3011 rectum.
942 2951 987 3010 At
1015 2949 1045 3009 in
1078 2948 1233 3030 pyramide
1263 2948 1386 3027 regula,
1416 2964 1494 3027 quae

131 3035 220 3097 sedet
242 3035 381 3097 adhibita
403 3036 509 3097 mediis
531 3036 645 3115 planis,
670 3038 839 3118 discrepat,
865 3038 890 3099 si
914 3056 982 3098 earn
1005 3056 1110 3098 versus
1135 3036 1275 3116 angulum
1298 3035 1493 3114 intorqueas:

131 3142 187 3184 nec
210 3122 299 3185 solidi
323 3123 426 3204 auguli
450 3126 490 3186 ad
513 3143 580 3186 eam
603 3145 737 3187 normam
762 3127 927 3206 quadrant,
952 3144 1027 3205 qnae
1052 3125 1242 3204 interjectum
1268 3125 1389 3203 longum
1412 3124 1494 3184 late-

131 3212 226 3274 ralem
249 3211 391 3291 angulum
414 3214 546 3275 metitur.
594 3209 629 3287 6)
658 3213 737 3274 Hinc
760 3215 852 3275 etiam
880 3215 937 3274 soli
964 3214 1125 3293 competit,
1156 3214 1234 3293 quod
1263 3232 1300 3274 ex
1327 3213 1494 3288 porodcsslqs

131 3300 299 3363 Ptolemaei
322 3301 399 3363 citat
422 3298 593 3380 Simplicius
617 3321 706 3382 super
728 3303 826 3365 Arist.
851 3302 902 3364 lib.
926 3303 951 3363 1.
976 3302 1012 3363 de
1038 3299 1131 3364 Coelo
1162 3320 1226 3381 cap.
1254 3301 1281 3363 l.
1312 3318 1367 3379 pro
1401 3318 1496 3361 causa

131 3388 325 3469 perfeetionis
349 3388 378 3450 in
403 3389 555 3452 ternario:
587 3392 666 3470 quod
694 3391 811 3453 scilicet
837 3409 894 3451 non
924 3391 1025 3468 plures
1055 3390 1151 3452 tribus
1174 3390 1266 3452 rectis
1289 3388 1493 3471 perpendicu-

130 3476 245 3540 laribus
268 3477 308 3538 ad
330 3478 428 3539 locum
458 3477 587 3540 solidum
616 3479 644 3540 iu
673 3479 787 3540 solidos
816 3487 915 3539 rectos
945 3478 1137 3540 dividendum
1161 3495 1336 3541 concurrere
1360 3474 1491 3553 possint

131 3565 166 3639 7)
190 3563 251 3626 Eat
278 3564 442 3628 solidorum
469 3566 689 3628 rectilineorum
717 3567 846 3628 omnium
876 3566 1130 3646 simplicissimum
1152 3584 1269 3643 corpus.
1316 3561 1406 3633 Quod
1435 3561 1494 3623 etsi

131 3654 161 3716 in
183 3653 339 3736 pyramide
363 3654 538 3734 ambigitur,
563 3662 663 3716 tamen
690 3675 727 3717 ex
750 3674 785 3717 eo
810 3655 898 3717 facile
923 3655 1085 3728 evincitur,
1116 3654 1193 3734 quod
1216 3651 1382 3734 pyramidis
1407 3668 1493 3710 men-

131 3762 204 3805 sura
226 3742 321 3804 cubus
344 3749 402 3817 est,
427 3761 597 3805 mensuram
620 3753 721 3805 autem
744 3745 874 3823 priorem
899 3762 967 3803 esse
990 3742 1139 3804 convenit.
1182 3741 1327 3801 Mensura
1349 3756 1420 3799 vero
1445 3744 1495 3799 est

132 3851 191 3893 non
214 3838 332 3892 tautum
356 3849 396 3892 ex
417 3830 556 3894 instituto
579 3832 749 3907 homiuum,
779 3833 828 3913 qui
857 3831 996 3912 quicquid
1020 3830 1182 3891 solidorum
1212 3827 1393 3900 metiuntur,
1427 3825 1493 3907 ejus

131 3918 336 4001 quantitatem
360 3920 389 3981 in
413 3919 515 3998 parvis
539 3920 669 3982 cubiscis
693 3922 864 4000 concipiunt
891 3921 1008 3988 auimo,
1042 3918 1095 3979 sed
1123 3916 1217 3977 multo
1246 3915 1343 3994 magis
1373 3922 1491 3977 natura.

130 4008 248 4070 Rectus
271 4005 349 4068 enim
373 4009 500 4085 angulus
524 4009 659 4089 aequalis
683 4018 732 4070 est
755 4009 853 4083 alteri,
879 4025 1005 4088 quocum
1027 4006 1056 4067 iu
1075 4005 1196 4085 planum
1215 4002 1396 4065 extenditur.
1433 4002 1494 4065 Est

132 4096 224 4177 igitur
247 4103 394 4178 perpetuo
418 4096 475 4158 sibi
499 4097 634 4177 aequalis
658 4097 729 4177 ipsi,
761 4107 851 4177 atque
876 4097 950 4157 adeo
974 4114 1063 4167 unus,
1094 4101 1259 4155 ceterorum
1282 4092 1419 4172 utrinque
1443 4090 1492 4152 in-

132 4185 207 4248 finiti
231 4192 313 4248 sunt.
358 4184 534 4247 Mensuram
557 4193 657 4247 autem
681 4186 770 4247 decet
794 4204 882 4247 uuam
905 4192 937 4245 et
960 4184 1106 4256 eandem,
1137 4189 1228 4261 atque
1255 4180 1349 4242 etiam
1377 4179 1494 4241 finitam

132 4293 211 4335 esse.
258 4269 296 4347 8)
319 4272 396 4334 Hinc
421 4281 483 4335 tam
507 4274 654 4336 foecunda
676 4283 726 4336 est
748 4274 823 4336 recti
846 4274 876 4334 in
901 4273 1042 4334 circulum
1065 4269 1230 4350 inscriptio,
1256 4270 1320 4330 siue
1344 4286 1401 4347 quo
1426 4285 1491 4328 me-

132 4362 236 4424 diante
260 4379 316 4423 neo
339 4361 521 4440 triangulum
545 4381 599 4424 nec
623 4362 876 4443 quinquangulum
901 4380 955 4422 uec
980 4360 1018 4420 ab
1042 4359 1086 4420 eis
1111 4359 1249 4419 derivata
1271 4356 1393 4418 inscribi
1416 4373 1491 4434 pos·

132 4452 247 4525 suut⁸)
286 4445 321 4522 9)
346 4446 409 4511 Sed
423 4466 520 4531 neque
535 4450 608 4513 illud
626 4451 877 4530 praetereundum
900 4448 978 4530 quod
1005 4447 1227 4526 perfectissimo
1251 4443 1372 4506 animali
1396 4443 1492 4504 solers

131 4547 241 4601 natura
263 4556 320 4599 aex
341 4537 466 4599 easdem
490 4544 639 4611 διαςασεις
661 4538 880 4621 perfectissime
904 4535 1051 4609 attribuit,
1076 4553 1134 4596 uon
1154 4534 1280 4595 obscuro
1304 4537 1489 4611 argumento,

133 4646 222 4708 quam
243 4626 301 4688 hoo
325 4642 433 4707 corpus
455 4645 548 4706 penes
571 4629 654 4689 illam
678 4628 772 4688 sitin
797 4625 902 4705 pretio.
950 4625 1030 4687 Nam
1053 4624 1140 4684 homo
1170 4621 1234 4700 ipse
1263 4620 1383 4699 quidam
1406 4616 1492 4698 quasi

132 4717 225 4778 cubus
249 4722 316 4788 ost,
345 4714 376 4775 in
400 4733 458 4794 quo
480 4735 535 4779 sex
558 4716 644 4796 quasi
666 4717 776 4797 plagae
800 4722 888 4789 sunt,
917 4731 1044 4792 supera,
1074 4711 1189 4782 infera,
1218 4708 1337 4782 antica,
1362 4705 1491 4786 postica,

132 4804 255 4879 dextra,
279 4802 414 4864 sinistra.

202 4905 406 4959 inbellem
519 4928 522 4934 ·
1263 4896 1280 4958 t
