3428 5542
179 332 224 401 38
604 344 607 351 “
772 334 935 388 Praeda

176 495 1535 562 mdmhaqmmnu.pauuesnasuypotaum8erwameffim

176 567 1534 633 mammem-menomuuinenmeemummmzqm

176 638 1532 706 annhmuhtucogitau'onamiusoqmdemetnathematiaooaiduatnprae·

176 711 431 765 clarasetuoh'loe.
455 712 701 775 muamridisae
736 710 1534 774 Jamduduraefflueeelen’aDomiuiplurcatentionia

177 782 585 845 err.qaniaumisupediaa
623 781 1135 847 Sednacioquumeairipiatstylus,
1162 782 1534 846 relpuu'asiraternuanem

175 855 350 902 bream
376 854 752 916 quianialauinteenet.
779 853 930 916 φῶσι,
957 852 1533 902 massmannum-eranum

176 923 831 988 mmmmm-peruiam
868 923 1477 987 Sedlnicideararaordaoabtepatalat.
1504 930 1534 971 at

176 995 1532 1061 &ummaagnmnemumeeqmaateanuimentmaereio

177 1064 1534 1129 mandueatammmnmaffmreDmOAEm-mmbna

177 1136 495 1199 Ch'nn'piecommendo.
531 1135 970 1202 inunguatuawuutstu

246 1207 1130 1273 meuahortatioumuarnotuakeplempronisineridetur.
1157 1208 1530 1272 nunqu-teimaiaus

175 1279 673 1342 nlledhpuu'oumusecclesiasticin
693 1277 1532 1345 atateuimepisaolaE(dd8...Angli›⁸8)iuqnaluic

176 1351 995 1415 nssnoganfioacceptamaKeplernpromussiounureiert,
1024 1349 1531 1413 ,illumpluriaiaareealaiantnn-

176 1422 339 1486 ditatu,
367 1422 1323 1488 qua-qunamqaeingeniorumnnhiiiasiraorotclarinbaioetaa
1362 1421 1533 1483 Donavit.

175 1491 1531 1559 mummmmneufflmeoquoduuqnmunnffla·

175 1564 1532 1629 mffi.qmampropoemqnaumnuividern‚maundaauammque·

174 1634 1532 1700 mmadenmmuinauihimamdipmquifimiombmamaffl

174 1705 1531 1770 mmmmmnumnmmenptaumpupmaunuanmm

175 1775 1015 1842 saumavrgeaeoenuupumqumquum·

244 1846 727 1900 Deliaieurefferifiterisluaecrelart
743 1847 1531 1915 Kepleruslaestliaomoncladanliteraalaqin,

175 1921 685 1985 mutuemimw=

345 2078 459 2142 Restat
472 2099 561 2142 unum
576 2082 683 2153 adhuc,
708 2091 741 2143 et
762 2100 839 2161 pene
860 2082 1063 2160 praecipuum.
1096 2076 1165 2149 Quo
1183 2080 1309 2141 consilio
1322 2081 1362 2141 ad
1375 2080 1415 2141 D.
1431 2081 1531 2142 Base·

175 2168 312 2230 tenemur
335 2170 517 2248 scripserim,
541 2171 632 2231 nosti.
678 2170 858 2250 Respondit,
882 2189 998 2231 summa
1013 2169 1165 2229 literarum
1179 2169 1253 2228 haec
1267 2179 1336 2229 est:
1359 2168 1531 2231 abstineam

176 2279 194 2317 a
217 2257 368 2318 mentione
392 2277 545 2319 sacrarum
560 2259 713 2320 literarum
728 2260 757 2321 iu
775 2258 906 2338 publico.
954 2257 1109 2321 Offensum
1127 2257 1162 2318 iri
1185 2257 1295 2319 multos
1318 2258 1429 2319 bonos:
1455 2277 1530 2339 quos

174 2347 252 2407 inter
274 2356 307 2407 et
329 2367 363 2408 se
384 2366 445 2408 non
467 2347 593 2409 obscure
615 2358 731 2410 censet
778 2346 907 2410 Omnino
930 2349 1049 2411 ridetur
1071 2356 1223 2416 metuere,
1251 2366 1290 2407 ue
1312 2348 1445 2408 munitus
1473 2366 1532 2426 ego

174 2436 338 2496 autoritate
365 2436 510 2503 friderici
536 2438 679 2516 principis
711 2456 765 2517 per
791 2437 852 2497 rim
879 2438 1040 2499 extrudere
1067 2435 1156 2495 velim
1186 2436 1391 2497 defensionem
1423 2446 1534 2497 contra

173 2543 326 2586 sacrarum
350 2525 505 2587 literarum
527 2526 723 2607 objectiones,
748 2526 822 2587 dicit
844 2526 936 2600 enim,
969 2532 1120 2604 repertum
1142 2524 1197 2597 iri,
1226 2525 1362 2602 quirem
1385 2524 1532 2604 impedire

171 2613 276 2675 velint
322 2615 444 2675 interea
462 2615 552 2692 jubet
574 2635 621 2676 me
644 2624 765 2677 strenue
787 2633 914 2696 pergere
936 2615 1038 2676 iuliis
1061 2612 1292 2693 lippothesibus,
1316 2625 1466 2694 quatenus
1490 2613 1532 2675 ad

173 2703 388 2765 astronomiam
412 2704 536 2766 faciunt.
583 2703 744 2766 Enimuero
767 2705 845 2784 quod
869 2715 962 2765 antea
984 2703 1096 2768 censui,
1116 2702 1181 2778 jam
1195 2702 1400 2781 multomagis
1423 2703 1533 2764 credo:

173 2810 232 2852 uon
255 2810 324 2852 esse
347 2794 475 2853 alienum
500 2814 520 2853 a
542 2791 711 2872 Copernico
733 2793 894 2865 hominem,
918 2793 972 2852 sed
995 2794 1074 2852 iuter
1095 2790 1252 2869 theologos
1275 2806 1395 2852 ceteros
1418 2811 1530 2852 nenes-

174 2880 256 2940 sario
279 2880 421 2941 standum
444 2882 501 2959 ipsi
523 2900 578 2961 pro
601 2883 765 2942 autoritate
788 2885 836 2951 (ut
850 2884 974 2961 putant)
997 2880 1172 2958 scripturae.
1219 2880 1348 2958 Ideoque
1372 2899 1458 2941 suam
1473 2899 1531 2960 ge·

173 2968 295 3029 nuiuam
317 2969 498 3030 senteutiam
521 2970 592 3030 milri
615 2989 673 3030 non
698 2970 841 3048 explicat.
888 2966 968 3037 Quid
992 2969 1135 3047 agemus?
1158 2968 1237 3029 Tota
1251 2970 1436 3030 astronomia
1451 2969 1533 3031 tanti

175 3066 320 3128 nonest,
354 3067 388 3117 ut
414 3077 490 3117 unus
517 3077 555 3118 ea
577 3059 695 3136 pusillis
719 3056 835 3120 Christi
857 3058 1036 3120 offendatur.
1082 3054 1159 3118 Cum
1180 3057 1282 3136 itaque
1304 3077 1376 3137 pars
1398 3058 1534 3120 maxima

174 3145 329 3205 doctorum
353 3146 446 3205 etiam
468 3146 507 3205 ad
530 3146 607 3206 banc
631 3148 832 3207 astronomiae
858 3149 905 3218 (nt
928 3148 1018 3225 vulgo
1041 3146 1175 3216 ridetm)
1197 3146 1412 3208 sublimitatem
1436 3147 1533 3208 intel·

178 3233 258 3293 lectu
280 3252 335 3294 suo
359 3252 416 3293 non
439 3233 601 3296 ascendat:
625 3254 683 3313 age
706 3236 933 3316 Pythagoraeos
954 3237 1001 3295 rel
1026 3235 1147 3296 tandem
1171 3235 1263 3311 etiam
1284 3236 1434 3296 institutis
1459 3236 1533 3297 imi-

177 3330 284 3382 temur.
330 3321 479 3383 Privatim
503 3341 556 3384 nos
579 3325 628 3403 qui
652 3324 732 3397 adit,
756 3325 1004 3387 communicemus
1028 3324 1072 3384 illi
1095 3323 1221 3384 candide
1246 3332 1382 3386 nostram
1402 3335 1532 3386 seuten-

176 3409 262 3471 tiam.
308 3408 432 3473 Publice
463 3426 627 3474 taceamus.
674 3411 736 3476 Cur
771 3414 985 3474 astronomiam
1023 3412 1206 3473 astronomici
1242 3413 1391 3492 perditum
1428 3412 1533 3476 imus?

178 3498 275 3561 Totus
297 3500 425 3561 muudus
447 3501 617 3578 hujusmodi
640 3516 738 3563 scatet
762 3502 947 3573 bominibus,
976 3502 1026 3580 qui
1048 3501 1149 3580 parati
1172 3512 1242 3562 sunt
1266 3512 1362 3563 totam
1384 3516 1531 3564 astrono-

178 3587 288 3659 miam,
313 3590 339 3650 si
363 3587 533 3669 Copemico
555 3609 635 3651 mere
659 3592 838 3663 adhaereat,
866 3591 975 3651 mundo
997 3591 1105 3668 ejicere
1132 3592 1352 3670 commodisque
1380 3593 1532 3654 artificum

175 3675 335 3739 obsistere.
368 3679 511 3741 Artifices
525 3698 596 3740 rero
619 3699 656 3740 ex
680 3700 713 3741 se
737 3681 812 3759 ipsis
834 3679 883 3740 rel
906 3698 943 3739 ex
962 3698 1036 3739 aura
1058 3678 1158 3738 risere
1177 3696 1234 3739 non
1249 3691 1386 3758 possunt.
1424 3678 1530 3750 Quare

175 3766 221 3827 ita
243 3766 274 3827 in
296 3769 507 3829 astronomicis
530 3788 679 3846 agamus,
718 3780 750 3829 ut
779 3769 912 3828 fautores
940 3767 1140 3828 astronomiae
1167 3768 1350 3829 retineamus
1378 3780 1410 3831 et
1433 3780 1467 3831 ut
1491 3788 1530 3830 ne

175 3855 351 3916 esuriamus.
398 3854 486 3925 Quod
511 3858 578 3917 ideo
601 3858 709 3925 scribo,
736 3857 805 3936 quia
828 3855 993 3936 penultimi
1015 3855 1068 3915 tui
1090 3856 1220 3933 epistolii
1243 3857 1282 3916 ad
1300 3875 1348 3917 me
1367 3857 1529 3936 scripsisti,

174 3954 206 4002 te
230 3945 328 4021 quoad
352 3944 466 4006 ludicra
489 3957 601 4008 tractet
624 3947 842 4019 nascereris,
872 3946 993 4007 ludicris
1015 3963 1184 4013 occurrere,
1208 3947 1261 4005 sed
1284 3958 1423 4023 paratum
1446 3967 1528 4019 esse,

173 4031 201 4092 si
224 4032 333 4093 seriam
356 4033 410 4094 tibi
434 4050 554 4097 moreat
576 4035 823 4107 coutrorersiam,
846 4053 900 4114 pro
924 4033 1030 4094 merito
1049 4033 1131 4095 illum
1145 4035 1293 4113 excipere.
1330 4035 1433 4098 Nolim
1448 4039 1529 4101 euim

174 4130 206 4180 te
227 4120 276 4180 rel
299 4122 329 4182 iu
357 4141 455 4183 meam
483 4124 530 4184 rel
561 4126 590 4184 in
615 4124 708 4203 ipsius
731 4125 823 4184 etiam
847 4122 986 4184 veritatis
1017 4130 1108 4200 (quae
1140 4123 1250 4185 nullius
1281 4123 1410 4186 hominis
1439 4127 1528 4187 salu-

173 4224 234 4269 tem
257 4219 310 4269 aut
332 4212 517 4272 commodum
540 4213 709 4281 concernit)
732 4213 863 4289 gratiam
888 4211 1021 4272 inimicos
1044 4211 1097 4271 tibi
1113 4212 1272 4273 conciliare
1287 4226 1339 4273 aut
1358 4214 1528 4277 incomo-

172 4297 240 4358 dius
263 4316 362 4377 agere.
409 4301 453 4361 Tu
477 4302 526 4379 qui
550 4301 804 4371 animaduertisti,
832 4310 965 4362 tractare
992 4301 1087 4360 rirum
1114 4299 1197 4360 illum
1225 4301 1306 4361 seria
1327 4319 1382 4380 per
1418 4305 1528 4376 lusum,

172 4387 291 4448 clarum
314 4389 400 4448 claro
424 4389 535 4466 pellere
558 4401 646 4468 potes
669 4404 699 4449 et
724 4391 771 4449 rel
795 4390 873 4449 seria
896 4398 1080 4450 tractantem
1102 4387 1168 4448 lusu
1192 4390 1330 4469 excipere
1351 4393 1446 4463 serio,
1471 4410 1528 4454 nec

173 4476 234 4536 alia
255 4495 385 4554 persona
408 4479 436 4538 iu
461 4497 583 4538 arenam
606 4477 800 4538 descendere.
842 4477 926 4538 llaec
954 4495 1011 4554 ego
1038 4475 1157 4554 quidem
1184 4475 1392 4555 πιρρισιιζυι
1414 4501 1471 4543 nec
1496 4494 1528 4542 te

174 4565 311 4636 initam,
344 4567 393 4644 qui
423 4566 502 4626 soles
529 4567 619 4626 nillil
648 4567 831 4631 delirare.
861 4567 929 4643 quin
954 4566 1009 4625 lroc
1032 4582 1089 4640 ego
1111 4582 1210 4641 apuu.
1235 4569 1313 4646 qnod
1338 4588 1386 4628 me
1409 4570 1527 4631 hortari

171 4672 225 4732 pro
249 4655 414 4715 autoritate
436 4673 561 4732 posses.
591 4668 623 4713 ut
646 4673 777 4731 agerem
824 4652 940 4724 Quodsi
964 4655 1053 4714 aliter
1074 4652 1129 4711 tibi
1152 4654 1270 4715 ridetur
1291 4659 1320 4717 in
1344 4657 1401 4718 hac
1419 4679 1525 4732 causa

172 4761 289 4823 semper
311 4743 381 4804 mihi
404 4745 461 4804 erit
485 4746 645 4814 intenrum,
675 4758 756 4805 tuum
785 4744 867 4820 sequi
896 4743 1067 4803 consilium:
1106 4761 1172 4800 nam
1201 4744 1427 4823 inpraesentia
1450 4749 1526 4810 nihil

172 4832 337 4912 mpouueo
359 4833 399 4893 D.
416 4833 611 4903 Haiereffero,
634 4830 692 4893 nisi
717 4845 749 4892 ut
770 4850 825 4911 per
847 4830 1034 4892 occasionem
1057 4828 1141 4891 illum
1162 4832 1278 4895 salutes
1299 4834 1524 4901 officiocissime
