3428 5542
701 297 857 364 mosoma·
876 296 1027 348 arnonem.
1088 259 1106 288 ¹
1249 255 1251 260 Α
1474 291 1539 360 429

185 431 339 541 quatenus
356 458 483 539 antiqua
506 456 651 537 dogmata
672 455 762 536 paulo
786 454 974 535 generaliora
997 454 1086 517 facio.
1132 454 1213 519 Nam
1239 453 1337 534 primo
1360 452 1437 534 quod
1462 452 1540 517 'Ier-

186 568 252 612 ram
275 547 402 624 attinet,
427 564 496 607 esse
519 545 614 608 totius
638 544 720 624 ejus,
746 552 894 626 quatenus
917 551 996 618 tota,
1022 543 1148 606 formam
1170 544 1361 618 nobiliorem,
1391 561 1479 624 qnam
1504 562 1542 605 ea
1578 622 1586 634 ,

186 644 250 713 est,
280 654 357 717 quae
380 636 411 698 in
435 634 571 714 qualibet
593 633 683 714 gleba
707 633 896 714 agnoscitur,
926 651 1011 694 nemo
1035 632 1169 712 negabit.
1214 631 1293 695 Eam
1315 649 1387 693 vero
1412 632 1540 694 formam
1645 668 1654 689 .

186 745 224 788 ex
254 724 427 788 animalium
456 723 633 785 facultatum
661 741 771 802 genere
804 740 887 794 esse,
926 740 1018 801 opera
1050 721 1143 800 ipsins
1179 727 1324 801 arguunt,
1366 739 1442 800 quae
1470 728 1542 782 sunt

184 815 342 895 generatio
365 813 571 886 metallorum,
600 812 789 874 conservatio
813 811 922 873 caloris
946 809 1125 884 Terrestris,
1152 810 1309 872 exsudatio
1333 827 1478 889 vaporum
1502 810 1539 871 ad

185 903 351 979 fluviorum,
376 901 556 984 pluviarum,
580 909 807 978 ceterorumque
830 907 1030 960 meteororum
1040 898 1329 978 progeneratmnem
1377 897 1464 969 Quae
1488 918 1538 959 ar-

186 1001 300 1072 guunt,
334 994 460 1056 formam
491 989 556 1069 ejus
585 1009 652 1052 esse
683 1007 741 1050 non
765 987 876 1051 saltem
899 987 1168 1094 conservatricem,
1202 986 1334 1069 qualis
1327 1007 1356 1048 ru
1382 986 1541 1067 lapidibus,

185 1079 241 1144 sed
263 1083 382 1144 omniuo
406 1078 635 1159 vegetatricem.

738 1164 873 1227 Thesis
896 1164 995 1227 XLII.

275 1215 381 1331 Neque
406 1257 507 1316 tamen
532 1253 598 1316 ideo
623 1272 747 1317 necesse
770 1261 819 1315 est
842 1272 977 1315 crescere
992 1252 1114 1315 Terram
1139 1260 1192 1314 aut
1210 1252 1276 1313 loco
1301 1249 1423 1312 moveri.
1462 1250 1541 1313 Nam

186 1355 283 1419 neque
306 1340 439 1404 bumana
461 1351 511 1404 est
533 1343 598 1422 ejus
622 1342 737 1415 anima,
772 1361 867 1423 neque
891 1341 1031 1404 animalis
1054 1341 1190 1421 proprie,
1222 1358 1317 1421 neque
1346 1338 1443 1418 qualis
1467 1340 1540 1421 stir-
1631 1386 1637 1397 .

186 1426 277 1505 pium,
302 1428 357 1489 sed
380 1431 542 1510 peculiaris
565 1431 692 1512 speciei,
719 1450 794 1510 quae
819 1431 1020 1492 definitionem
1043 1430 1081 1491 ab
1106 1448 1195 1510 opere
1219 1447 1273 1490 suo
1298 1429 1437 1504 sortitur,
1462 1428 1542 1490 sicut

187 1515 267 1577 aliae
290 1535 407 1599 qnoque
436 1520 553 1599 speeies
578 1520 750 1582 animalium
780 1520 968 1588 facultatum.
1013 1519 1058 1580 Et
1085 1538 1162 1598 quae
1190 1517 1268 1580 ratio
1292 1524 1412 1579 veteres
1441 1517 1543 1596 coegit

163 1603 311 1666 ,tertiam
333 1607 452 1670 animas
475 1609 607 1688 speciem
629 1609 659 1671 in
674 1608 788 1689 plantis
812 1609 970 1684 collocare,
995 1609 1101 1670 eadem
1121 1624 1176 1670 nos
1195 1605 1286 1686 cogit,
1310 1613 1449 1687 quartam
1464 1606 1541 1668 banc

186 1691 335 1756 collocare
359 1695 390 1758 in
412 1697 516 1760 Terra.

508 1780 514 1786 ”
732 1785 864 1847 Thesis
887 1785 1002 1848 XLIII.

278 1867 340 1933 Sed
363 1891 419 1934 nec
444 1872 516 1935 illud
536 1874 712 1949 absurdum,
739 1875 885 1936 animales
909 1874 1084 1945 facultates,
1108 1889 1184 1951 quae
1209 1870 1345 1933 discursu
1368 1889 1427 1933 non
1449 1878 1542 1934 ntun-

186 1965 245 2031 tur,
270 1959 476 2040 intelligentes
500 1981 568 2024 esse
591 1962 784 2042 geometriae,
809 1982 903 2043 eaque
927 1983 981 2024 ceu
1005 1962 1134 2042 quodam
1157 1959 1276 2040 objecto
1300 1961 1424 2023 moveri.
1462 1959 1541 2022 Sunt

187 2049 328 2131 exempla
350 2051 493 2112 confessa
515 2052 545 2114 in
568 2060 698 2131 promtu.
744 2053 813 2115 Non
837 2051 1035 2115 ratiocinatur
1057 2049 1173 2112 arboris
1198 2049 1328 2112 facultas
1341 2049 1487 2128 plastica3
1511 2056 1543 2110 et

186 2143 290 2198 tanmn
314 2133 472 2213 Creatoris
495 2140 583 2219 jussa
615 2149 648 2203 ut
678 2141 838 2221 plurimum
869 2141 1043 2220 exsequitur
1070 2136 1312 2200 inordinatione
1342 2138 1479 2199 foliorum
1503 2136 1542 2199 ad

186 2225 432 2290 commoditatem
466 2228 580 2291 fructus
614 2230 711 2311 adque
744 2237 860 2292 certum
901 2230 999 2291 finem.
1053 2225 1132 2296 Quin
1165 2227 1258 2289 etiam
1292 2226 1543 2306 pulchritudinem

188 2332 267 2390 eam,
293 2332 370 2397 quae
394 2336 432 2378 ex
454 2319 584 2379 numeris
609 2326 666 2393 est,
691 2320 791 2381 omnia
814 2319 931 2380 semina
952 2316 1094 2379 retinent.
1141 2312 1286 2385 Quinario
1308 2315 1542 2394 plurimaplan-

187 2411 289 2465 tarum
312 2421 424 2484 genera
446 2413 582 2481 utuntur;
607 2425 665 2469 nou
690 2408 872 2470 necessitate
896 2407 1040 2469 materiae
1065 2424 1103 2466 ex
1126 2403 1233 2466 arbore
1261 2403 1293 2465 in
1315 2421 1436 2483 pornum
1460 2403 1542 2464 deri-

188 2500 277 2566 vata,
311 2492 340 2554 iu
365 2513 424 2573 qua
448 2494 636 2557 derivatione
660 2497 734 2558 haec
758 2496 885 2578 quinarii
909 2496 1048 2558 custodia
1071 2491 1265 2573 impossibilis
1289 2500 1352 2566 est;
1381 2492 1436 2554 sed
1459 2511 1543 2553 com-

190 2581 393 2643 munitatione
417 2583 573 2646 facultatis
595 2585 763 2664 plasticae,
791 2604 867 2666 quae
891 2585 986 2647 habet
1009 2582 1136 2664 qulnarii
1165 2581 1356 2660 congenitam
1374 2581 1543 2659 pulchritu-

189 2670 301 2733 dinem.
357 2669 420 2732 Sed
453 2672 612 2752 ignobilior
643 2673 721 2736 haec
754 2675 850 2736 adhuc
875 2674 953 2736 ratio
986 2681 1047 2746 est,
1086 2670 1240 2749 miuusque
1272 2669 1434 2743 mirabilis,
1474 2668 1545 2749 quia
1658 2753 1659 2756 Ἴ

190 2759 324 2822 facultas
351 2759 432 2822 intra
455 2762 606 2842 seipsam
631 2771 732 2825 manet
755 2772 787 2826 et
809 2763 975 2844 quinarium
1008 2778 1101 2862 quem·
1122 2758 1215 2821 babet
1242 2754 1411 2838 propagat.¹
1455 2757 1544 2819 Dabo

190 2849 362 2927 exemplum
394 2851 660 2914 accommodatius.
705 2853 773 2915 Nou
806 2852 1004 2914 ratiocinatur
1025 2848 1171 2923 rusticus,
1206 2867 1295 2927 quam
1322 2847 1544 2928 proportionem

189 2937 405 3018 geometricam
433 2939 569 3002 obtineat
598 2960 658 3002 vox
681 2942 721 3002 ad
746 2960 859 3004 vocem
906 2941 949 3003 Et
975 2946 1076 3001 tamen
1100 2937 1154 2999 illa
1177 2935 1278 2999 fidium
1306 2936 1461 2998 harmonia
1488 2954 1544 2998 ex-

190 3035 301 3095 tranea
323 3045 378 3107 per
400 3046 489 3089 aures
512 3029 648 3092 rustici
640 3050 670 3092 rn
686 3037 815 3092 mentem
835 3029 968 3092 illabitur
982 3027 1191 3107 hominemque
1201 3012 1369 3100 exhilarat3
1393 3044 1452 3087 non
1471 3043 1544 3086 sane

189 3114 343 3179 mistionis
367 3134 472 3178 vocum
495 3117 710 3192 moderatione,
734 3138 793 3181 non
817 3119 877 3182 leni
901 3117 1017 3181 aurium
1039 3116 1224 3178 demulsione
1248 3116 1356 3194 (saepe
1375 3113 1454 3176 enim
1476 3113 1544 3176 vio·

148 3223 151 3229 ·
189 3202 267 3268 lenti
291 3203 357 3266 soni
381 3224 469 3267 aures
493 3206 617 3269 laedunt
640 3216 672 3270 et
694 3207 885 3271 nihilominus
909 3206 1107 3270 consonantia
1130 3205 1284 3266 delectant
1307 3205 1376 3277 sua)
1400 3222 1459 3265 uon
1483 3203 1546 3264 ulla

188 3292 253 3356 alia
277 3293 315 3355 de
338 3313 447 3368 causa,
481 3313 557 3376 quae
585 3297 739 3378 hucusque
768 3296 893 3359 inveniri
915 3296 1064 3376 potuerit:
1099 3293 1153 3355 sed
1186 3294 1263 3355 hanc
1291 3311 1381 3354 unam
1409 3292 1544 3367 obrem,

189 3381 276 3464 qnia,
306 3389 340 3444 ut
368 3383 398 3445 in
420 3384 612 3448 Harmonicis
634 3386 783 3466 probabo,
814 3387 938 3447 formam
962 3382 1167 3446 consonantiis
1191 3380 1332 3444 conciliat
1363 3381 1547 3460 geometrica

187 3471 291 3551 aliqua
322 3471 400 3534 ratio
428 3473 486 3535 toti
517 3476 625 3537 mundo
654 3475 769 3555 reliquo
793 3473 969 3547 familiaris,
1003 3471 1134 3536 maxime
1163 3470 1285 3542 animis,
1315 3488 1388 3549 quos
1423 3469 1545 3548 quidam

186 3567 324 3622 veterum
356 3560 529 3623 harmonias
561 3563 672 3625 dixere.
725 3563 782 3626 His
815 3583 886 3644 ergo
917 3561 1062 3640 exemplis
1101 3579 1155 3621 ceu
1191 3557 1333 3638 gradibus
1366 3557 1545 3637 quibusdam

185 3648 288 3712 evecti
312 3649 476 3712 audeamus
509 3652 600 3713 etiam
628 3653 666 3715 ad
695 3653 751 3714 hoo
782 3654 898 3715 culmen
927 3649 1105 3723 ascendere,
1139 3655 1173 3709 ut
1206 3647 1363 3710 credamus
1391 3645 1490 3707 Inesse
1513 3646 1543 3708 in

185 3737 284 3800 'I’erra
305 3739 367 3801 vim
390 3739 550 3801 animalem
573 3742 804 3821 vegetatricem,
833 3742 863 3802 in
893 3740 923 3800 vi
952 3738 1074 3801 animali
1102 3756 1223 3800 sensum
1243 3735 1390 3816 quendam
1418 3752 1544 3814 geome-

184 3825 280 3902 triae,
304 3826 393 3908 idque
417 3829 596 3902 formaliter,
621 3838 653 3892 et
675 3831 713 3893 ob
736 3831 767 3893 id
790 3831 906 3910 ipsum,
937 3829 1007 3909 quia
1029 3827 1075 3887 vis
1098 3826 1152 3888 illa
1176 3845 1213 3888 ex
1237 3843 1346 3905 genere
1371 3823 1544 3885 animalium

184 3916 369 3978 facultatum
394 3925 456 3979 est:
477 3936 553 3998 quae
577 3919 715 3999 quamvis
738 3919 821 3998 operi
845 3938 898 3981 suo
922 3935 1041 3997 semper
1063 3914 1217 3990 incumbit,
1247 3913 1344 3994 magis
1367 3920 1468 3974 mmeu
1488 3932 1544 3974 ex-

184 4005 376 4078 stimulatur,
405 4006 522 4086 quando
547 4008 603 4070 hoc
627 4016 801 4089 aspectuum
825 4008 920 4071 veluti
943 4007 1053 4087 pabulo
1078 4006 1176 4084 aliquo
1200 4003 1340 4066 relicitur.
1384 4001 1544 4074 Quemad-

182 4093 305 4155 modum
329 4094 421 4174 igitur
443 4096 524 4159 auris
547 4114 601 4175 per
624 4105 800 4159 concentum
824 4097 996 4177 instIgatnr,
1021 4102 1054 4156 ut
1078 4094 1237 4172 diligenter
1261 4093 1428 4167 auscultet,
1453 4101 1543 4172 atque

182 4182 231 4245 ita
254 4189 341 4245 tanto
364 4184 462 4264 magis
486 4185 591 4247 audiat
615 4188 816 4267 (voluptatem
840 4204 1001 4267 quaerens,
1028 4202 1104 4264 qnae
1128 4181 1275 4245 sensiouis
1298 4183 1444 4262 perfectio
1469 4183 1544 4254 est),

183 4270 230 4334 sic
255 4271 350 4334 Terra
377 4290 433 4352 per
461 4276 667 4354 vegetantium
696 4275 847 4338 radiorum
867 4274 1010 4348 (diximus
1040 4272 1117 4334 enim
1148 4272 1297 4334 calfacere
1326 4271 1394 4332 illos
1427 4278 1459 4332 et
1486 4269 1544 4331 hn-

185 4363 337 4436 mectare)
361 4363 577 4440 geometricum
601 4384 778 4427 concursum
802 4364 1027 4437 exstimulatur,
1053 4368 1086 4424 ut
1105 4360 1265 4441 diligenter
1289 4380 1342 4423 seu
1365 4368 1451 4421 tanto
1475 4378 1544 4421 ma-

179 4449 230 4530 gis
253 4450 458 4531 vegetationis
482 4453 565 4533 operi
588 4452 713 4516 insistat
735 4472 933 4534 magnamque
957 4471 1102 4533 vaporum
1126 4450 1244 4531 copiam
1267 4450 1405 4512 exsudet.

730 4543 861 4607 Thesis
884 4542 999 4605 XLIV.

270 4625 342 4690 Etsi
375 4646 447 4691 vero
475 4628 532 4691 has
561 4632 750 4711 operationes
784 4640 959 4711 aspectuum
982 4608 1115 4693 nonnihil
1139 4628 1260 4691 variant
1282 4627 1414 4707 ipsorum
1437 4624 1545 4704 plane-

179 4723 281 4780 raum
313 4717 452 4781 diversae
484 4725 610 4783 naturae
641 4740 733 4801 supra
755 4723 940 4803 explicatae,
974 4727 1008 4781 ut
1031 4719 1121 4782 aliter
1142 4725 1281 4780 movetur
1309 4717 1403 4777 Terra
1426 4736 1445 4777 a
1467 4730 1544 4794 geo-

177 4806 308 4871 metrica
330 4805 475 4872 mixtione
499 4806 624 4873 Saturni
648 4819 680 4873 et
704 4812 815 4875 Martis
840 4809 1076 4880 contrariorum,
1101 4809 1190 4872 aliter
1213 4805 1336 4871 aJovis
1359 4812 1392 4866 et
1414 4801 1545 4866 Veneris
