3428 5542
183 306 252 373 362
611 310 1124 377 mumma-pu·-

181 470 393 542 Ptuleruaeus3
413 469 549 530 iuvenies
572 470 718 531 distincta
739 493 957 549 aerumma
979 474 1209 552 (quamaotet),
1239 475 1270 533 in
1292 472 1405 552 qarbu
1426 491 1558 542 aarum

186 561 378 629 (versantur)
401 558 562 636 planetae;
586 559 770 637 quadrantes
789 561 881 638 igitur
898 563 1024 622 zodiaci.
1071 561 1188 631 Quales
1210 563 1304 623 seru?
1346 561 1557 636 Ἀιηλιηιιι,

181 649 302 722 ladam,
323 645 405 718 toa,
427 646 655 720 dumosam,
677 647 884 721 duodenaria,
907 651 963 711 hoc
986 664 1051 723 est,
1075 652 1114 710 ab
1138 650 1293 711 horizonte
1315 649 1418 710 urtiso
1441 658 1475 708 et
1498 666 1555 707 oc-

182 736 272 797 ciduo
294 737 434 814 incepta,
467 735 497 794 in
520 737 745 814 nonagesimum
770 739 862 816 igitur
884 756 971 800 extra
994 741 1191 800 meridianum
1213 739 1424 800 terminantia.
1471 737 1555 798 b'am

182 845 243 886 nun
266 824 377 885 dicitnr
398 845 644 902 maprpuopim,
666 826 724 887 uisi
746 828 899 905 perlectus
922 829 1088 906 quadrans,
1116 848 1171 888 nec
1194 846 1268 906 pure
1290 827 1469 896 tinum,
1493 824 1554 885 niti

182 936 204 974 a
225 914 420 991 nonagesimo
444 914 592 991 inceptus.
640 913 817 976 Decimo:
849 926 900 976 est
926 919 1028 995 aliqua
1051 919 1171 987 domus,
1200 936 1277 994 quae
1307 916 1421 976 dicitm
1441 911 1556 976 im

185 1025 283 1079 φορας
313 1001 525 1079 ἂιαφερεσθω
557 1022 628 1062 rero
653 1004 793 1064 tribuitur
819 1005 915 1081 signis
938 1006 1064 1065 zodiaci.
1112 1005 1227 1064 Domus
1250 1005 1344 1081 igitur
1366 1003 1554 1079 intelligitur

182 1093 221 1151 dc
247 1110 320 1151 arcu
345 1091 483 1163 zodiaci,
515 1091 566 1150 ille
594 1110 665 1152 tero
692 1093 804 1152 dicitur
831 1097 1087 1170 dodemzquopror.
1135 1094 1362 1154 l'udecimo:
1394 1094 1444 1152 sic
1475 1090 1553 1151 alibi

182 1182 319 1259 appellat
351 1201 388 1240 aa
417 1184 640 1250 modmpom
670 1176 784 1252 ζοὰω.
828 1185 930 1242 zoua
961 1197 1032 1242 sont
1060 1182 1175 1242 zodiaci
1198 1198 1303 1260 partes
1326 1181 1551 1243 duodecimae:

182 1287 261 1346 ergo
283 1268 401 1339 domus,
424 1287 501 1347 qnae
525 1275 747 1342 matamorus
761 1270 880 1343 dicitnr,
904 1286 952 1331 est
975 1272 1089 1330 zodiaci
1104 1290 1175 1348 pars
1190 1271 1263 1330 ΚΜ.
1317 1268 1551 1331 Duodecimo

182 1357 263 1418 ratio
293 1357 434 1429 accedat,
472 1376 540 1416 cum
563 1359 601 1417 de
624 1359 686 1418 situ
715 1360 845 1436 partium
868 1360 984 1420 zodiaci
1016 1361 1203 1435 disputatur,
1235 1361 1313 1419 unde
1348 1360 1412 1419 illie
1445 1357 1551 1437 potina

182 1446 327 1523 incipiat,
361 1465 450 1524 qoam
473 1466 491 1504 a
515 1456 626 1523 puncto
658 1447 817 1507 altissimo.
867 1449 943 1508 Hinc
967 1448 1161 1508 Ptolemaeus
1185 1448 1268 1515 alibi,
1296 1468 1365 1508 cum
1389 1448 1486 1508 amm
1510 1447 1549 1507 dc

181 1556 284 1604 mure
305 1530 607 1614 σνσῃυατιζομηοις
630 1536 710 1614 agit,
744 1537 954 1614 appellatam
982 1560 1058 1596 mro
1087 1558 1218 1613 aopuqm
1238 1559 1333 1597 mor
1363 1537 1550 1616 quadratum

180 1626 221 1684 ab
253 1625 430 1700 horoscopo.
476 1623 711 1684 Tredecimo:
746 1646 765 1682 a
795 1645 868 1685 uoce
896 1626 990 1685 hledii
1009 1624 1106 1686 Coeli.
1153 1624 1187 1684 Si
1211 1626 1291 1686 enim
1321 1627 1469 1686 zodiacus
1498 1634 1550 1685 cst

178 1713 208 1773 in
231 1712 337 1772 domos
361 1712 585 1772 distribuendus
608 1726 731 1790 propter
754 1714 942 1791 planetarum
973 1716 1001 1774 in
1027 1733 1063 1773 eo
1087 1715 1274 1774 versantium
1297 1724 1403 1775 status
1427 1732 1549 1792 expen-

178 1801 304 1874 dendos,
328 1814 450 1878 oportet
471 1801 576 1878 utique
600 1802 667 1878 ejus
686 1804 815 1863 medium
835 1823 893 1863 noo
908 1804 1029 1864 verbale
1049 1822 1118 1863 esse
1141 1804 1171 1863 in
1187 1805 1364 1877 meridiano,
1388 1803 1447 1863 aed
1462 1802 1548 1863 reale

179 1900 268 1950 extra
291 1890 489 1950 meridianum
511 1889 541 1949 in
565 1891 770 1968 nonagesimo.

268 1976 372 2049 Satis,
406 1979 529 2058 opinor,
567 1980 682 2039 obtinui
714 1981 921 2058 propositum
962 2000 1039 2039 nunc
1072 1980 1231 2040 audiamus
1262 1997 1353 2055 perro
1382 1978 1546 2040 Stadium:

177 2067 414 2139 „Ptolemaens‚
451 2068 502 2128 ubi
534 2068 572 2127 de
602 2068 784 2128 deductione
815 2080 1041 2147 prorogatorum
1066 2069 1149 2144 agit,
1188 2070 1233 2128 Μ.
1258 2066 1295 2128 C.
1320 2070 1350 2128 iu
1375 2068 1547 2128 meridiano

177 2156 373 2216 coustituit.“
418 2155 477 2216 Est
499 2174 573 2233 ergo
595 2158 707 2235 duplex
731 2157 773 2217 Μ.
800 2156 836 2218 C.
861 2177 915 2234 pro
939 2157 1050 2235 duplici
1073 2157 1225 2227 instituto,
1255 2157 1374 2216 duobus
1396 2157 1545 2228 motibus,

177 2245 295 2304 duobus
318 2245 470 2322 primariis
493 2244 612 2304 circulis
635 2264 795 2323 eorumque
819 2248 906 2324 polis,
930 2261 961 2306 et
986 2246 1177 2306 latitudinum
1201 2245 1461 2323 verticalibusque
1481 2246 1545 2305 cir·

177 2333 264 2393 culis.
310 2332 392 2394 Natu
418 2334 447 2394 si
474 2333 513 2392 de
544 2334 605 2393 situ
633 2335 751 2411 agimus
779 2336 913 2407 zodiaci,
947 2336 990 2395 Μ.
1016 2333 1052 2395 C.
1081 2347 1131 2393 est
1159 2335 1189 2393 in
1214 2334 1309 2410 gradu
1333 2334 1546 2412 nonagesimi;

177 2422 226 2482 sin
250 2432 352 2482 autem
377 2422 414 2482 de
437 2436 520 2482 muto
543 2424 649 2500 primo,
674 2435 708 2483 ut
731 2422 759 2482 in
784 2424 922 2483 doctrina
945 2423 1152 2493 directionum,
1176 2437 1230 2482 aut
1254 2422 1280 2482 si
1300 2423 1545 2495 comideramna,

177 2522 323 2591 quantum
348 2511 444 2571 distet
465 2509 539 2582 Sol,
564 2512 667 2582 Luna,
693 2512 739 2571 rel
763 2513 915 2589 planetae,
940 2513 1056 2572 ratione
1080 2526 1180 2569 motus
1204 2512 1291 2588 primi
1315 2531 1335 2570 a
1363 2510 1543 2582 meridiano,

176 2601 216 2660 ab
239 2619 277 2658 eo
299 2618 345 2658 sc.
368 2610 490 2678 punctu,
515 2601 545 2659 iu
570 2619 627 2677 quo
652 2601 695 2659 illi
718 2620 754 2658 eo
777 2602 825 2659 die
849 2601 912 2660 lieri
936 2612 1062 2677 possunt
1086 2600 1239 2669 altissimi,
1266 2614 1298 2658 ut
1323 2600 1357 2658 tit
1382 2601 1413 2660 in
1438 2601 1544 2678 capite

176 2688 215 2748 dc
236 2688 439 2765 dignitatibus
462 2699 496 2748 et
517 2689 608 2747 alibi:
634 2703 704 2748 tune
728 2689 771 2748 Μ.
797 2688 833 2749 C.
857 2703 907 2749 est
931 2690 960 2749 iu
985 2688 1165 2757 meridiano,
1189 2689 1260 2766 quia
1283 2707 1319 2746 eu
1344 2689 1394 2748 die
1419 2689 1548 2767 planeta

176 2795 235 2836 uon
259 2778 394 2837 absolvit
415 2777 591 2847 zodiacum,
625 2779 680 2837 sed
708 2778 904 2854 parallelum,
937 2779 1021 2854 cujus
1053 2790 1196 2854 punctum
1228 2778 1415 2838 altissimum
1440 2776 1545 2839 estin

176 2864 351 2926 meridiano.
399 2864 529 2926 Secutus
553 2877 603 2926 est
624 2866 681 2927 hoc
705 2864 864 2926 Cardanus
889 2867 917 2925 in
941 2866 1078 2925 centuria
1100 2865 1272 2943 genesium,
1298 2879 1329 2924 et
1354 2867 1445 2926 multi
1469 2878 1544 2925 ante

174 2972 254 3014 eum.
300 2952 477 3028 Exemplum
501 2974 538 3015 ex
562 2975 630 3015 mea
643 2955 769 3033 genesi:
794 2971 921 3014 nonest
945 2957 1036 3015 altior
1059 2955 1171 3035 gradus
1185 2953 1302 3013 zodiaci
1319 2974 1412 3031 quam
1428 2951 1542 3025 tout.

174 3040 246 3122 qnia
268 3042 363 3101 oritur
386 3037 499 3113 25⁶11.
547 3047 590 3104 At
615 3043 726 3120 gradus
750 3043 792 3103 Μ.
818 3040 854 3104 C.
888 3041 1046 3103 (Cardano
1070 3043 1181 3103 dicitnr
1203 3062 1265 3102 cor
1287 3044 1385 3105 coelil
1414 3037 1544 3104 22⁶:

175 3130 254 3190 satia
276 3149 386 3208 magno
410 3151 482 3191 arcu
506 3147 554 3192 est
577 3133 731 3199 humilior,
763 3151 851 3210 quoru
875 3129 984 3202 wll.
1032 3131 1086 3192 Sol
1112 3150 1183 3190 tero
1207 3131 1235 3189 in
1266 3128 1366 3201 15⁸5
1392 3131 1423 3190 in
1447 3132 1543 3191 meri·

175 3219 266 3279 dianu
289 3220 410 3298 quidem
434 3221 468 3279 lit
492 3221 676 3292 altissimos,
701 3234 735 3279 at
759 3241 795 3280 ne
820 3219 896 3279 hanc
921 3220 1039 3298 quidem
1063 3240 1098 3280 eo
1122 3221 1171 3278 die
1194 3220 1372 3296 assequitur
1394 3220 1543 3280 altitudi-

174 3326 254 3378 nem,
279 3326 368 3386 qoam
393 3309 484 3368 habet
509 3305 639 3379 22⁰2,
663 3310 717 3368 sed
742 3310 836 3369 multo
859 3309 1014 3369 minorem.
1063 3310 1168 3386 ltaque
1193 3309 1312 3367 ratione
1326 3308 1408 3369 situs
1424 3302 1546 3370 22⁰:ae

175 3397 289 3456 nullam
313 3397 406 3457 habet
430 3397 606 3469 efficaciam,
632 3411 664 3457 ut
688 3397 779 3457 habet
803 3416 944 3474 magnam
968 3397 1085 3456 tutione
1110 3412 1219 3455 mutus.
1268 3395 1309 3457 Et
1331 3410 1428 3469 nota,
1453 3414 1488 3457 ot
1511 3416 1544 3457 se

173 3485 268 3545 babet
290 3487 367 3545 situs
391 3486 431 3545 ad
453 3505 581 3564 corpus,
616 3486 660 3546 sic
689 3505 723 3544 ee
752 3486 843 3545 habet
867 3500 979 3553 tnotus,
1013 3486 1052 3544 ad
1082 3487 1184 3544 vitam
1233 3486 1267 3544 lu
1291 3486 1544 3546 consideratione

172 3575 265 3653 igitur
289 3574 424 3652 corporis
448 3589 480 3634 et
503 3594 580 3654 quae
604 3574 769 3634 adhaerent
793 3593 847 3651 pro
870 3574 912 3632 Μ.
939 3572 975 3633 C.
1001 3575 1213 3647 nonagesimus
1228 3588 1278 3632 est
1295 3575 1544 3635 considerandus

172 3662 285 3741 magis:
309 3678 342 3723 at
367 3664 396 3723 in
419 3664 662 3724 consideratione
686 3664 783 3733 vitae,
808 3664 836 3722 h.
861 3682 888 3721 e.
913 3663 1065 3722 actionum
1089 3663 1233 3730 huminis,
1258 3676 1290 3720 et
1314 3682 1393 3738 quae
1418 3664 1543 3724 adbae-

172 3764 254 3824 rent,
279 3764 368 3812 utet
391 3753 420 3811 in
445 3752 678 3821 directionibus,
708 3751 828 3809 omuino
851 3750 1019 3829 praepollet
1043 3751 1085 3809 Μ.
1112 3749 1148 3810 C.
1174 3751 1203 3809 in
1230 3750 1408 3810 meridiano.
1458 3752 1542 3813 Dili-

173 3851 281 3918 genter
304 3842 397 3918 igitur
419 3841 670 3901 considerandum
694 3840 783 3918 quale
807 3840 850 3899 Μ
875 3837 912 3899 C.
937 3838 1044 3916 quotis
1060 3838 1227 3898 Ptolemaei
1252 3839 1318 3898 luco
1342 3839 1541 3912 adhiheatur,

173 3938 206 3987 et
229 3930 351 3989 sublata
375 3930 431 3990 erit
456 3930 552 3989 «imnis
576 3929 750 3988 difficultas.

266 4018 370 4096 Pergit
393 4018 535 4079 Stadios:
570 4017 753 4077 meridianus
779 4015 817 4074 ab
842 4014 994 4074 horizonte
1023 4032 1143 4089 semper
1171 4033 1226 4073 sex
1250 4014 1334 4075 horis
1359 4016 1545 4094 aequalibus

173 4104 280 4174 distat,
303 4122 337 4166 ut
359 4108 449 4166 docet
472 4106 701 4167 Ptolemaeus.“
747 4107 790 4164 ,tt
816 4104 901 4167 haec.
925 4122 942 4162 ο
963 4102 1061 4163 Stadi.
1086 4101 1267 4177 «inspuisset
1290 4116 1349 4172 est,
1373 4124 1435 4163 uon
1451 4125 1543 4167 usur·

174 4208 251 4272 pata
273 4214 293 4254 a
315 4195 492 4256 Ptolemaeo
518 4196 573 4253 hoc
598 4195 674 4253 loco.
712 4193 812 4253 Nullis
836 4193 918 4251 horis
941 4192 1057 4252 distant
1081 4192 1110 4250 hi
1125 4193 1239 4257 circuli,
1264 4192 1320 4250 sed
1343 4193 1436 4252 simul
1461 4206 1545 4255 sunt.

171 4282 305 4343 Plaueta
338 4302 410 4343 reru
441 4301 509 4342 cum
542 4296 592 4340 est
624 4283 653 4341 in
685 4281 856 4343 horizonte.
891 4280 978 4339 abest
1011 4301 1030 4339 a
1062 4280 1228 4339 meridiano
1256 4299 1380 4357 semper
1412 4278 1547 4344 tiburis

172 4390 231 4431 non
247 4371 427 4450 aequalibus
440 4389 563 4448 semper
580 4382 611 4429 et
626 4369 763 4429 omnibus
787 4368 903 4439 diebus,
928 4370 981 4427 sed
1006 4369 1224 4446 temporalibus
1248 4369 1467 4447 inaequalibus
1489 4389 1547 4451 per

171 4458 239 4519 dica
262 4460 409 4528 diversos,
436 4479 513 4536 quae
537 4470 638 4517 tamen
662 4470 731 4517 sunt
756 4458 899 4535 aequales
924 4457 952 4516 in
977 4458 1025 4516 die
1051 4476 1108 4514 uno
1134 4457 1212 4515 inter
1235 4477 1269 4516 se
1293 4457 1393 4535 ipsae.

262 4546 350 4616 Quae
374 4549 404 4607 in
427 4546 537 4606 Stadio
560 4561 742 4624 sequuntur,
780 4564 837 4605 nou
867 4545 1000 4623 indigent
1024 4546 1289 4605 commentatione.
1337 4545 1409 4607 Xon
1436 4566 1546 4627 repre·

172 4634 271 4694 heudo
297 4634 538 4695 distributionem
563 4634 702 4693 domuum
725 4633 974 4711 Regiomoutani,
1005 4635 1030 4693 si
1056 4653 1113 4691 noo
1137 4652 1191 4710 pro
1216 4634 1409 4695 Ptolemaica
1434 4638 1546 4699 uendi-

171 4730 266 4783 tatur.
312 4722 423 4783 Posset
452 4722 580 4799 aliquis,
614 4734 646 4780 ut
675 4741 817 4798 superum
848 4722 1098 4799 hemisphaerium
1127 4722 1156 4780 in
1180 4717 1201 4780 6
1225 4735 1388 4799 segmenta
1411 4726 1546 4799 dividat,

171 4808 215 4873 ad
235 4810 468 4871 ainihtndinem
489 4809 725 4888 Regiomontani
746 4830 802 4891 per
824 4811 974 4871 secuntus
998 4824 1119 4871 mutuas
1143 4809 1308 4872 horizontis
1330 4825 1365 4872 et
1386 4814 1549 4881 vastulis
