3414 5550
657 293 915 360 osannam·
1279 239 1286 249 ’
1390 293 1456 362 ras

92 455 190 517 habet,
204 470 254 509 cur
266 469 352 524 prosa
365 455 410 519 sit,
426 471 509 526 quam
523 454 585 525 eius
599 454 747 520 contraria,
763 457 816 510 hot
829 456 898 526 ipso,
919 456 984 526 quia
997 455 1139 512 contraria
1153 455 1215 526 ejus
1228 457 1383 528 concipitur
1395 472 1457 516 esse
1479 473 1486 481 “

94 535 122 587 iu
146 550 201 587 non
224 541 304 589 ente:
329 552 400 606 quae
424 536 447 589 si
461 535 546 590 etiam
568 551 654 604 prosa
675 537 752 589 lacta
775 543 858 600 esset,
882 538 996 590 muudus
1011 542 1104 590 tamen
1119 536 1214 591 similis
1238 536 1302 592 huic
1315 536 1458 607 praesenti

94 615 185 668 factm
199 619 283 668 esset.
327 614 503 685 Comparatio
527 615 615 668 locum
630 632 683 668 non
698 615 786 670 habet
800 617 966 678 mundorum,
989 615 1037 670 ubi
1057 633 1128 670 unus
1150 616 1226 670 solus
1240 624 1293 670 est.
1334 618 1459 671 Valeant

94 695 190 762 itaquo
210 695 388 764 quaestiones
412 694 568 764 hujusmodi
587 695 757 759 materiales,
782 703 812 750 et
834 713 895 750 cum
908 695 1005 751 iisdem
1028 697 1113 750 etiam
1135 695 1251 751 metatio
1270 696 1383 760 zodiaci,
1408 713 1459 750 seu

93 772 187 842 potius
203 768 337 844 (quiahio
350 774 417 829 locis
433 774 489 828 suis
504 773 614 828 excedit
632 774 693 828 aevi
713 769 855 844 successu)
870 775 932 830 viae
946 775 1043 846 regiae
1067 791 1086 829 a
1099 775 1204 829 Solaria
1219 775 1341 846 corporis
1355 776 1458 831 circulo

93 852 242 921 intersim
261 854 341 922 polos
360 854 448 909 medio
462 859 644 909 monstratas.
688 856 760 910 Nam
783 855 806 910 si
820 854 878 924 poli
901 860 931 909 et
951 855 1013 909 axis
1038 854 1159 924 corporis
1173 855 1279 910 Solaria
1303 855 1331 910 in
1353 855 1476 927 plagas.

93 932 185 985 mundi
211 931 282 986 alias
306 933 379 1009 versi
400 934 526 998 fuissem,
550 933 635 988 etiarn
659 935 705 988 via
718 935 800 1007 regia
823 935 881 989 alia
904 934 1003 989 finisset
1016 937 1155 989 traducta.
1198 936 1275 998 Quod
1296 935 1366 989 idem
1380 942 1411 989 et
1424 936 1457 988 de

93 1011 191 1083 figuris
205 1013 375 1068 dodecatdro
389 1021 420 1069 et
433 1014 575 1068 icossedro
590 1013 739 1069 dicendum.
780 1015 883 1070 Demus
905 1013 984 1077 euim,
1009 1031 1106 1069 munus
1127 1014 1250 1084 ipsarum
1263 1031 1334 1078 esse,
1358 1013 1459 1070 metari

94 1091 236 1145 zodiacum
259 1092 426 1148 sectionibus
449 1094 550 1149 mutuis
574 1094 701 1157 laterum,
726 1100 756 1148 et
769 1094 838 1148 certi
852 1094 960 1164 quidem
983 1093 1093 1155 ordinis,
1118 1111 1154 1147 ex
1174 1111 1234 1158 sex,
1259 1111 1326 1164 qnos
1340 1093 1458 1149 diximus

93 1187 157 1304 :im
172 1170 333 1304 ροὶεῷἰίεει
358 1181 433 1228 certe
448 1175 586 1229 translato
600 1175 751 1246 figurarum
773 1173 828 1228 situ
851 1174 879 1229 in
897 1174 996 1229 arundo
1015 1172 1110 1227 sensili
1133 1175 1213 1228 sedes
1232 1173 1317 1227 etiam
1339 1173 1398 1228 alia
1411 1190 1457 1228 ao·

112 1266 174 1304 saco
195 1268 211 1303 o
233 1258 364 1323 tingeret.

691 1439 864 1451 m

661 1648 781 1755 Caput
807 1655 895 1730 XII.

524 1814 656 1878 Divisio
678 1814 805 1878 zodiaci
826 1823 856 1878 ct
877 1770 1029 1896 mesta.

185 1956 277 2019 Multi
308 1955 487 2019 divisionem
518 1956 662 2019 zodiaci
695 1956 724 2019 in
758 1956 914 2019 duodecim
945 1955 1086 2037 praecisa
1115 1953 1203 2034 sigua
1230 1972 1284 2034 pro
1315 1955 1457 2034 figmento

97 2047 227 2108 humano
255 2044 405 2118 habuere,
435 2045 491 2107 tali
518 2064 643 2126 nempe,
675 2045 723 2107 cui
750 2045 825 2108 nihil
852 2046 895 2108 rei
924 2043 1071 2107 naturalis
1096 2042 1203 2104 subsit.
1251 2043 1356 2124 Neque
1380 2042 1459 2105 enim

96 2136 174 2196 haec
205 2155 299 2213 μορια
326 2133 439 2196 viribus
472 2141 526 2196 aut
553 2134 761 2197 affectionibus
794 2134 912 2197 differre
945 2131 1133 2195 naturalibus
1166 2131 1369 2205 arbitrantur,
1403 2130 1458 2194 sed

96 2230 235 2286 assumta
256 2231 380 2302 propter
402 2222 517 2284 numeri
541 2224 579 2284 ad
603 2223 736 2285 rationes
761 2222 969 2300 aptitudinem.
1017 2217 1134 2290 Quibus
1163 2219 1222 2282 etsi
1250 2240 1308 2282 non
1337 2219 1457 2281 omnino

96 2328 248 2391 repugno,
279 2317 380 2373 tamen
408 2329 446 2372 ue
474 2309 545 2390 qnid
574 2318 687 2373 temere
717 2311 887 2391 rejiciatur,
921 2329 959 2371 ex
987 2308 1093 2370 iisdem
1121 2307 1275 2389 principiis
1300 2307 1457 2398 dirisionis

96 2400 185 2479 hujus
217 2418 341 2462 cauum
373 2417 558 2478 proponam,
592 2401 631 2461 ad
664 2419 753 2480 quam
778 2398 953 2462 Creatorem
984 2396 1185 2477 proprietates
1218 2397 1259 2468 (si
1289 2416 1364 2476 quas
1387 2396 1458 2458 illas

97 2487 262 2550 distinctas
285 2488 414 2562 habent)
438 2488 685 2550 accommodasse
709 2508 780 2551 vero
804 2507 862 2550 uon
887 2488 945 2548 erit
967 2485 1116 2548 absimile.
1132 2488 1160 2560 ⁸)

186 2577 387 2639 Numerorum
410 2576 575 2657 subjectum
599 2577 748 2655 quodnam
777 2577 832 2646 sit,
862 2595 955 2655 supra
984 2573 1121 2636 vidimus.
1167 2573 1210 2634 Et
1232 2580 1313 2633 certe
1337 2577 1459 2651 praeter

97 2672 243 2746 quantum
267 2672 321 2727 aut
338 2672 450 2746 quanto
469 2666 577 2741 similo,
602 2665 740 2744 potentia
754 2665 952 2745 qualicunque
966 2662 1145 2743 praeditum,
1169 2660 1242 2722 nihil
1267 2659 1367 2720 estin
1391 2664 1457 2720 toto

96 2754 239 2815 universo
261 2752 455 2830 numerabile,
479 2761 602 2833 praetor
624 2753 731 2826 Deum,
756 2754 805 2834 qui
828 2752 982 2833 ipsissima
1004 2750 1175 2812 veneranda
1198 2748 1332 2810 Trinitas
1354 2754 1413 2808 est.
1428 2745 1457 2820 ¹’)

96 2841 169 2903 Jam
193 2841 284 2921 igitur
307 2858 434 2920 corpora
457 2843 557 2904 omnia
581 2842 778 2904 disseruimus
801 2861 856 2922 per
883 2836 1049 2902 zodiacum.
1066 2843 1092 2910 ⁰)
1138 2837 1322 2909 Videamus,
1353 2834 1458 2914 ecquid

97 2931 234 2992 sectione
256 2930 316 2992 hac
339 2929 480 2992 zodiacus
504 2931 569 3010 ipse
593 2930 720 3009 adeptus
744 2933 793 2994 sel
816 2949 925 3011 passus
949 2925 1044 3002 siti)
1082 2925 1240 2988 Sectorum
1264 2924 1356 3003 igitur
1378 2923 1459 2986 dicto

96 3018 186 3080 modo
217 3018 286 3080 cubi
315 3017 409 3080 iacies
433 3019 628 3081 exsectione
652 3021 805 3082 resultans
828 3019 887 3081 erit
908 3018 1066 3098 quadrata,
1092 3023 1125 3076 ut
1149 3022 1180 3075 et
1197 3013 1341 3086 octatidri,
1367 3031 1459 3094 pyra-

97 3107 188 3168 midis
212 3106 382 3185 triangula,
411 3108 591 3187 reliquorum
619 3107 744 3169 duorum
772 3108 948 3188 decaogula.
997 3104 1115 3177 Quator
1137 3104 1197 3165 tria
1220 3102 1321 3165 decies
1346 3100 1463 3163 iaciunt

99 3205 391 3266 summamcentnm
415 3203 448 3258 et
470 3196 587 3276 viginti.
633 3196 730 3275 Igitur
752 3198 899 3275 inscripta
921 3196 1031 3257 circulo
1056 3193 1242 3273 quadratum,
1267 3190 1460 3270 triangulum,

98 3283 300 3362 deoangnlnm
329 3284 368 3344 ad
395 3285 476 3347 idern
508 3294 650 3365 punctum
680 3304 767 3347 arcus
796 3285 897 3346 varios
928 3284 958 3345 in
991 3281 1233 3347 circumferentia
1261 3279 1459 3358 distinguunt,

101 3390 178 3454 quos
201 3390 305 3434 omnes
328 3373 452 3436 metitur
474 3374 572 3454 portio
600 3392 658 3434 non
686 3373 784 3453 major
813 3373 979 3434 centesima
1001 3373 1086 3434 vice·
1247 3385 1293 3432 us·
1308 3372 1351 3422 ¹⁷?

99 3462 177 3523 sima
201 3461 294 3522 totius
318 3461 431 3523 circuli.
477 3461 636 3526 Naturalis
660 3460 752 3540 igitur
779 3461 886 3523 divisio
914 3460 1030 3523 zodiaci
1053 3461 1083 3521 in

102 3546 167 3612 120
189 3567 228 3610 cx
250 3549 380 3628 regulari
404 3549 465 3612 situ
488 3569 644 3630 corporum
668 3550 747 3611 inter
770 3551 868 3612 orbes.
908 3546 1001 3628 Cujus
1025 3550 1081 3611 tri-

99 3638 184 3718 plum
206 3656 273 3700 cum
296 3636 338 3698 sit
361 3631 443 3712 360,
471 3640 606 3702 videmus
634 3640 711 3701 hauc
735 3639 912 3700 divisionem
935 3657 993 3699 non
1017 3657 1083 3699 om·

26 3748 30 3754 ’
99 3728 170 3789 nino
185 3726 268 3788 nulla
281 3725 398 3787 ratione
413 3728 479 3790 niti.
510 3727 581 3789 Jam
601 3727 628 3788 si
646 3728 824 3807 quadratum
848 3735 880 3788 et
902 3726 1084 3806 triangulum

99 3833 219 3878 rursum
241 3833 280 3875 ex
302 3815 408 3876 eodem
430 3825 541 3896 puncto
564 3817 728 3896 separatim
747 3816 960 3890 describamus,
984 3814 1083 3896 portio

98 3903 204 3965 circuli
235 3901 359 3965 minima
390 3904 450 3967 erit
480 3923 551 3984 pars
584 3904 760 3967 duodecima
793 3906 942 3979 ambitus,
978 3923 1084 3984 nempe

100 3992 252 4070 algnum.
298 3991 343 4054 Ut
373 3992 478 4055 mirum
510 3995 569 4066 sit,
603 4000 635 4054 et
665 4003 778 4056 motum
806 3992 888 4057 Solis
918 4004 951 4057 et
980 3996 1084 4058 Lunae

99 4089 288 4144 menstruum
302 4081 330 4154 ⁹)
359 4088 392 4143 et
414 4082 640 4160 conjunctiones
665 4101 791 4162 magnas
815 4085 1000 4164 superiorum
1024 4093 1091 4146 tam·

99 4179 173 4251 apte
198 4169 345 4250 quadrare
369 4169 409 4232 ad
431 4163 599 4251 portiones,
630 4189 706 4251 quae
735 4174 773 4234 ab
802 4175 963 4236 eorundem
991 4174 1166 4253 corporibus
1193 4193 1248 4256 per
1277 4176 1460 4258 triangulum

99 4269 133 4322 et
155 4257 335 4340 quadratum
357 4257 630 4338 distinguuntur&

192 4346 293 4427 Atque
317 4345 395 4408 adeo
419 4366 508 4427 qnam
531 4349 606 4410 haec
630 4348 817 4410 duodenaria
840 4348 948 4410 divisio
966 4368 1059 4428 penes
1073 4351 1264 4413 naturamin
1288 4350 1385 4431 pretio
1409 4349 1461 4422 sit,

101 4434 241 4513 exemplo
264 4454 339 4516 cape
363 4443 522 4512 extraneo,
553 4445 585 4498 ut
609 4437 745 4515 quamvis
769 4456 862 4498 causa
885 4457 942 4499 non
967 4439 1084 4499 omuino
1113 4439 1237 4518 cognita
1265 4440 1324 4512 sit,
1357 4446 1459 4501 tamen

101 4524 224 4587 occasio
246 4531 362 4605 pateat,
387 4523 512 4586 subinde
536 4525 721 4604 praeclarius
746 4526 783 4586 de
807 4525 853 4586 his
878 4527 1005 4607 quinque
1029 4527 1131 4607 liguris
1154 4528 1358 4599 sentiendi.¹)

191 4610 268 4674 Esto
290 4612 448 4694 proposita
472 4614 546 4676 fides
570 4613 680 4695 aliqua,
704 4613 829 4693 ejusque
853 4633 945 4676 sonus
964 4617 992 4678 Γ
1008 4622 1051 4677 ut.
1084 4615 1183 4695 Igitur
1205 4625 1279 4696 quot
1357 4621 1459 4632 “““’

101 4707 265 4764 occurrunt
283 4719 373 4763 voces
392 4721 412 4763 a
429 4704 457 4765 Γ
474 4720 567 4783 usqne
591 4704 629 4764 ad
653 4711 791 4764 octavam
814 4711 1015 4766 consonantes
1035 4723 1101 4766 curu
1120 4708 1152 4777 Γ,
1175 4704 1276 4778 toties,
1300 4623 1460 4801 ξ

101 4809 159 4853 nec
182 4788 315 4875 saepius,
338 4797 427 4875 potas
450 4791 539 4861 iidem
562 4790 754 4859 rationaliter
776 4791 924 4875 dividere,
948 4793 992 4854 sic
1016 4800 1049 4856 ut
1072 4791 1189 4858 divisae
1211 4793 1278 4855 fidis
1301 4799 1406 4874 partes
1428 4800 1461 4855 at
