3428 5542
703 343 735 396 a
750 343 824 396 aun
842 344 1004 412 satrapas
1358 412 1359 415 q
1450 341 1533 411 ,335

179 500 312 575 effectus,
337 501 465 563 tristitia
479 502 594 577 cordis;
619 511 651 563 et
664 511 762 565 metus
777 513 834 580 est,
860 524 896 566 ue
912 505 1070 582 adolescat
1084 504 1137 565 illa
1151 504 1179 564 iu
1195 503 1387 565 crocodilum.
1435 503 1532 564 Deum

179 608 281 663 exora,
306 598 338 671 ut
364 599 393 651 te
417 599 539 653 tueatur
563 591 601 653 ab
625 592 740 655 artibus
764 592 909 668 Satanae,
935 593 985 674 qui
1008 593 1127 655 vitiosis
1150 588 1329 655 humoribus
1346 593 1425 653 solet
1448 591 1533 654 abuti
1599 644 1616 671 x

181 685 213 740 et
236 679 408 758 hujusmodi
431 679 578 742 bestiolas
602 680 713 756 fovere,
739 681 766 744 si
789 682 866 744 forte
889 683 952 762 per*
967 701 1019 744 eas
1043 682 1176 744 taedium
1191 681 1272 743 vitae
1295 681 1443 743 instillare
1457 698 1533 759 pns-

177 767 219 827 sit
236 768 286 847 pio
310 778 342 829 et
365 768 480 830 afflicto
502 768 625 831 homini.
673 769 769 844 Scito,
793 773 921 833 eandem
943 770 1115 843 bestiolam,
1138 770 1170 832 id
1194 778 1243 831 est
1268 770 1405 831 rosiones
1429 768 1533 831 orificii

178 856 338 919 ventriculi
371 865 402 918 et
424 875 472 918 me
496 857 597 920 fovere
617 859 763 940 jejunum,
788 879 862 940 quas
877 859 982 922 crebro
1008 860 1094 941 ejicio
1119 858 1292 922 ametando.
1339 856 1414 920 Sum
1433 865 1534 919 autem

180 953 215 1007 et
238 964 294 1025 ego
318 946 563 1010 melancholicus.
611 946 778 1029 Conjugem
796 949 876 1012 inter
898 956 984 1011 astra
1006 968 1065 1011 nou
1088 949 1243 1022 invenies3
1267 947 1362 1009 Terra
1378 947 1460 1027 parit
1476 947 1533 1008 hoc

179 1053 275 1115 genus
299 1035 447 1097 animalis.
493 1036 629 1098 Fortuna
652 1039 770 1117 generis
794 1047 843 1100 est
865 1038 1054 1101 vocabulum.
1101 1039 1159 1099 illa
1182 1035 1364 1099 naturaliter
1393 1055 1451 1097 non
1475 1035 1534 1098 nisi

179 1123 275 1186 tribua
300 1123 346 1184 his
370 1123 495 1185 vinculis
521 1128 647 1188 accolo
672 1136 720 1189 est
746 1146 840 1188 nexa:
865 1127 976 1200 animi,
1010 1126 1144 1207 corporis
1168 1126 1303 1207 gratioso
1328 1124 1445 1198 habitu,
1476 1143 1533 1204 qun

183 1212 371 1275 fascinentur
393 1213 430 1285 ii,
462 1230 555 1292 penes
579 1234 654 1294 quos
678 1224 727 1277 est
748 1224 887 1295 potestas
915 1216 1077 1295 ampliandi
1100 1226 1184 1278 tuam
1208 1216 1374 1286 fortunam,
1408 1213 1533 1294 denique

179 1301 268 1381 genio
297 1302 432 1363 tutelari.
479 1301 522 1363 Et
550 1305 620 1381 quia
650 1304 767 1366 animus
791 1305 845 1366 tibi
868 1305 1049 1368 naturaliter
1079 1314 1128 1366 est
1154 1303 1325 1378 subtristis,
1359 1310 1534 1363 contemnes

180 1390 281 1452 omnia
299 1391 400 1466 media
424 1390 562 1453 fortunae
587 1392 826 1472 amplificandae,
852 1414 927 1474 qnae
952 1393 1004 1455 alii
1026 1392 1156 1474 probant
1179 1400 1209 1456 ει
1225 1398 1448 1454 consectantur.
1485 1391 1533 1452 De

179 1479 286 1541 habitu
310 1479 444 1559 corporis
464 1479 528 1558 ipse
547 1481 663 1561 judica.
711 1482 746 1544 Si
777 1502 906 1564 namque
928 1502 1054 1545 menon
1079 1502 1111 1544 es
1135 1480 1337 1561 corpulentior
1360 1489 1392 1542 ει
1414 1480 1535 1561 gravior

179 1570 274 1644 vultu,
299 1587 450 1649 nunquam
473 1568 528 1630 fies
552 1572 665 1632 consul.
714 1572 746 1632 In
771 1590 881 1650 genere
906 1592 990 1634 erras
1014 1591 1080 1634 cum
1103 1571 1235 1634 maxima
1249 1571 1405 1631 doctorum
1428 1569 1534 1631 multi-

180 1656 293 1731 tudine,
318 1657 506 1733 existimaus,
531 1677 550 1718 a
573 1659 657 1720 coelo
682 1660 773 1731 fluere
796 1680 895 1726 rerum
919 1668 1056 1724 eventus.
1102 1660 1182 1722 Illud
1204 1677 1276 1722 vero
1300 1659 1390 1738 plane
1413 1665 1534 1737 praeter

182 1746 279 1806 lucem
303 1746 342 1806 ad
365 1765 420 1807 nos
444 1745 517 1806 nihil
541 1747 689 1822 demittit3
723 1749 823 1811 anima
846 1751 915 1823 (seu
937 1749 1038 1829 potius
1061 1749 1141 1823 vita)
1165 1756 1229 1823 est,
1262 1745 1353 1828 quie,
1387 1752 1531 1809 nascente

180 1834 308 1910 homine,
333 1833 432 1896 influit
454 1834 484 1895 iu
508 1835 586 1897 hanc
610 1837 696 1917 quasi
720 1838 846 1901 formam
870 1839 1022 1901 radiorum
1045 1836 1227 1912 sideralium,
1253 1837 1297 1898 sic
1320 1837 1368 1898 vel
1392 1836 1435 1898 sic
1459 1854 1534 1897 cou-

178 1924 377 2004 figuratomm
412 1923 442 1985 in
473 1933 584 2003 puncto
613 1927 768 1988 nascentis
800 1928 938 1989 hominis.
986 1925 1020 1988 Si
1048 1925 1243 2007 configuratio
1276 1931 1325 1986 est
1351 1924 1534 1997 harmonica,

176 2013 336 2092 pulchram
360 2012 487 2076 formam
511 2014 697 2077 nanciscitur
721 2016 838 2079 animus
862 2017 911 2079 vel
935 2016 1073 2077 animalis
1100 2016 1241 2090 facultas,
1266 2033 1391 2095 eamque
1411 2013 1533 2084 retinet,

179 2121 270 2182 qnam
293 2102 345 2164 diu
369 2111 417 2164 est
439 2103 469 2164 iu
495 2123 630 2184 corpore,
654 2104 785 2166 fabricat
807 2105 899 2184 igitur
913 2112 945 2166 ει
958 2104 1114 2185 pulchrum
1134 2104 1191 2166 sibi
1211 2103 1402 2177 domicilium,
1426 2103 1536 2182 figurat

177 2192 301 2266 vultum,
327 2199 361 2252 ut
384 2212 478 2254 causa
500 2193 649 2273 adjuvans
657 2213 667 2268 ;
692 2193 798 2275 quibus
822 2193 937 2255 duobus
954 2195 1057 2255 fulcris
1073 2192 1134 2255 dixi
1154 2192 1210 2255 uiti
1227 2191 1356 2254 hominis
1372 2191 1533 2266 fortunam,

179 2280 262 2360 quod
284 2282 476 2361 praecipuam
500 2281 566 2361 ejus
590 2283 792 2346 conditionem
824 2283 946 2345 attinet.
992 2282 1072 2344 Nam
1099 2292 1226 2344 eventus
1257 2281 1471 2362 particulares,
1505 2281 1534 2340 in

180 2369 291 2448 quibus
314 2368 369 2430 illa
392 2369 560 2432 consistere
583 2372 712 2448 videtur,
738 2372 860 2434 suntin
885 2379 1039 2453 potestate
1061 2370 1134 2442 Dei,
1168 2379 1199 2432 et
1229 2370 1296 2450 ejus
1329 2370 1478 2451 permissu
1505 2369 1536 2430 in

176 2464 337 2538 potestate
361 2458 441 2538 genii
464 2459 614 2530 tutelaris,
638 2468 670 2523 et
693 2460 836 2524 divinitus
860 2462 1073 2541 gubernantur.
1120 2459 1248 2522 Animus
1271 2478 1357 2531 vero,
1379 2466 1470 2537 prout
1487 2466 1537 2519 est

182 2553 388 2626 comparatus,
412 2547 458 2609 ita
480 2546 518 2609 iis
543 2548 627 2610 novit
650 2549 703 2623 uti,
730 2559 761 2610 ει
784 2550 862 2631 quod
886 2550 965 2611 male
989 2548 1107 2623 cecidit,
1132 2548 1236 2625 lenire,
1261 2556 1314 2609 aut
1342 2548 1434 2608 etiam
1458 2546 1536 2626 quod

183 2635 264 2697 bene
287 2635 407 2710 cecidit,
434 2655 523 2715 aegre
548 2638 705 2717 accipere,
739 2637 839 2718 inique
863 2640 1009 2712 tolerare,
1034 2647 1067 2699 et
1089 2638 1133 2700 sic
1157 2656 1242 2699 suem
1265 2636 1335 2697 inde
1358 2636 1415 2697 sibi
1440 2635 1534 2697 fabri-

181 2742 254 2785 care
275 2724 434 2786 fonunam.
482 2723 612 2787 Genesis
640 2734 694 2788 tua
716 2726 836 2788 videtur
863 2727 918 2789 tibi
942 2747 979 2789 ex
1003 2726 1133 2807 quadam
1156 2726 1257 2807 gratia
1279 2725 1380 2786 vultus
1413 2732 1445 2785 et
1468 2743 1535 2786 mo·

181 2832 257 2885 rum,
283 2820 336 2873 aut
359 2820 441 2874 certe
466 2832 503 2875 cx
526 2815 786 2878 commiseratione
811 2825 843 2878 ει
866 2816 1089 2878 existimatione
1103 2815 1228 2897 pietatis
1251 2813 1387 2895 polliceri
1403 2815 1536 2874 favorem

179 2901 343 2974 homiuum,
368 2901 399 2962 id
423 2910 472 2963 est
494 2904 650 2983 pulchram
675 2905 843 2981 fortunam;
868 2905 945 2986 quia,
970 2914 1005 2967 ut
1019 2906 1097 2967 male
1121 2907 1255 2966 habeant
1278 2902 1380 2978 ceteri,
1406 2910 1535 2964 atcerte
1576 2931 1577 2934 ¹

176 2990 300 3069 Jupiter
321 2988 352 3051 iu
375 2991 474 3052 medio
499 2993 574 3054 coeli
598 3001 672 3069 stat,
697 3003 842 3076 qnantum
865 3014 902 3057 ea
925 2994 982 3069 die,
1009 2995 1066 3057 imo
1091 3013 1126 3056 eo
1143 3012 1230 3066 anno,
1253 2993 1419 3073 pervadere
1438 2992 1538 3072 potuit

179 3078 367 3154 altissimus;
391 3099 461 3142 nam
485 3081 691 3162 capricornum
714 3103 750 3147 eo
775 3103 853 3146 anun
877 3084 987 3160 tenuit,
1022 3085 1140 3163 siguum
1165 3083 1372 3145 humillimum.
1419 3081 1536 3161 Estque

177 3168 383 3248 configuratus
408 3169 521 3230 Veneri
545 3169 710 3250 triangulo:
739 3173 892 3235 invenient
916 3172 1007 3253 igitur
1030 3173 1060 3235 in
1085 3180 1115 3234 te
1141 3170 1268 3234 feminae
1298 3170 1376 3252 quod
1403 3170 1534 3250 placeat,

177 3258 257 3320 unde
282 3257 425 3338 conjicio,
458 3258 569 3320 habere
602 3267 633 3321 ιε
660 3279 750 3339 posse
784 3262 915 3342 aliquam
943 3262 1095 3340 optionem
1123 3261 1203 3324 inter
1228 3263 1323 3323 lectas
1347 3258 1480 3338 virgines
1504 3266 1536 3319 et

177 3355 345 3423 matronas,
370 3346 472 3427 itaque
496 3347 640 3427 possibile
665 3368 742 3423 esse,
767 3358 801 3411 ut
824 3350 898 3411 felix
921 3351 1107 3413 nanciscaris
1131 3349 1310 3430 conjugium.
1356 3349 1402 3409 At
1430 3355 1536 3409 contra

178 3435 234 3498 Sol
257 3435 353 3498 habet
376 3433 541 3498 Saturnum
566 3446 790 3501 antecessorem
815 3439 845 3500 iu
861 3438 961 3502 sextili
976 3440 1096 3514 Martis,
1121 3439 1198 3500 unde
1218 3437 1356 3517 conjicio,
1381 3436 1535 3497 tenemini

176 3525 277 3587 minus
296 3526 428 3605 placere,
453 3543 542 3605 quam
557 3526 612 3587 tibi
627 3525 693 3607 ipsi,
719 3527 797 3589 unde
812 3528 971 3603 timiditas,
997 3530 1096 3591 vultus
1112 3526 1264 3601 demissio,
1288 3534 1322 3587 ut
1337 3544 1395 3587 nou
1410 3525 1534 3597 audeas,

177 3614 249 3690 etsi,
274 3614 392 3694 quando
417 3614 525 3691 audes,
549 3615 676 3678 tristitia
699 3618 817 3680 oculum
839 3625 966 3679 naturae
990 3616 1179 3691 occaecavit,
1212 3623 1245 3678 ut
1268 3613 1427 3694 genuinam
1451 3621 1534 3674 tuam
1572 3670 1575 3677 .

177 3720 241 3764 non
264 3721 425 3783 agnoscas,
449 3704 480 3765 iu
503 3722 634 3783 persona
657 3724 754 3769 erres:
779 3706 858 3786 quod
881 3706 907 3767 si
927 3707 1020 3767 semel
1035 3706 1187 3785 repulsam
1200 3703 1328 3784 patiaris
1353 3702 1447 3781 (quod
1465 3701 1534 3761 novi

177 3790 253 3855 nihil
276 3792 378 3867 habet,
403 3792 461 3855 nisi
485 3800 635 3873 quatenus
658 3794 873 3857 melancholico
897 3794 943 3856 ita
956 3794 1107 3869 videtur),
1126 3794 1191 3873 jam
1211 3811 1299 3873 porro
1315 3789 1447 3853 timidior
1461 3791 1533 3851 red-

179 3881 272 3956 ditus,
297 3881 474 3961 desperabis
498 3883 662 3945 secundam
685 3884 877 3964 interpellare
900 3884 990 3964 paulo
1015 3882 1225 3964 splendidioris
1245 3884 1393 3943 fortunae.
1438 3879 1534 3959 Atqui
1600 3914 1608 3921 ·

176 3970 344 4032 laxandum
368 3978 417 4032 est
439 3978 504 4034 rete
527 3970 636 4032 iterum
660 3979 751 4051 atque
773 3973 892 4048 iterum,
918 3973 977 4034 etsi
991 3993 1051 4035 una
1065 3980 1153 4034 nocte
1173 3970 1246 4034 nihil
1262 3969 1393 4048 ceperis:
1419 3969 1535 4031 animus

177 4059 374 4135 attollendus,
399 4060 551 4120 exuendus
575 4069 743 4122 contemtus
767 4063 819 4135 tui,
845 4061 915 4141 quia
938 4062 965 4124 is
988 4062 1116 4123 vitiosus
1139 4061 1170 4121 in
1194 4069 1224 4122 te
1249 4068 1306 4130 est,
1329 4058 1418 4136 idque
1442 4057 1472 4119 in
1487 4056 1534 4118 his

178 4148 332 4224 externia;
361 4167 431 4210 nam
456 4148 493 4210 de
517 4148 635 4210 actione
665 4169 730 4210 cum
753 4150 819 4211 Deo
843 4152 908 4230 jam
937 4169 995 4211 uon
1024 4152 1137 4231 loquor.
1185 4148 1325 4228 Inprimis
1358 4147 1532 4220 cavendum,

177 4257 217 4301 no
241 4246 273 4301 ιε
298 4256 383 4300 amor
406 4244 557 4313 occaecet,
582 4237 632 4319 qui
657 4238 736 4300 solet
759 4258 826 4300 esse
850 4240 879 4300 in
904 4238 1129 4301 melancholicis
1153 4238 1280 4307 delirus,
1307 4234 1410 4315 etqui
1435 4234 1535 4296 sobrio

172 4327 289 4409 jndicio
313 4327 350 4388 de
374 4325 513 4408 personis
538 4334 570 4388 et
594 4327 817 4390 conditionibus
846 4329 1059 4396 consectandis
1097 4335 1128 4388 et
1151 4327 1271 4407 optione
1302 4325 1442 4386 habenda
1464 4324 1535 4402 plu-

175 4418 284 4480 rimum
306 4424 427 4479 noceat.
475 4414 537 4477 Sed
559 4416 657 4492 video,
683 4425 801 4498 tempus
824 4417 934 4491 abisse,
961 4436 1017 4497 quo
1042 4418 1121 4478 solet
1143 4435 1227 4477 amor
1245 4433 1362 4477 nocere.
1409 4412 1535 4474 Interim

177 4505 298 4569 sextilis
321 4501 342 4584 ij
367 4512 400 4566 et
422 4511 461 4580 0⁸,
483 4501 529 4581 Θ
554 4524 621 4567 cum
644 4502 664 4584 5
688 4507 823 4568 laborem
847 4514 878 4567 et
901 4504 1090 4585 diligentiam
1110 4513 1226 4579 notant,
1251 4509 1414 4583 quaesunt
1436 4501 1536 4564 media

177 4595 219 4658 ad
243 4594 381 4658 fortunae
405 4593 554 4674 quendam
577 4608 758 4657 successum.
805 4597 832 4668 h
859 4590 932 4672 adh
958 4596 1059 4657 veniet
1082 4587 1193 4655 aetatis
1212 4588 1264 4656 56.
1285 4591 1413 4666 circiter,
1439 4587 1479 4666 Θ
1496 4590 1535 4650 ad
1591 4643 1594 4650 .

175 4677 253 4754 [id
275 4682 389 4747 aetatis
412 4679 482 4755 21..
506 4681 546 4743 ad
570 4678 633 4759 slei)
658 4692 689 4745 ει
711 4688 748 4753 Δ
767 4691 793 4754 <5
816 4684 886 4746 anni
906 4681 957 4746 51.
984 4682 1044 4758 53;
1068 4682 1236 4745 ascendens
1260 4681 1298 4743 ad
1313 4674 1348 4745 []
1365 4688 1390 4750 d
1410 4698 1487 4742 auno
1502 4674 1534 4749 8,

176 4773 218 4835 ad
240 4768 311 4850 Ab
336 4779 369 4833 et
391 4776 461 4839 *ὅ
483 4789 510 4832 c.
535 4767 589 4834 29.
614 4767 657 4834 30
681 4774 804 4836 aetatis.
851 4772 913 4836 Sed
936 4772 984 4833 hic
1015 4773 1107 4835 horae
1131 4771 1282 4852 quadrans
1306 4769 1414 4831 vitiose
1442 4787 1533 4848 prae-

179 4860 291 4924 teritus
313 4855 336 4923 l
359 4876 456 4922 annos
479 4859 582 4924 efficit.
628 4859 670 4923 Hi
693 4862 814 4925 fnemnt
835 4861 906 4925 anhi
919 4859 1179 4943 periculosissimi.
1226 4857 1334 4940 Spero,
1357 4858 1389 4920 in
1404 4874 1534 4939 sequen-

229 4961 319 5016 amun
332 4963 402 5014 ΟΜ
414 4963 432 5007 ¹·
1289 4961 1323 5014 25
