3428 5542
697 318 784 364 matra
801 312 900 365 Ursum.
1410 317 1475 385 257
1576 284 1580 292 ⁸

114 486 170 528 uec
197 466 295 546 ipsum
322 474 436 548 potest.
483 468 563 530 Nam
591 469 636 532 sic
664 469 783 550 quidem
812 470 938 550 planeta
965 472 1161 551 retrogradus
1188 472 1288 550 lieret,
1322 483 1356 538 at
1386 477 1476 542 simul

115 553 307 618 latitudinem
339 555 497 636 aequalem
529 557 664 620 efficeret
694 559 959 639 retrogradationi.
1011 560 1077 623 Nee
1109 559 1233 623 tertium
1259 581 1329 624 esse
1360 573 1474 643 potest.

114 643 195 705 Nam
221 643 347 723 planeta
374 644 404 706 in
433 645 528 707 latum
550 645 709 737 veheretur
732 647 777 709 cis
806 655 839 709 et
860 648 942 709 ultra
964 648 1144 728 eclipticam.
1190 649 1226 711 In
1253 649 1300 713 his
1323 652 1476 732 augustiis

115 731 207 794 aliter
229 739 367 795 statuere
390 751 452 795 nou
470 751 606 814 possum,
632 754 721 815 quam
746 735 826 816 quod
849 743 903 797 snt
923 736 1111 799 Aristoteles
1134 736 1174 799 ad
1195 735 1320 804 Eudoxi
1337 739 1476 803 delinea-

115 820 229 882 tiouem
255 820 438 903 respiciens,
472 821 523 902 qui
550 823 662 884 lineam
694 843 732 884 ex
755 824 849 885 Terra
875 842 930 903 per
959 832 1065 887 centra
1088 825 1288 906 epicyolomm
1315 828 1473 906 educebat,

114 908 200 970 illam
226 927 315 971 axem
338 909 486 989 sphaerae
517 929 571 972 seu
594 911 720 993 epicycli
744 911 977 987 existimaverit,
1010 913 1136 993 ideoque
1164 913 1251 994 polos
1274 914 1330 977 illu
1350 921 1473 994 puncta,

115 997 222 1076 quibus
246 997 327 1060 linea
349 997 515 1078 epicyclum
534 1000 675 1074 secabat;
699 1009 752 1062 aut
765 1008 858 1074 certe,
883 1001 953 1080 quia
974 1002 1091 1063 ratione
1107 1001 1209 1080 optica
1231 1003 1294 1063 tale
1309 1005 1473 1084 episphae·

116 1084 181 1147 rion
205 1085 236 1147 in
255 1085 339 1166 justo
363 1085 424 1148 situ
448 1086 486 1149 ad
510 1087 632 1167 planum
656 1087 814 1167 eclipticas
829 1088 905 1151 visui
919 1089 1208 1169 perpendiculariter
1223 1090 1375 1169 objectum
1389 1092 1473 1173 pingi

115 1173 232 1255 nequit,
263 1173 333 1254 quiu
355 1173 417 1253 poli
440 1183 473 1237 et
495 1183 631 1238 centrum
661 1176 795 1256 adeoque
829 1185 912 1239 totus
935 1178 1002 1240 axis
1025 1178 1055 1239 in
1079 1197 1169 1240 unum
1191 1189 1334 1257 puuctum
1357 1180 1472 1244 coinci-

116 1263 200 1337 dant‚
225 1261 291 1342 ipse
316 1263 408 1325 etiam
421 1263 608 1326 Aristoteles
632 1274 737 1327 cenna
760 1274 793 1326 et
814 1265 1103 1345 polos'coninderit,
1127 1285 1193 1328 cum
1211 1266 1338 1339 videret,
1362 1268 1473 1332 lineam

115 1370 154 1412 ex
177 1351 272 1413 Terra
298 1369 354 1432 per
381 1351 507 1434 epieyeli
536 1361 672 1415 eeutmm
700 1361 800 1415 actam
828 1353 858 1415 in
887 1354 1057 1436 eclipticam
1084 1354 1161 1417 duci.
1207 1356 1314 1436 Itaque
1347 1357 1471 1433 factum,

116 1447 150 1501 ut
173 1439 373 1516 existimaret,
398 1451 512 1502 motum
536 1441 685 1520 sphaerae
710 1444 758 1515 (ut
780 1442 808 1503 is
831 1443 997 1524 epicyclum
1021 1442 1170 1522 appellat)
1195 1462 1262 1505 esse
1286 1444 1367 1508 eirea
1389 1445 1476 1509 illam

116 1527 234 1590 lineam
280 1528 473 1590 Necessitate
497 1529 599 1609 itaque
623 1530 726 1592 adacti
749 1530 805 1592 hoc
829 1531 866 1592 de
881 1531 1050 1594 Aristotele
1074 1530 1267 1609 suspicemur,
1293 1540 1325 1595 et
1347 1532 1393 1594 sic
1415 1552 1473 1595 ex-

115 1616 261 1696 plicemus
283 1615 452 1687 Ειιιιοιιιιιιι,
477 1617 585 1679 tertiae
609 1618 760 1698 sphaerae
784 1621 875 1699 (quae
891 1619 1042 1703 epicyclus
1062 1619 1152 1682 suerit
1175 1639 1238 1692 seu,
1264 1627 1299 1681 ut
1310 1620 1474 1684 Aristoteli

114 1706 299 1784 placeamus,
323 1705 560 1785 episphaerium)
584 1715 719 1769 centrum
742 1716 774 1769 et
806 1709 928 1787 planum
955 1706 1085 1769 medium
1115 1707 1145 1769 iu
1169 1708 1290 1786 planum
1313 1709 1474 1788 eclipticas

117 1793 323 1874 competiisse,
356 1801 391 1856 ut
413 1794 510 1857 lineae
534 1814 572 1856 ex
595 1794 691 1858 Terra
712 1813 767 1874 per
790 1806 924 1858 centrum
954 1796 1042 1874 hujus
1066 1795 1192 1876 epieyeli
1216 1796 1330 1876 ejectae
1353 1797 1384 1859 iu
1408 1797 1475 1859 sin·

115 1882 194 1960 gulis
222 1881 356 1962 planetis
385 1881 522 1963 singulae
548 1883 672 1958 fuerint,
707 1885 737 1945 in
768 1883 793 1957 Q
822 1903 893 1945 vero
921 1891 953 1945 et
976 1885 998 1961 ζι
1026 1884 1221 1947 coincideriut
1248 1891 1281 1945 et
1307 1903 1367 1947 una
1393 1885 1477 1948 lines

118 1970 239 2033 fuerint.
287 1969 322 2031 Iu
345 1970 403 2032 hac
425 1990 496 2033 vero
520 1971 612 2033 tertia
635 1971 715 2035 aliud
740 1972 961 2052 episphaerium
975 1973 1069 2034 luisse
1083 1973 1290 2046 constitutum,
1315 1973 1399 2052 cujus
1413 1972 1476 2053 poli

116 2080 135 2119 a
164 2058 243 2138 polis
272 2057 383 2121 tertiae
412 2059 592 2122 declinarint
624 2068 709 2122 tanto
739 2061 854 2140 spatio,
889 2067 1032 2142 quantum
1054 2060 1224 2134 sufficiebat
1253 2060 1474 2125 latitudinibus.

115 2145 159 2208 Et
187 2140 299 2227 quarti
315 2146 436 2228 quidem
463 2156 547 2210 motu
577 2148 608 2209 in
638 2150 853 2228 consequentis
879 2150 1031 2227 planetam
1064 2157 1096 2210 et
1124 2149 1154 2211 iu
1186 2150 1279 2211 latum
1303 2148 1420 2228 digredi
1442 2156 1477 2212 et

117 2236 327 2316 retrogradum
351 2235 381 2297 iu
405 2237 464 2299 imo
489 2236 614 2319 epicycli
637 2237 713 2310 fieri,
747 2237 830 2299 tertii
853 2256 924 2299 vero
948 2246 1030 2299 motu
1054 2235 1085 2298 id
1108 2237 1200 2309 efflei,
1231 2244 1265 2298 ut
1287 2237 1413 2315 planeta
1434 2236 1477 2300 sit

117 2324 147 2385 in
169 2324 303 2406 maxima
325 2323 502 2400 latitudine,
527 2326 593 2405 jam
616 2326 695 2406 apud
719 2324 836 2399 Solem,
860 2325 925 2404 jam
948 2325 978 2387 in
1002 2325 1067 2405 ejus
1091 2325 1245 2405 opposito,
1265 2325 1383 2405 jamin
1406 2333 1475 2388 sta·

23 2479 26 2487 ¹
118 2412 249 2475 tionibus
273 2413 328 2475 dte.

206 2499 350 2582 Sequitur
370 2499 401 2561 in
416 2500 600 2563 Aristotele:
625 2498 793 2580 „Calippus
817 2508 917 2562 autem
941 2498 1122 2581 positionem
1145 2499 1264 2580 quidem
1279 2500 1488 2580 sphaerarum

118 2591 245 2653 eandem
269 2608 335 2652 cum
357 2588 484 2651 Eudoxo
507 2590 618 2669 posuit,
643 2598 706 2650 tum
730 2596 763 2651 et
785 2588 946 2657 intervalla
969 2587 1090 2651 eadem:
1119 2606 1208 2666 porro
1231 2588 1268 2659 ei,
1294 2606 1370 2668 quae
1388 2587 1476 2651 Jovis

118 2687 151 2740 et
182 2697 259 2760 quas
286 2672 426 2750 Saturni,
459 2677 586 2740 eandem
614 2676 810 2756 sphaeramm
841 2676 1062 2739 multitudinem
1095 2675 1326 2755 (quantitatem)
1358 2677 1476 2739 dedit.“

118 2769 153 2829 In
177 2762 198 2846 li
222 2774 255 2828 et
276 2765 306 2841 li
329 2765 449 2846 penitus
473 2766 546 2828 nihil
569 2766 707 2840 mutavit,
731 2785 803 2828 nam
826 2766 1060 2845 inaequalitates
1080 2782 1182 2827 eorum
1204 2783 1298 2827 eausa
1321 2765 1368 2827 sui
1381 2765 1475 2841 orbis,

117 2864 241 2936 propter
258 2855 379 2917 tardum
402 2872 502 2916 eorum
526 2854 664 2930 reditum,
689 2873 745 2916 nec
768 2855 833 2935 ipse
857 2853 986 2933 quidem,
1011 2853 1146 2933 quamvis
1169 2852 1356 2933 professione
1371 2862 1483 2916 astro-¹·

118 2963 234 3019 nemus,
259 2943 500 3016 animaduertere
522 2950 653 3022 poterat.
700 2942 789 3019 „Soli
812 2961 883 3003 vero
907 2950 938 3003 et
956 2942 1062 3003 Lunae
1085 2941 1161 3004 duas
1184 2941 1306 3020 iusuper
1328 2941 1474 3022 adjicien-

118 3033 175 3095 das
198 3030 400 3106 existimavit,
424 3030 451 3092 si
475 3031 541 3109 quis
564 3039 722 3110 praestare
746 3032 850 3105 debet,
875 3049 951 3112 quae
974 3037 1140 3109 apparent:
1165 3029 1288 3110 reliquis
1312 3049 1383 3091 vero
1405 3031 1476 3110 pls*

81 3123 83 3129 ’
118 3121 200 3184 netis
222 3120 380 3201 uuicuique
404 3118 527 3182 unam.“
574 3117 719 3200 Oulippus
743 3139 801 3182 nou
825 3118 1069 3200 philosophomm
1097 3118 1187 3180 alicui
1210 3126 1312 3180 sectae
1337 3118 1478 3181 addictus

118 3211 194 3287 (uon
217 3216 390 3273 recensetur
414 3207 493 3270 enim
516 3228 536 3269 a
557 3208 684 3269 Laertio
708 3208 787 3271 inter
809 3208 1035 3289 philosophos),
1065 3207 1118 3269 sed
1147 3216 1182 3269 ut
1204 3206 1266 3269 dixi
1288 3207 1477 3285 professione

118 3308 326 3373 astronomus,
356 3296 559 3359 astronomica
591 3297 737 3359 tractavit
766 3316 860 3377 eaque
888 3295 1059 3358 accuratius
1088 3314 1176 3375 qnam
1199 3295 1344 3357 Eudoxus
1376 3295 1480 3374 philo-

118 3388 248 3469 sophus,
278 3404 425 3467 quaerens
450 3383 680 3447 concinnitates.
726 3384 954 3447 Animadvertit
980 3383 1072 3464 igitur
1095 3382 1306 3446 observatione
1330 3383 1476 3464 diligenti,

120 3473 177 3554 Θ,
199 3479 240 3550 (a
263 3483 305 3550 d,
329 3473 408 3551 M
441 3472 543 3554 plures
565 3473 664 3535 inesse
687 3473 934 3554 inaequalitates,
960 3491 1048 3553 quam
1060 3471 1180 3535 Eudoxi
1204 3472 1304 3533 ferunt
1325 3471 1479 3552 hypothe-

117 3585 184 3627 ses:
209 3566 343 3627 eam'se.
368 3581 444 3642 quae
468 3570 637 3642 respectum
660 3563 754 3625 hahet
781 3562 819 3624 ad
840 3569 944 3642 partes
966 3561 1092 3636 zodiaci,
1117 3578 1206 3640 quam
1220 3559 1478 3622 eeceutrieitatem

118 3654 255 3716 dicimus.
301 3653 408 3731 ltaque
437 3650 540 3712 orbern
567 3669 657 3713 unum
684 3650 811 3731 siugulis
840 3650 973 3724 addidit,
1002 3647 1052 3729 qui
1082 3656 1179 3711 ntmm
1209 3647 1359 3729 epieyclus
1388 3646 1480 3710 suerit

119 3763 158 3805 au
182 3742 321 3804 deferens
345 3738 544 3801 eceeutrienm
564 3740 736 3820 (utrumque
760 3739 839 3801 enim
861 3737 925 3800 fieri
947 3737 1060 3818 potuit,
1091 3735 1187 3815 magis
1219 3743 1320 3797 tamen
1344 3737 1415 3810 hoe)
1439 3753 1484 3832 ex,

117 3831 166 3894 his
189 3829 289 3893 verbis
312 3827 433 3890 decerni
456 3826 568 3907 nequit.

208 3919 266 3983 llic
294 3916 387 3996 igitur
415 3916 609 3996 incongruam
632 3918 851 3978 Fracastoreus
885 3915 974 3977 affert
1001 3911 1296 3994 interpretationem
1324 3911 1419 3991 primo
1446 3911 1478 3975 in

118 4008 192 4071 Sole
215 4017 249 4070 et
270 4007 369 4079 Luna,
393 4005 447 4080 ait,
472 4004 559 4066 binos
582 4005 721 4084 utrinque
746 4003 867 4065 additos
891 4023 910 4064 a
934 4001 1072 4083 calippo,
1097 4001 1240 4083 quisunt
1263 3999 1382 4081 singuli,
1407 4019 1480 4063 eos·

120 4116 178 4180 que
202 4097 247 4159 sie
270 4100 471 4174 comparatos,
496 4101 530 4155 ut
552 4093 730 4155 tarditatem
753 4100 785 4154 et
807 4092 1012 4166 velocitatem,
1037 4091 1166 4172 quaein
1190 4099 1315 4170 utroque
1339 4096 1478 4169 apparet,

38 4240 44 4254 ,
120 4203 268 4267 quamque
299 4181 450 4264 positione
482 4181 718 4245 eeceutrieitatis
749 4200 804 4243 nos
836 4180 996 4255 efficimus,
1030 4180 1186 4241 inveheret
1217 4178 1413 4240 luminaribus
1447 4185 1480 4240 et

120 4274 241 4337 ordinet
263 4273 409 4353 sphaeras
434 4270 472 4331 ad
495 4271 616 4332 modum
644 4271 903 4332 homoceutrorum
923 4287 1053 4330 snorum.
1102 4265 1197 4338 Quasi
1216 4267 1306 4328 modo
1328 4275 1392 4328 tam
1416 4265 1478 4328 dir-

119 4363 190 4425 ficili
213 4362 325 4427 inerim
346 4359 392 4421 usi
414 4366 545 4433 veteres,
569 4359 654 4439 isque
678 4356 799 4419 silentio
823 4378 842 4418 a
864 4356 1079 4419 recentioribus
1103 4355 1194 4417 fuerit
1217 4356 1364 4434 sepultus.
1410 4354 1477 4416 Va·

119 4471 185 4515 rum
208 4458 267 4526 est,
289 4448 378 4511 orbes
401 4447 457 4510 hos
480 4466 549 4509 esse
572 4454 696 4527 propter
719 4445 986 4519 eeceutrieitatem,
1012 4444 1066 4505 sed
1081 4442 1189 4523 singuli
1213 4442 1372 4516 sufficiunt,
1399 4441 1480 4523 quod
1578 4521 1586 4533 y*

119 4540 240 4604 videtur
268 4539 432 4617 desperare
453 4537 688 4609 Fracastoreus,
720 4534 898 4615 singuline.
924 4532 1050 4615 epieyeli
1078 4539 1131 4593 aut
1158 4531 1272 4594 cireelli
1299 4530 1379 4591 cirea
1403 4549 1476 4592 ceu·

119 4639 210 4705 tmm,
234 4628 261 4691 si
283 4625 373 4689 simul
394 4641 588 4704 progressum
602 4641 805 4703 apogaeornm
824 4622 944 4683 efficere
958 4621 1103 4683 Eudoxus
1117 4619 1222 4683 voluit.
1264 4619 1329 4681 Nec
1348 4618 1385 4679 de
1399 4617 1478 4680 binis
1507 4634 1526 4645 ”

120 4716 267 4798 trinisque
294 4711 474 4779 Aristotelis
501 4713 596 4775 verba
627 4720 748 4775 sonant.
797 4711 914 4773 Deinde
947 4710 1031 4789 illum
1064 4707 1095 4770 in
1122 4708 1231 4770 ceteris
1259 4707 1478 4768 l'racastoreus

118 4813 210 4891 putat
230 4804 378 4878 additum,
400 4808 655 4883 propterearuur
673 4802 712 4864 ab
735 4807 899 4882 aequatura
923 4796 1163 4873 declinationem,
1189 4796 1229 4859 ad
1246 4813 1381 4871 normam
1394 4793 1479 4858 Solia

173 4907 376 4962 ιηιιιιομιιι.
1232 4896 1266 4951 17
