3428 5542
268 333 328 399 {46
773 329 884 391 Mysteril
904 328 1103 394 Cosmossraphici

263 495 428 554 nisoendum,
455 510 507 561 quo
532 491 617 545 stella
640 490 830 561 octangularis
852 491 1039 544 associaretur
1059 489 1203 552 diametro,
1228 489 1279 542 sub
1298 490 1393 543 eodem
1414 488 1493 559 quasi
1512 502 1628 560 geum.

263 574 434 629 reclamante
448 580 560 626 natura.
602 571 689 624 Recte
704 570 791 640 igitur
805 570 917 632 factum,
940 571 1011 639 quod
1026 587 1080 623 non
1096 569 1219 639 acquievi
1235 569 1299 623 huic
1313 567 1511 623 distributioni.

343 646 384 721 w)
405 652 465 704 Hoc
488 652 573 721 plane
587 667 646 704 surn
661 658 773 703 secutus
798 650 824 702 in
849 650 896 703 lib.
913 651 946 703 V.
964 649 1120 702 Hannonie.
1143 651 1190 703 sed
1217 648 1244 702 in
1269 649 1397 703 instituto
1416 648 1534 702 diverso.
1576 645 1632 700 nie

263 733 335 788 enim
359 733 526 802 quaerebam
551 737 640 783 orurm
662 730 865 783 harmoniarum
880 729 1064 799 singularum:
1088 736 1118 782 at
1142 729 1188 782 lib.
1204 730 1238 782 V.
1254 729 1480 782 Harmonicorum
1503 727 1630 781 delectus

263 814 336 867 inter
355 811 414 880 jam
439 818 515 864 ortas
538 817 584 863 est
607 810 758 872 institutus,
784 825 856 878 quae
875 809 1020 863 harmonia
1039 809 1136 877 quibus
1157 809 1287 878 planetis,
1310 823 1365 878 qua
1387 808 1525 862 mediante
1537 808 1632 878 figura

263 892 353 946 solida
367 891 582 944 consociaretur.
626 891 702 943 Cubo
724 890 810 959 igitur
829 889 882 941 etsi
903 907 955 942 non
970 898 1045 943 recte
1066 889 1111 942 hic
1125 888 1289 942 adscribitur
1310 889 1370 958 ipse
1385 894 1462 941 ortus
1476 901 1629 941 consonan-

264 972 321 1026 tiae
345 971 487 1038 diapason,
509 977 584 1023 recte
608 976 700 1022 tamen
725 969 797 1022 dicto
821 968 868 1021 lib.
890 970 921 1022 V.
944 968 1169 1022 Harmonicorum
1193 967 1349 1023 associatur
1372 968 1460 1039 ipsum
1479 967 1631 1037 diapason;

264 1068 318 1106 non
341 1065 428 1103 causa
451 1058 537 1112 ortus,
561 1051 609 1102 sed
633 1064 720 1102 causa
743 1048 958 1101 cohabitationis
983 1048 1054 1101 inter
1077 1048 1208 1116 planetas
1228 1049 1353 1110 eosdem;
1374 1053 1451 1101 recte
1474 1046 1633 1101 associatur

264 1132 402 1192 oetsedro,
425 1133 496 1200 quod
512 1129 573 1182 cubi
589 1128 709 1197 conjunx
724 1135 777 1188 est,
792 1127 977 1196 disdiapason,
1001 1127 1043 1179 cui
1066 1127 1092 1179 in
1107 1127 1267 1182 harmonica
1281 1128 1403 1181 sectione
1422 1127 1559 1180 adhaeret
1571 1124 1632 1178 dia·

266 1218 401 1264 tessaron.
444 1210 513 1262 Vide
535 1208 583 1262 lib.
607 1209 641 1260 V.
663 1223 724 1275 cap.
748 1208 774 1260 9.
797 1223 873 1275 prop.
897 1206 915 1259 8
937 1214 966 1259 et
990 1205 1034 1258 12.

343 1285 377 1352 x)
398 1289 453 1342 Hic
466 1288 565 1342 iterum
581 1287 695 1340 fortuito
710 1284 827 1355 (quippe
849 1285 875 1338 in
891 1285 1080 1355 speculatione
1096 1301 1148 1336 non
1164 1283 1289 1353 propria)
1309 1286 1336 1339 in
1350 1302 1445 1339 rerum
1467 1282 1547 1337 incidi
1562 1296 1632 1353 qua·

264 1371 418 1424 damtenus.
460 1368 530 1422 Nam
545 1383 624 1435 prop.
644 1366 677 1418 15
694 1372 723 1418 et
737 1365 785 1418 27.
810 1364 874 1417 dicti
890 1364 990 1433 capitis
1006 1365 1032 1417 9.
1055 1365 1226 1417 dedeceedrc
1244 1365 1352 1434 quidem
1371 1366 1502 1434 diapente
1517 1361 1632 1434 obtigit,

264 1449 407 1503 ieosatdro
421 1463 487 1500 sero
502 1455 620 1516 utraque
637 1453 788 1507 sextarum,
811 1443 901 1497 tertiis
916 1444 1004 1497 locum
1019 1443 1122 1496 nullum
1136 1460 1198 1496 esse
1213 1446 1349 1513 probatur
1363 1461 1441 1515 prop.
1457 1445 1485 1498 6.

344 1525 375 1598 y)
398 1528 442 1580 De
463 1527 517 1580 hac
538 1525 658 1579 materia
678 1533 723 1577 est
743 1540 819 1577 meus
841 1523 912 1576 liber
932 1524 978 1577 lV.
1000 1523 1233 1576 Harmonicorum.
1547 1558 1556 1567 -

343 1602 374 1674 a)
395 1607 496 1660 Parum
521 1606 624 1674 aliquid
645 1605 671 1657 in
695 1605 747 1656 hac
762 1604 967 1673 comparatione
982 1604 1186 1664 emendandum,
1212 1603 1584 1672 videliu.1v.nsrn.csp.
1602 1602 1631 1657 6.

344 1699 391 1765 aa)
413 1702 592 1771 Nequaquam
617 1717 682 1754 vero
704 1700 821 1752 debilem
846 1699 1022 1768 experientia
1051 1705 1181 1761 testatur,
1216 1701 1263 1753 sed
1294 1700 1435 1754 fortiorem
1461 1716 1547 1771 saepe
1569 1698 1632 1769 ipso

263 1783 353 1846 trino;
380 1798 491 1835 causam
515 1798 550 1834 ex
576 1780 643 1834 meis
667 1778 807 1848 principiis
831 1780 865 1831 do
888 1779 937 1833 lib.
963 1779 1008 1832 Ν.
1034 1780 1127 1832 Harm.

343 1858 393 1924 hh)
417 1861 490 1914 Puta
511 1860 538 1913 iu
552 1859 715 1913 Tetrabiblo
738 1860 772 1911 de
790 1859 954 1930 Astrologia
969 1859 1078 1928 scripto.
1096 1851 1134 1925 ⁰)
1175 1863 1214 1912 At
1229 1859 1256 1913 in
1270 1859 1452 1924 Harmonicis,
1477 1875 1550 1930 quae
1564 1865 1633 1913 tsrnc

263 1944 382 1998 nondum
396 1941 526 2002 videram,
549 1955 662 1992 causam
679 1938 752 1991 hanc
766 1938 867 2008 tangit,
885 1940 932 1991 sed
953 1939 1034 2001 male,
1058 1945 1139 1992 uter
1154 1939 1221 1993 meis
1236 1938 1308 1993 notis
1323 1941 1358 1994 ad
1373 1939 1565 1995 Ptolemaeum
1579 1952 1631 2008 pa·

264 2022 347 2077 tebit:
372 2016 480 2074 ommho
504 2019 575 2073 enim
600 2027 629 2071 et
652 2034 734 2072 unum
755 2025 785 2070 et
799 2018 918 2088 quinque
943 2019 1024 2089 signa
1048 2025 1178 2087 aspectus
1206 2019 1378 2075 constituunt
1400 2019 1538 2082 efficaces,
1560 2033 1632 2089 quos

264 2101 378 2173 appello
403 2099 583 2153 semisextum
608 2106 637 2150 et
658 2097 846 2168 quincuncem.

345 2178 386 2245 cc)
408 2180 469 2234 Hoc
483 2181 518 2233 ad
538 2179 646 2231 literam
662 2178 762 2230 falsum
778 2184 830 2230 est.
873 2177 942 2230 Nam
963 2177 1034 2231 inter
1049 2178 1164 2232 chordas
1182 2180 1193 2231 l
1212 2188 1242 2232 et
1260 2178 1294 2233 12
1311 2187 1355 2234 est
1369 2178 1559 2248 trisdiapasoa
1573 2176 1633 2247 epi·

264 2261 403 2330 diapente,
430 2259 468 2312 sic
491 2259 564 2312 inter
589 2258 704 2312 chordas
722 2256 738 2310 5
754 2265 784 2310 et
802 2255 836 2310 12
861 2263 905 2310 est
928 2257 1013 2310 tertia
1036 2258 1123 2311 minor
1144 2275 1229 2329 supra
1250 2259 1394 2329 diapason.
1436 2257 1520 2313 altus
1544 2256 1635 2328 igitur

264 2339 404 2395 habebam
418 2339 445 2392 in
461 2339 552 2392 animo
567 2355 626 2391 curn
642 2338 712 2390 haec
722 2337 808 2390 rerba
824 2336 978 2398 scriberem,
995 2337 1109 2400 seilicet,
1125 2339 1228 2392 nullam
1244 2356 1306 2392 esse
1320 2339 1469 2392 sectionem
1484 2337 1635 2407 tripliciter

264 2419 459 2481 harmonicam,
484 2435 557 2488 quae
577 2419 745 2487 respondeat
765 2416 840 2470 bisce
864 2416 1041 2470 divisionibus
1061 2417 1163 2481 circuli,
1189 2419 1254 2489 quia
1275 2419 1327 2472 etsi
1346 2420 1370 2472 l.
1390 2417 1439 2481 12,
1456 2418 1522 2472 item
1537 2417 1565 2472 5.
1585 2415 1632 2470 12.

260 2507 419 2561 consonent,
445 2503 475 2552 at
493 2498 605 2552 residua
623 2499 652 2550 ll
672 2498 733 2550 et'l
754 2497 906 2550 abhorrent
927 2497 964 2549 ab
985 2497 1108 2566 utrisque
1128 2499 1260 2553 terminis.
1302 2503 1341 2553 At
1361 2515 1415 2552 non
1437 2514 1501 2551 esse
1516 2497 1634 2551 eandem

260 2580 396 2634 rationem
412 2586 575 2647 aspectuum
599 2594 669 2648 quae
693 2584 738 2629 est
752 2577 1000 2639 consonantiarum,
1025 2578 1108 2629 doceo
1130 2594 1181 2646 per
1203 2585 1289 2632 toturn
1308 2578 1407 2631 librum
1422 2579 1469 2632 lV.
1485 2575 1633 2631 Harmoni-
1685 2599 1694 2608 ·

262 2675 364 2722 corum,
386 2658 536 2727 praecipue
558 2673 618 2726 cap.
642 2658 669 2710 6.

341 2732 390 2805 dd)
411 2737 522 2790 Minime
550 2755 585 2790 cx
616 2738 673 2798 his,
713 2745 743 2788 at
772 2737 842 2789 bene
870 2755 906 2790 ex
934 2736 1030 2807 figmris
1058 2735 1163 2805 planis,
1197 2753 1311 2807 quarum
1338 2753 1392 2791 non
1421 2734 1627 2809 ignobilissima

263 2819 466 2888 dodecagonus.

346 2896 391 2961 ce)
413 2896 474 2949 Hoc
498 2895 575 2948 initio
600 2895 674 2947 facto
699 2895 775 2964 coepi
798 2911 903 2966 augere
927 2911 1067 2948 numerum
1089 2903 1264 2965 aspectuum:
1289 2896 1342 2949 etsi
1361 2897 1434 2951 male
1452 2894 1556 2951 adsciri
1575 2911 1633 2949 ses·

264 2978 407 3048 quadrum,
430 2992 478 3028 seu
493 2976 598 3045 gradem
616 2973 680 3036 135,
701 2975 773 3028 male
788 2976 864 3028 omisi
881 2975 1058 3029 semisextum
1078 2992 1127 3029 seu
1142 2993 1185 3047 gr.
1201 2975 1248 3029 30.
1290 2977 1359 3031 Vide
1374 2994 1459 3048 saepe
1474 2976 1634 3048 allegatum

264 3070 327 3125 cap.
352 3057 379 3110 6.
404 3055 451 3108 lib.
475 3055 521 3107 lv.
546 3055 677 3106 Hormou.

344 3150 375 3217 m
400 3153 528 3206 Frustra:
553 3167 616 3204 nam
639 3151 817 3204 confirmat
802 3151 977 3220 experientia
999 3152 1142 3222 quintilem
1163 3161 1193 3206 et
1212 3153 1397 3224 biquintilem;
1421 3156 1455 3207 de
1479 3148 1634 3224 sesqusdro

264 3231 585 3296 vero,currllem1nus
610 3230 646 3283 sit
670 3230 778 3293 efficax,
804 3246 885 3301 quarn
908 3231 1006 3301 reliqui
1030 3249 1132 3295 omnes,
1158 3249 1260 3288 causae
1285 3234 1332 3288 lib.
1348 3235 1395 3288 1v.
1411 3234 1508 3288 Harm.
1523 3248 1587 3304 cap.
1603 3230 1633 3285 5.

264 3314 412 3367 traduntur
436 3312 520 3382 longe
544 3309 680 3363 diversae.
732 3311 806 3364 Istae
830 3328 895 3363 vero
927 3311 970 3363 bic
993 3313 1148 3366 recensitae
1177 3313 1295 3385 quinque
1319 3331 1422 3369 caum
1456 3321 1522 3368 sunt
1552 3310 1634 3367 nobis

263 3393 362 3446 iterum
384 3392 557 3452 refutandae,
585 3408 619 3442 ue
641 3398 757 3443 teneant
779 3390 923 3460 quintilem
944 3398 974 3443 et
994 3390 1175 3461 biquintilem.

343 3472 414 3526 Nam
430 3472 501 3541 quod
516 3485 628 3523 causam
644 3470 760 3538 primam
775 3469 885 3533 attinet,
911 3470 982 3524 sicut
1001 3488 1060 3525 cum
1076 3472 1148 3525 trino
1164 3472 1273 3526 sextilis
1294 3472 1391 3545 implet
1405 3471 1546 3535 circulum,
1572 3488 1634 3526 οιιι

264 3554 400 3624 quadrato
416 3552 568 3621 quadratus
583 3549 664 3611 alius,
690 3550 729 3602 sic
743 3549 828 3603 etiam
843 3566 902 3603 cum
917 3550 1025 3620 quintili
1049 3552 1189 3615 tridecilis,
1212 3569 1272 3606 cum
1290 3551 1430 3623 biquintili
1443 3551 1549 3615 desilis,
1572 3568 1635 3608 cum

263 3633 414 3702 sesquadro
437 3631 590 3701 sequadrus
612 3628 728 3697 implent
742 3628 948 3691 semicirculum,
975 3648 1024 3683 nec
1044 3631 1172 3700 repudiat
1190 3633 1241 3686 hos
1254 3633 1368 3687 musica.
1410 3632 1472 3687 Non
1486 3638 1532 3686 est
1545 3631 1635 3706 igitur

263 3712 389 3765 efficacia
411 3712 448 3765 ab
470 3711 523 3764 bae
545 3708 748 3779 adaequatione
771 3708 941 3763 semicirculi.

343 3792 470 3845 Secunda
494 3805 580 3843 causa
604 3790 639 3841 ad
662 3805 719 3842 rem
734 3795 792 3842 est:
815 3795 845 3842 at
869 3789 918 3842 illa
939 3806 993 3843 non
1014 3791 1125 3859 penitus
1147 3792 1275 3861 repudiat
1291 3792 1443 3862 quintilem,
1468 3794 1516 3846 sed
1531 3792 1633 3848 solum·

265 3873 342 3922 modo
359 3871 589 3939 imperfectiorem
612 3868 680 3921 lacit
703 3869 773 3922 trino
788 3876 816 3922 et
832 3869 935 3932 sextili,
961 3879 1093 3939 quantum
1108 3873 1214 3940 quidem
1230 3872 1291 3941 ipsa
1306 3873 1404 3942 pollet,
1426 3888 1487 3927 eum
1501 3873 1564 3927 sola
1579 3890 1634 3928 non

263 3948 308 4000 sit.
352 3949 519 4001 lrrationsle
551 3957 644 4001 autent
670 3949 708 4001 sic
731 3965 857 4017 nuncupo
880 3965 939 4001 cum
964 3950 1062 4020 vulgo,
1096 3953 1166 4021 quod
1191 3952 1217 4004 in
1241 3952 1413 4006 Harmonieis
1443 3952 1510 4006 mssri
1533 3952 1636 4008 dicitur

264 4026 413 4080 ineffabile.

343 4107 439 4159 Tertio
459 4122 544 4160 causa
563 4108 691 4161 coincidit
705 4123 764 4159 cunr
780 4107 879 4176 primm
903 4107 988 4160 omnis
1009 4110 1079 4161 eninr
1102 4108 1128 4161 in
1144 4109 1314 4163 semicirculo
1330 4112 1451 4182 angulus
1470 4119 1564 4167 rectm
1578 4120 1633 4166 est.

263 4184 302 4239 Et
315 4184 337 4237 si
360 4186 444 4238 aliter
459 4186 620 4240 informetur
635 4189 704 4240 haec
719 4203 813 4247 causa,
839 4188 909 4256 quod
930 4187 985 4240 bini
1003 4204 1111 4257 semper
1130 4197 1261 4258 aspectus
1276 4189 1399 4245 efficiant
1419 4208 1552 4248 summm
1566 4194 1633 4246 duo·

263 4280 322 4318 rum
345 4274 489 4326 rectorum,
513 4283 582 4318 nunc
603 4267 790 4319 semicirculus
813 4266 911 4319 iterum
932 4276 977 4320 est
997 4284 1090 4321 eorum
1112 4285 1249 4322 mensura.

344 4346 453 4406 Quarta
467 4362 552 4398 causa
568 4346 653 4397 lirtilis
670 4353 721 4406 est,
746 4346 768 4398 si
783 4345 854 4398 enim
870 4346 955 4399 tertia
969 4347 1058 4400 mollis
1074 4348 1135 4400 ideo
1149 4357 1193 4402 est
1206 4351 1402 4418 quodammodo
1416 4351 1552 4421 perfecta,
1568 4352 1634 4423 quia

263 4424 351 4476 utitur
365 4426 461 4476 eadem
477 4424 608 4477 divisione
624 4442 684 4477 cum
699 4425 838 4493 perfectis,
859 4425 917 4478 scil.
934 4427 1113 4487 duodenaria,
1136 4443 1203 4481 sane
1217 4436 1247 4481 et
1261 4428 1357 4482 divisio
1375 4430 1518 4485 vicenaria
1531 4432 1634 4486 conati·

263 4502 351 4555 tuitur
366 4503 525 4570 adjumento
540 4505 746 4573 quaternarias,
772 4512 801 4556 et
815 4507 1005 4575 sexagenaria
1020 4508 1168 4560 ternarias.
1211 4508 1239 4561 Si
1259 4508 1345 4562 tertia
1359 4512 1429 4564 dura
1443 4528 1499 4565 nen
1514 4513 1635 4582 quadrat

263 4584 297 4634 ad
320 4583 525 4644 duodenarium,
542 4584 639 4651 majori
654 4584 809 4644 termino5,
836 4601 902 4637 sane
927 4602 1015 4655 neque
1040 4588 1125 4640 tertia
1147 4589 1238 4640 mollis
1258 4590 1379 4659 quadrat
1401 4591 1436 4643 ad
1455 4590 1633 4652 vicenarium,

263 4660 359 4727 majori
376 4661 533 4716 termiuod.
576 4664 735 4716 Rursum'
713 4682 735 4716 si
757 4663 842 4717 tertia
862 4664 951 4717 mollis
975 4666 1035 4718 ideo
1050 4667 1171 4721 babetur
1190 4685 1240 4737 pro
1260 4669 1394 4738 perfecta,
1417 4669 1485 4761 quia
1497 4680 1544 4725 est
1557 4672 1635 4726 dimi·

262 4740 356 4792 dium
349 4742 434 4810 ipsius
450 4741 590 4811 diapente,
615 4743 704 4813 magis
720 4743 805 4796 tertia
820 4744 890 4797 dura
903 4744 1054 4799 habebitur
1075 4764 1126 4816 pro
1141 4749 1276 4817 perfecta,
1299 4749 1364 4819 quia
1378 4759 1406 4803 et
1422 4749 1485 4820 ipsa
1499 4758 1544 4806 est
1558 4752 1635 4806 dimi·

262 4819 356 4872 diunr'
350 4821 435 4889 ipsius
450 4820 582 4892 diapente
597 4838 733 4893 superans
749 4830 866 4885 tantum,
889 4832 1022 4894 quantum
1037 4827 1124 4881 tertis
1138 4827 1227 4883 mollis
1242 4829 1333 4883 dehcit
1347 4829 1498 4886 adinidio.
1536 4832 1637 4905 ltaque
