3428 5542
766 295 871 363 ouo
886 295 982 349 xvm.
1061 268 1066 275 ’
1503 293 1565 362 reo

208 459 252 521 sit
267 457 348 520 inter
366 474 471 520 verum
492 456 592 519 loonn'r
613 464 647 519 et
668 456 748 521 inter
769 475 846 532 enm,
871 476 958 537 quem
981 445 1116 520 ealcnlns
1137 456 1263 531 indicat,
1286 457 1465 536 differentis,
1489 478 1566 542 qnae
1684 534 1702 552 ,

208 547 358 609 interdum
380 544 412 608 iu
436 544 612 626 quibusdam
637 544 676 607 ad
699 543 720 607 2
743 545 926 624 integrorum
949 546 1095 626 graduum
1122 545 1340 626 longitudinem
1363 547 1566 624 excrescit-⁸)

207 633 296 706 Quod
319 653 387 696 cnm
410 633 455 695 ita
479 633 534 707 sit,
559 634 682 714 expedit
706 633 776 696 mibi
800 634 932 696 nonnihil
956 656 974 696 a
999 634 1158 714 Copernici
1181 636 1313 698 numeris
1336 637 1509 701 discedere:
1534 645 1567 701 et

202 725 269 805 jam
291 742 381 803 porro
405 721 593 802 diligentium
616 723 844 785 observatorum
862 723 975 803 iudicio
998 724 1185 803 relinquitur,
1208 723 1267 787 utri
1289 744 1376 788 ersus
1391 744 1457 788 cum
1481 728 1565 789 coelo

204 811 329 895 propios
351 811 546 885 conveniant,
570 810 628 873 mei
651 831 689 873 en
714 809 924 891 Cupernicsni

295 901 435 962 Alterum
454 906 673 979 argumentum,
698 918 756 981 quo
775 899 961 963 differentiae
980 899 1069 979 hujus
1092 899 1242 979 culpam
1234 920 1264 962 ιιι
1288 901 1372 981 ipsas
1386 902 1566 967 Pmtenices

207 989 369 1064 transiero,
392 988 540 1093 praebent
560 987 634 1051 mihi
657 997 816 1092 suspectae
840 990 1029 1068 planetarum
1043 989 1309 1053 ecoeuuicitates:
1334 991 1412 1071 qnod
1436 1010 1471 1052 eo
1495 1000 1565 1054 ten-

207 1079 273 1151 dit,
304 1086 339 1140 ιιι
366 1077 502 1158 quamvis
530 1096 584 1140 nec
608 1077 665 1139 mei
690 1097 777 1139 arcus
805 1077 925 1139 omnino
955 1076 1085 1158 perlecti
1108 1083 1141 1138 et
1163 1078 1238 1140 certi
1262 1077 1323 1141 sint
1346 1078 1451 1152 (sicuti
1475 1080 1565 1145 lateri

206 1168 314 1246 cogor)
336 1175 439 1228 tamen
462 1165 568 1229 vitium
591 1185 630 1228 ex
652 1166 831 1245 contagione
855 1166 1113 1228 eccentrioitatum
1132 1166 1348 1230 contraxerint.
1381 1166 1416 1230 Si
1429 1181 1566 1249 'corpora

207 1274 298 1336 snper
324 1253 441 1317 mediae
473 1255 663 1335 planetamm
692 1255 856 1317 distantiae
884 1255 1058 1334 superficies
1088 1253 1262 1333 sphaericae
1295 1263 1497 1332 struerentur,
1531 1265 1567 1320 nt

206 1344 313 1406 eadem
336 1342 510 1423 superficies
534 1342 751 1423 circumscripti
770 1344 906 1423 corporis
926 1351 1033 1405 centra
1056 1351 1087 1404 et
1105 1343 1241 1424 inscripti
1260 1345 1387 1424 angulos
1405 1353 1564 1424 tangeret:

206 1441 272 1496 tum
295 1431 368 1494 nibil
390 1431 463 1493 mihi
486 1430 528 1493 rei
552 1440 636 1494 esset
657 1451 724 1494 oum
748 1431 863 1494 orbium
886 1431 1042 1505 crassitie,
1074 1451 1162 1511 qnam
1190 1433 1343 1515 reqnimnt
1365 1433 1433 1495 viae
1457 1434 1564 1512 plane-

207 1531 306 1583 tarum
328 1519 522 1592 eooentricae.
570 1519 645 1582 Cum
670 1529 771 1582 antem
794 1520 868 1582 illnd
890 1520 955 1581 lieri
978 1537 1037 1581 non
1058 1520 1192 1599 potnerit
1207 1523 1242 1596 ε),
1269 1530 1301 1582 et
1322 1522 1453 1584 nondum
1476 1522 1565 1585 simi·

206 1609 278 1672 liter
300 1627 394 1671 causa
416 1607 690 1683 ecceutricitstnm,
716 1618 747 1671 ut
771 1616 803 1669 et
826 1607 1074 1680 differentiarum,
1098 1610 1258 1688 explorata
1281 1609 1335 1684 sit,
1360 1610 1494 1689 oportuit
1516 1629 1565 1675 me

206 1697 323 1760 orbium
349 1696 562 1777 spissitudinee
585 1717 604 1758 a
628 1695 795 1777 Gopemico
820 1705 966 1777 tanquam
988 1703 1089 1759 certas
1113 1698 1256 1760 mutuari:
1281 1717 1356 1777 quas
1380 1706 1566 1760 tamennon

205 1785 395 1849 certissimas
419 1804 487 1848 esse
509 1784 540 1846 in
563 1787 702 1849 confesso
725 1794 783 1847 est.
831 1783 978 1856 Quamvis
1002 1784 1081 1847 enim
1110 1787 1205 1849 omnis
1234 1787 1409 1849 coelestium
1432 1795 1565 1850 motuum

207 1873 335 1937 historia
358 1873 470 1937 lubrico
493 1881 544 1935 est
566 1874 659 1949 adito,
684 1892 738 1954 per
760 1873 916 1936 diutnmas
935 1883 967 1936 et
985 1873 1123 1937 difficiles
1142 1875 1380 1948 observationes,
1403 1874 1565 1958 praecipue

207 1971 310 2026 tarum
334 1963 392 2024 hoc
414 1962 444 2024 in
474 1962 693 2025 constituendis
721 1963 997 2025 eccentrioitatibns
1025 1970 1057 2024 et
1084 1963 1159 2026 locis
1186 1982 1386 2043 apogaeorum
1415 1972 1563 2044 apparet:

207 2050 326 2116 Solaria
349 2051 415 2124 (vel
437 2051 620 2126 Terrestris)
644 2051 855 2114 eccentricitas
875 2052 1004 2114 omnium
1021 2051 1189 2114 rectissime
1203 2053 1315 2115 habere
1329 2054 1470 2124 debebat,
1494 2072 1566 2114 nam

206 2147 241 2204 et
258 2139 440 2202 vicinissime
455 2139 612 2202 stellarum
627 2148 676 2201 est
689 2139 793 2202 Tellus
816 2139 902 2202 nobis
925 2140 1041 2209 incolis,
1065 2148 1097 2202 et
1118 2141 1309 2221 paucioribus
1332 2161 1421 2221 quam
1445 2149 1564 2203 ceterae

207 2227 339 2291 motibus
361 2227 491 2291 vehitur.
507 2226 535 2303 ⁶)
581 2228 616 2290 In
639 2229 748 2290 mundo
771 2247 842 2290 vero
865 2247 919 2308 per
941 2229 1103 2307 interjecta
1130 2248 1258 2310 corpora
1285 2230 1443 2303 struendo,
1473 2247 1565 2308 supra

206 2336 274 2397 cap.
299 2315 348 2379 lb.
373 2316 510 2392 vidimus,
535 2325 679 2398 qnantum
703 2318 812 2379 afferat
833 2324 1017 2380 momentum
1040 2318 1080 2378 sd
1103 2337 1207 2380 omnes
1231 2318 1377 2397 sphaeras
1401 2319 1564 2380 arctandas

207 2413 261 2468 ant
283 2405 431 2467 laxandas
455 2406 548 2468 solius
572 2403 710 2485 dpmrors
725 2406 855 2468 Lunsris
869 2405 1020 2486 appositio
1034 2406 1083 2467 vel
1102 2407 1242 2482 exemtis,
1268 2407 1317 2488 qui
1341 2407 1430 2468 valde
1454 2406 1564 2485 exigua

207 2493 395 2576 portiuncula
418 2493 586 2556 Terrestris
608 2493 690 2556 orbis
719 2494 889 2556 crassitiem
911 2494 1041 2557 excedit.
1086 2495 1144 2557 Hic
1177 2496 1268 2575 igitur
1301 2497 1399 2570 orbis,
1415 2498 1442 2568 0)
1476 2512 1564 2574 quem

206 2583 375 2646 certissime
394 2583 560 2645 dimensum
581 2582 691 2645 habere
712 2582 873 2663 oportebat
895 2592 929 2644 et
951 2602 1039 2664 posse
1063 2583 1226 2646 verisimile
1249 2592 1326 2658 erat,
1350 2584 1408 2658 hic,
1433 2584 1564 2662 inquam,

207 2671 285 2743 vide,
307 2671 338 2732 in
361 2681 475 2749 quanta
497 2678 635 2733 versetur
658 2670 837 2734 difficultate
861 2673 940 2752 apud
956 2671 1163 2751 Copernicnm,
1188 2672 1237 2752 qni
1259 2672 1324 2750 ipse
1349 2673 1400 2735 lib.
1417 2673 1473 2735 ΠΙ.
1497 2671 1564 2734 Re·
1626 2699 1630 2706 ·

205 2760 265 2822 vol.
286 2777 351 2838 cap.
367 2755 419 2823 20.
435 2759 576 2840 queritur,
593 2760 692 2841 ,quod
709 2780 763 2841 per
779 2760 901 2823 minima
915 2761 1062 2842 quaedam
1076 2768 1108 2821 et
1121 2760 1172 2822 vix
1186 2760 1440 2841 apprehensibilis
1453 2778 1564 2838 magna

205 2848 380 2910 ratiocinari
410 2866 566 2928 cogemur,
600 2850 678 2929 quod
706 2849 856 2911 interdum
884 2850 939 2911 snb
968 2868 1026 2911 uno
1054 2847 1240 2910 diversitatis
1263 2849 1402 2929 scrupulo
1426 2844 1445 2909 5
1469 2843 1563 2911 velli

205 2936 318 3017 gradus
336 2944 540 3017 praetereant,
565 2945 597 2999 et
610 2937 745 3000 modicus
759 2956 841 2998 error
861 2937 891 2999 in
910 2938 1085 2999 immensum
1099 2955 1167 2998 sese
1182 2937 1402 3017 propaget.“¹)
1439 2934 1563 3007 Quanto

204 3025 293 3106 pejus
316 3025 408 3104 igitur
430 3025 585 3088 habebunt
608 3025 820 3106 spissitudinee
843 3026 960 3088 orbium
983 3033 1015 3089 st
1044 3025 1237 3089 remotiorum
1266 3046 1286 3087 s
1311 3025 1417 3101 nobis,
1450 3033 1482 3086 et
1513 3023 1563 3104 qni

204 3113 339 3194 pluribus
362 3122 495 3175 motuum
518 3114 718 3177 varietatibus
741 3122 812 3176 sunt
834 3115 965 3177 obnoxii.
1013 3114 1102 3187 Quod
1131 3113 1157 3175 si
1186 3121 1239 3176 aut
1267 3115 1384 3178 orbium
1412 3114 1465 3177 ille
1487 3132 1563 3193 πηχη

205 3201 373 3264 certissime
397 3203 572 3282 explorata,
606 3212 660 3265 ant
682 3222 792 3265 causae
816 3204 926 3265 saltem
948 3203 1120 3284 probabiles
1147 3204 1321 3281 patefactae
1350 3203 1480 3276 suerint,
1510 3219 1562 3263 cur

204 3299 294 3353 tanta
314 3289 442 3370 siugulis
465 3291 614 3354 attributa
636 3291 698 3353 sint
721 3289 929 3364 sconditum,
954 3301 1017 3354 tum
1041 3310 1096 3370 ego
1121 3292 1254 3371 spondeo
1278 3312 1326 3355 me
1349 3293 1562 3371 producturum

205 3399 243 3441 ex
265 3380 313 3441 his
337 3380 511 3460 corporibus
535 3400 624 3443 arens
647 3399 700 3460 per
724 3380 824 3441 omnia
846 3380 978 3442 motibus
993 3398 1151 3442 consonos.
1166 3382 1195 3455 ⁸)
1232 3380 1284 3442 Sic
1308 3381 1386 3442 enim
1410 3377 1561 3449 existimo,

205 3467 346 3548 quiequid
369 3468 539 3546 posthanc
562 3469 786 3548 proportionem
816 3469 968 3531 coelorum
995 3469 1149 3530 inventam
1177 3469 1274 3554 adhuc
1305 3467 1470 3548 impediat,
1504 3484 1561 3546 qno

205 3556 302 3619 minus
326 3557 365 3618 sd
383 3565 524 3619 exsotsm
543 3566 676 3620 motuum
690 3556 890 3636 cognitionem
904 3557 1058 3630 veniatur3
1082 3557 1112 3618 id
1136 3576 1223 3619 omne
1247 3557 1278 3618 in
1302 3555 1562 3619 eccentricitatnm

205 3645 281 3707 vitia
308 3644 581 3720 conferendumtl)
614 3645 720 3726 quibus
753 3645 892 3719 sublatis,
924 3664 1033 3725 magno
1065 3646 1238 3723 adjumento
1268 3643 1431 3706 artificibus
1460 3643 1561 3704 sutura

203 3742 277 3815 puto
302 3733 399 3795 solida
421 3734 497 3797 haec
520 3734 647 3815 quinque
672 3735 711 3795 ad
732 3734 948 3797 correctionem
966 3740 1108 3806 motuum,
1132 3752 1220 3813 qnam
1243 3732 1357 3812 passim
1377 3729 1562 3818 meditantur

202 3842 262 3886 uon
285 3822 373 3902 pansi
408 3820 443 3897 ¹).
1007 3844 1011 3856 ·

294 3911 337 3973 Ut
359 3912 416 3973 hoc
438 3911 682 3990 illis‘spondeam
700 3912 737 3972 de
759 3909 1035 3973 eccentrioitatibns
1058 3910 1152 3974 movit
1175 3929 1221 3972 me
1245 3917 1277 3970 et
1298 3909 1365 3983 hoc,
1389 3905 1469 3986 qnod
1491 3904 1562 3967 ubi-

203 4019 260 4079 que
284 4000 322 4061 de
350 3998 457 4062 minori
483 4000 650 4079 particula,
685 4019 774 4079 quam
804 4009 852 4062 est
878 4022 969 4082 πηχος
1000 3999 1080 4062 orbis
1103 4000 1254 4078 integrum
1276 3994 1519 4060 controvertitur.
1530 3993 1560 4066 ¹¹)

202 4087 294 4168 Eripe
318 4107 446 4168 namque
470 4089 606 4151 omnibus
630 4107 685 4149 ser
708 4087 830 4150 orbibus
853 4107 908 4150 sna
929 4110 1004 4170 πηχη
1026 4097 1109 4164 nota,
1133 4097 1187 4150 aut
1209 4088 1299 4167 dupla
1321 4085 1447 4165 singulis
1470 4082 1563 4146 attri-

131 4211 148 4226 ,
202 4177 280 4241 bne:
305 4176 422 4240 videbis
436 4177 577 4240 mnndum
591 4185 623 4239 et
640 4180 919 4256 προσθαφωρισιις
942 4196 1045 4240 omnes
1068 4178 1096 4239 in
1120 4176 1298 4239 immensum
1320 4174 1382 4238 illic
1406 4171 1560 4234 considere

202 4274 235 4329 et
268 4267 390 4346 angori,
424 4264 472 4328 hic
504 4264 632 4328 distrahi
665 4276 697 4327 et
724 4266 866 4328 deminui.
912 4266 957 4328 Ut
978 4264 1022 4327 ita
1045 4266 1160 4328 veritas
1182 4266 1261 4326 inter
1288 4264 1360 4326 nihil
1384 4269 1416 4323 et
1439 4261 1561 4340 dnplurn

202 4354 362 4429 consistat,
386 4372 482 4433 neque
506 4355 698 4416 metuendum
721 4354 776 4428 sit,
801 4375 837 4417 ne
861 4354 981 4417 nimiam
1005 4353 1252 4417 habest‘artifex
1274 4350 1426 4415 licentiam
1450 4367 1560 4410 eccen-

202 4442 356 4505 trioitstes
378 4443 529 4516 mutandi,
553 4443 579 4503 si
603 4442 668 4523 quis
692 4442 761 4504 illas
786 4443 832 4504 his
856 4444 958 4522 figuris
982 4452 1088 4523 aptare
1113 4450 1246 4505 conetur.
1294 4441 1394 4519 Atque
1419 4436 1462 4498 sic
1485 4435 1560 4498 hseo

201 4532 303 4594 alters
333 4528 412 4593 ratio
444 4539 511 4606 est,
545 4550 621 4611 quae
653 4551 701 4593 me
730 4532 766 4592 de
795 4532 946 4593 discordia
975 4532 1054 4593 inter
1076 4550 1160 4594 meos
1183 4538 1216 4592 et
1238 4525 1396 4608 Gopernici
1419 4543 1560 4587 numeros

201 4639 346 4683 excusare
369 4627 482 4700 potest.

290 4707 427 4772 Tertiam
450 4707 522 4770 mihi
544 4706 722 4798 praebent'
714 4706 773 4787 rpsi
795 4709 909 4770 numeri
932 4707 1160 4770 Prutenicarum
1183 4704 1345 4766 etiamnum
1368 4700 1480 4775 crassi,
1504 4719 1560 4762 neo

204 4797 247 4858 its
274 4796 430 4880 expressi,
463 4804 498 4859 nt
524 4815 583 4859 non
610 4796 709 4877 possit
736 4797 896 4879 aliquando
923 4796 1003 4858 bona
1027 4814 1094 4857 cum
1117 4794 1205 4856 venia
1227 4793 1275 4854 vel
1299 4790 1425 4854 semisse
1448 4747 1560 4870 giadus
