3428 5542
708 325 739 374 de
758 324 829 373 rebus
848 323 1009 388 astrologicis.
1298 356 1306 366 .
1472 320 1536 388 349
1615 360 1627 369 ,

180 482 315 549 qualitates
334 481 426 546 aliquid
444 482 511 532 aliud
530 482 562 532 ad
581 497 626 532 nos
644 480 790 541 redundare,
811 481 848 532 rel
867 484 889 532 si
906 481 964 548 quid
981 483 1118 546 proveniat,
1136 481 1163 530 id
1180 480 1252 538 lucis,
1271 480 1310 531 rel
1322 482 1429 531 maxime
1450 481 1537 533 caloris

180 553 299 604 beneflcio
318 552 351 603 ad
369 568 414 603 uos
432 555 580 620 pertingere.
618 553 774 619 astrologica
798 568 854 603 vero
874 555 1026 618 experientia
1044 558 1166 609 testatur,
1193 551 1308 614 planetas
1327 552 1371 602 sub
1390 553 1468 603 Terra
1486 553 1555 603 exi·'

180 628 288 681 smutea,
308 639 381 688 quum
399 639 446 674 uec
463 625 547 675 lumen
565 639 612 675 uec
631 625 739 675 calorem
757 639 828 675 suum
847 624 880 674 ad
898 639 942 673 nos
961 624 1103 682 demittant,
1122 622 1223 673 vitalem
1237 629 1263 671 et
1275 623 1447 673 abscissoriam
1465 638 1536 674 suam

180 698 303 752 virtutem,
321 702 394 745 utet
412 696 472 745 alios
492 696 595 747 aflectus
615 710 735 746 exercere.
774 695 888 759 Sequitur
898 697 982 760 igitur,
1001 701 1027 744 et
1044 701 1143 759 praeter
1160 695 1240 743 luceru
1259 700 1286 742 et
1298 694 1407 743 calorem
1419 695 1538 744 astralenr

180 766 244 816 Solis
263 766 347 816 stellae
367 768 443 817 etiam
462 766 523 816 alias
541 770 644 816 uirtutes
662 766 773 823 habere,
801 780 865 830 quae
890 780 938 816 nec
962 765 1011 816 luci
1038 781 1084 817 nec
1109 766 1184 815 calori
1212 765 1309 814 illarum
1330 773 1388 814 sunt
1407 765 1535 831 alligatae.

180 837 322 899 Quaeritur,
340 853 399 887 num
417 837 483 887 solus
502 838 569 888 calor
588 838 652 889 Solis
671 837 780 888 vivificus
799 845 868 887 motu
886 852 930 885 suo
950 851 1032 888 annuo
1051 839 1135 886 omnia
1152 843 1259 900 vegetet,
1279 835 1336 900 quid
1353 836 1429 900 igitur
1448 837 1536 886 stellae

179 915 259 975 agant
278 909 310 959 ad
329 916 466 959 ceterarum
484 925 564 958 rernm
584 907 814 959 conservationem?
850 906 962 959 Necesse
980 909 1035 966 erit,
1054 907 1102 957 illia
1121 907 1197 957 aliam
1215 908 1296 955 inesse
1315 908 1363 955 rim
1383 913 1409 956 et
1428 909 1536 957 animam

179 980 297 1030 malem
316 980 447 1036 occultam,
467 995 540 1045 qnam
558 980 733 1030 insensibiliter
746 980 929 1030 communicant
940 979 1012 1029 rebus
1025 981 1122 1030 creatis.
1150 976 1213 1027 Solis
1227 984 1327 1027 externo
1350 978 1432 1027 calore
1454 981 1537 1028 omnia

179 1058 341 1117 vegetantur;
368 1052 447 1115 quisi
466 1067 515 1100 uon
534 1053 696 1115 percipiatur,
716 1050 775 1099 nibil
795 1050 863 1100 calor
880 1052 991 1101 internus
1010 1057 1036 1099 et
1054 1050 1165 1100 occultus
1183 1050 1265 1114 facere
1284 1055 1378 1112 potest;
1406 1051 1443 1098 sic
1461 1056 1488 1099 et
1506 1048 1537 1098 de

178 1123 257 1172 stellis
272 1122 443 1184 judicandum,
464 1128 490 1172 et
508 1136 554 1172 eae
573 1128 701 1171 externum
720 1123 827 1172 calorem
846 1137 895 1171 non
913 1121 1016 1179 habent,
1036 1136 1094 1188 ergo
1113 1135 1160 1171 nec
1179 1121 1228 1168 rim
1245 1119 1385 1169 vivificandi
1398 1119 1450 1170 Soli
1469 1135 1535 1170 com·

179 1208 296 1247 munem,
327 1207 431 1243 necesse
450 1199 489 1243 est
506 1195 598 1259 igitur,
630 1193 742 1245 occultas
759 1192 807 1242 illis
830 1195 911 1243 inesse
930 1195 993 1242 vires
1016 1199 1042 1242 et
1059 1193 1230 1247 influentiam,
1262 1205 1335 1254 quam
1355 1193 1537 1242 communicent

178 1266 279 1315 creatis.
315 1264 380 1329 Ergo
399 1264 487 1314 falsum
506 1265 561 1320 hoc,
580 1264 666 1315 stellas
684 1264 739 1315 lnce
759 1270 785 1313 et
802 1271 872 1314 motu
890 1278 964 1330 agere
984 1264 1071 1321 solum,
1090 1263 1159 1313 nulla
1178 1263 1229 1313 ulia
1247 1263 1352 1312 ratione.

267 1387 470 1468 Keplerus:
502 1389 548 1449 An
574 1389 657 1449 calor
681 1396 712 1448 ct
736 1389 786 1449 lux
806 1386 848 1449 sit
869 1385 1037 1448 vehiculum
1054 1386 1196 1447 virtutum
1211 1386 1403 1447 sideralium?
1426 1386 1533 1448 Nonne

179 1476 280 1538 omnia
304 1476 517 1538 dilucidissime
541 1477 667 1539 distinxi
691 1476 719 1537 in
745 1475 966 1537 fundamentis?
1013 1475 1057 1535 Τιι
1081 1493 1153 1536 vero
1176 1474 1247 1536 mibi
1272 1475 1424 1554 negotium
1447 1475 1535 1537 exhi-

178 1565 233 1627 bes
257 1585 314 1626 non
338 1567 550 1628 necessarium.
597 1563 754 1635 Quatenus
782 1564 833 1625 lux
866 1572 913 1625 est
945 1563 1113 1626 vehiculum
1145 1563 1282 1637 illarum,
1320 1583 1377 1624 non
1405 1574 1475 1626 sunt
1506 1564 1536 1625 iu

178 1672 289 1732 magna
312 1654 461 1715 varietate
485 1655 532 1716 rel
556 1653 775 1715 inconstantia:
808 1672 884 1733 qnae
908 1672 978 1714 vero
1002 1652 1031 1713 in
1056 1653 1121 1714 dies
1144 1659 1311 1727 mutantur,
1336 1671 1442 1732 nempe
1467 1653 1534 1733 ple-

177 1761 271 1822 raque
296 1761 406 1817 eorum,
432 1744 725 1822 qnae'considerant
739 1742 894 1821 astrologi,
921 1749 991 1802 sunt
1014 1759 1105 1821 opera
1124 1741 1362 1814 mustellarum,
1389 1741 1442 1802 sed
1462 1741 1535 1803 sub·

177 1832 325 1893 lunarium
350 1833 502 1905 mentium,
527 1852 603 1912 quae
628 1830 802 1909 corporibus
826 1831 1016 1909 praesident,
1040 1837 1071 1892 et
1094 1839 1243 1892 astrorum
1267 1829 1377 1891 sitibus
1401 1831 1535 1910 conligu-

176 1920 404 1999 rstionibusque
430 1921 539 1983 mutuis
563 1928 720 1982 moventur
744 1929 778 1981 nt
801 1919 939 1998 objectis.
985 1920 1050 1982 Nec
1066 1917 1216 1980 Saturnus
1240 1927 1289 1980 cet
1311 1919 1466 1980 abscissor
1480 1939 1537 1979 sua

178 2018 297 2083 natura,
323 2010 378 2068 sed
399 2010 614 2088 imaginatione
639 2008 794 2069 facultatis
810 2008 912 2071 vitalis
936 2009 964 2069 in
981 2017 1051 2068 nato
1076 2008 1203 2082 homine,
1229 2026 1305 2088 quae
1330 2008 1535 2069 characterem

179 2098 343 2159 coelestem
367 2097 395 2157 in
422 2117 489 2158 esse
513 2108 546 2160 et
568 2098 630 2159 lieri
655 2097 771 2171 (radice
796 2106 827 2157 et
849 2096 1030 2169 directione)
1059 2096 1088 2157 in
1112 2116 1145 2158 se
1169 2097 1319 2176 suscepit,
1349 2115 1473 2177 eumque
1497 2097 1535 2157 ad
1621 2130 1624 2136 ,

178 2187 267 2248 finem
291 2187 373 2247 vitae
397 2187 587 2249 circumfert:
613 2204 670 2246 non
695 2186 832 2258 otiosum,
859 2187 912 2246 sed
936 2187 1033 2246 instar
1057 2185 1166 2264 objecti
1191 2186 1326 2254 alterius,
1352 2186 1389 2246 ad
1409 2204 1535 2246 manen·

178 2284 240 2337 tem
270 2283 302 2335 et
330 2275 588 2354 praescribentem
621 2275 851 2335 commotionum
883 2274 1020 2334 vitalium
1050 2273 1231 2335 naturalium
1256 2273 1427 2334 animalium
1453 2275 1536 2353 leges
1628 2290 1630 2294 ·

178 2372 213 2424 et
233 2362 440 2438 incitamenta,
466 2383 541 2444 quae
566 2362 716 2437 eveniunt,
742 2370 773 2423 et
796 2363 825 2424 in
850 2381 924 2442 opus
938 2363 1087 2441 prodeunt
1102 2362 1277 2424 salutariter
1296 2363 1343 2422 vel
1358 2363 1534 2442 perniciose,

177 2447 233 2532 pro
257 2453 395 2530 subjecta
419 2454 547 2515 materia
570 2461 602 2514 et
625 2452 859 2514 circumstantiis
884 2452 1024 2520 locorum,
1048 2459 1225 2532 temporum,
1251 2451 1351 2512 dietae
1371 2459 1427 2512 etr.
1469 2452 1535 2514 Ne-

177 2560 236 2620 que
260 2539 343 2602 c'oelo
368 2541 495 2603 virtutes
520 2542 654 2603 occultas
678 2548 710 2600 et
734 2540 971 2615 irrationabiles,
1005 2541 1059 2601 sed
1092 2539 1212 2600 animae
1242 2540 1342 2619 potius
1374 2540 1535 2602 facultates
1620 2583 1629 2596 .

177 2631 319 2691 sensibus
343 2649 401 2691 uon
426 2638 545 2692 utentes
569 2630 676 2704 tribuo,
701 2648 759 2690 non
784 2649 862 2690 nova
885 2630 997 2708 specie,
1022 2629 1121 2690 sciunt
1145 2629 1340 2690 enimomnes
1364 2629 1401 2689 de
1422 2629 1535 2690 forma-

177 2718 246 2787 trici
281 2718 443 2803 facultate,
488 2739 563 2800 quae
596 2738 654 2780 non
684 2736 721 2779 ex
753 2719 940 2799 praescripto
968 2725 1070 2780 tactus
1101 2737 1157 2779 sua
1192 2718 1294 2779 munia
1333 2717 1535 2787 administrat,

177 2793 273 2868 mulfo
297 2808 394 2869 minus
419 2827 456 2868 ex
481 2809 607 2870 aliorum
631 2826 787 2881 sensnum,
822 2808 876 2868 sed
901 2827 938 2868 ex
967 2807 1073 2868 intima
1096 2807 1213 2868 ratione
1241 2806 1310 2867 inde
1340 2827 1359 2867 a
1382 2806 1535 2869 creatione

177 2896 237 2957 sibi
262 2896 490 2958 communicata.
526 2896 614 2967 Quod
639 2897 666 2957 si
689 2915 780 2957 sensu
804 2897 907 2971 utitur,
932 2904 965 2958 nt
980 2895 1139 2957 formatrix
1162 2895 1192 2957 in
1207 2896 1302 2957 Terra
1317 2915 1408 2957 sensu
1423 2915 1534 2970 eornm,

178 3003 257 3066 quae
290 2993 360 3046 sunt
392 2986 429 3046 de
453 2982 608 3066 praesenti
640 2986 669 3046 in
701 2985 824 3061 mundo,
859 2985 929 3047 dum
960 2985 990 3045 in
1014 2985 1220 3047 subterraneis
1249 2985 1373 3064 effugiet
1396 2985 1537 3046 sensibus

177 3073 345 3149 hominum;
384 3083 418 3136 ut
449 3075 606 3136 formatrix
638 3074 745 3135 matris
783 3094 873 3136 sensu
902 3082 1058 3147 astrorum,
1083 3075 1271 3136 redeuntium
1302 3075 1341 3136 ad
1365 3076 1457 3137 situm
1480 3093 1535 3136 suo

177 3163 318 3238 similem,
343 3165 474 3249 certeis
499 3183 605 3225 sensus
630 3183 688 3242 non
712 3182 749 3224 ex
772 3164 964 3244 vulgatorum
988 3163 1115 3243 quinque
1139 3182 1260 3225 numero
1285 3162 1354 3225 erit.

269 3267 333 3331 Soli
359 3269 494 3348 equidem
518 3268 693 3348 potissimas
718 3269 816 3331 tribuo
841 3269 870 3330 in
887 3270 1065 3343 actionibus,
1090 3288 1167 3349 quae
1191 3276 1264 3331 sunt
1285 3269 1536 3349 stellispropriae

179 3366 211 3420 et
234 3359 393 3438 genuinae.
440 3359 484 3419 At
508 3357 538 3418 in
562 3358 619 3419 hac
643 3359 759 3419 ratione
783 3359 901 3444 objecti·
924 3368 954 3419 et
978 3357 1145 3419 animorum
1179 3359 1272 3419 ceteri
1295 3359 1437 3437 planetae
1461 3377 1536 3440 pene
1626 3422 1630 3426 ,

176 3449 243 3528 pari
266 3467 359 3527 passu
383 3467 449 3509 cum
474 3445 545 3508 Sole
570 3447 733 3520 ambulant,
758 3455 793 3509 ιιι
815 3448 912 3527 majus
937 3448 977 3509 sit
1001 3456 1182 3508 momentum
1205 3448 1234 3507 in
1260 3443 1366 3524 &bl-l,
1393 3467 1481 3527 quam
1506 3447 1535 3507 in

178 3533 309 3614 όΘόῚ
345 3538 413 3616 quia
437 3536 513 3614 conj.
540 3545 588 3596 est
610 3536 791 3597 modificatio
816 3537 984 3615 objectiva,
1009 3537 1108 3597 nitens
1133 3553 1191 3596 non
1216 3545 1323 3597 natura
1346 3537 1535 3613 planetarum

178 3627 352 3699 relatorum,
379 3626 432 3686 sed
457 3625 671 3704 imaginatione
696 3625 881 3704 geometrico
905 3626 1064 3696 mentium,
1091 3643 1166 3704 quae
1190 3624 1365 3703 praesident
1387 3624 1535 3706 patienti-

179 3715 237 3777 bus
262 3714 445 3794 corporibus.
492 3714 577 3774 Haec
602 3714 715 3776 centies
740 3714 768 3774 in
795 3713 889 3775 literis
914 3714 953 3775 ad
978 3715 1020 3774 Te
1045 3714 1178 3775 invenies
1202 3713 1362 3774 inculcata.

250 3855 437 3904 Fabricius:
462 3853 520 3905 Jam
539 3854 571 3904 ad
591 3853 648 3903 alia.
683 3854 805 3912 Concedo,
824 3855 974 3906 Mercurium
992 3868 1053 3918 prae
1071 3854 1127 3904 aliis
1145 3856 1170 3904 in
1188 3869 1232 3903 suo
1250 3861 1320 3905 motu
1333 3868 1387 3905 esse
1405 3855 1534 3904 incertum.

177 3926 251 3976 Facit
273 3926 320 3976 hoc
344 3941 374 3975 ex
391 3932 462 3989 parte
486 3925 631 3974 observandi
650 3927 853 3984 incommoditas,
880 3927 1038 3976 latitudinum
1056 3927 1184 3990 implicata
1202 3927 1309 3974 sanetas
1329 3923 1374 3975 (ac.
1411 3925 1536 3975 Videntur

178 4004 264 4048 autem
283 4002 334 4046 tres
352 3997 510 4045 latitudinum
529 3997 624 4059 species
643 3998 675 4046 ad
695 3996 756 4047 duas
776 3996 921 4059 (ueletiam
938 4011 1015 4047 unam
1033 3999 1059 4046 in
1071 3993 1183 4056 Venere)
1205 3996 1333 4047 commode
1352 3996 1436 4048 reduci
1448 4010 1536 4060 porse;

176 4071 204 4118 in
222 4068 377 4133 longitudine
396 4082 491 4131 quoquo
510 4066 646 4117 faciliorem
664 4070 729 4118 uam
754 4071 857 4119 inveniri
875 4084 946 4132 posse
965 4084 1014 4118 nou
1029 4068 1125 4118 dubito.
1164 4068 1226 4116 Cum
1245 4069 1344 4117 reflexio
1363 4074 1390 4118 et
1407 4069 1536 4118 inclinatio

179 4140 285 4204 epicycli
304 4139 442 4202 aequaliter
460 4138 498 4187 vel
516 4140 730 4202 proportionaliter
748 4148 864 4191 crescant
882 4148 908 4190 et
925 4141 1086 4196 decrescant,
1112 4139 1187 4190 facile
1204 4145 1289 4203 patet,
1315 4155 1392 4190 uuam
1410 4141 1536 4204 utriusque

178 4224 282 4262 canaam
302 4225 365 4259 esse.
401 4209 548 4274 Imagineris
567 4211 610 4258 tibi
630 4211 766 4274 epicyclum
785 4211 901 4262 Mercurii
927 4210 1004 4272 (more
1024 4211 1177 4260 Ptolemaiou
1196 4211 1235 4260 vel
1254 4209 1442 4273 Tychoniauo),
1467 4212 1536 4272 cujus

177 4281 247 4331 linea
266 4281 373 4346 apogasi
392 4295 447 4330 oum
460 4288 511 4329 toto
531 4281 640 4344 cpicyclo
659 4282 811 4346 paralleliter
828 4282 867 4332 vel
879 4283 1114 4347 perpendiculariter
1132 4283 1176 4344 ipsi
1190 4283 1295 4347 apogasi
1311 4283 1441 4332 scceutrici
1455 4281 1537 4330 lineae

177 4357 309 4403 moveatur
327 4366 431 4414 sempor,
451 4351 522 4415 idque
543 4352 576 4400 ad
593 4359 687 4401 motum
706 4353 769 4402 Solis
788 4367 906 4404 annuum.
944 4353 1080 4403 Mercurius
1098 4359 1228 4402 moveatur
1245 4355 1270 4403 in
1284 4353 1403 4417 epicyclo,
1422 4359 1451 4401 ut
1463 4351 1537 4402 debet

174 4427 249 4487 Juxta
267 4436 339 4472 suam
357 4422 492 4486 periodum.
529 4423 584 4472 Hoc
602 4424 674 4474 modo
693 4424 752 4482 fiet,
779 4433 808 4473 ut
825 4440 890 4489 quae
909 4433 963 4474 erat
982 4426 1092 4489 superior
1114 4439 1171 4487 pare
1191 4425 1294 4488 epicycli
1322 4424 1419 4486 (centm
1438 4426 1491 4485 ejus
1509 4423 1534 4471 iu

179 4509 246 4563 auge
266 4495 398 4545 eccoutrici
419 4492 580 4554 consumto),
608 4496 634 4543 in
652 4496 722 4544 nodis
741 4497 778 4545 vel
798 4498 920 4560 quadrato
940 4498 1044 4561 apogasi
1064 4497 1197 4546 eccentrici
1215 4497 1261 4559 ipsi
1281 4496 1409 4559 eclipticas
1427 4496 1535 4550 uniatur,

179 4574 207 4617 et
224 4571 313 4616 contra
336 4566 460 4614 maximae
483 4566 621 4614 reflexionis
645 4575 763 4629 puuctum
786 4568 890 4618 laterale
918 4565 955 4629 (in
975 4582 1086 4633 apogaeo
1106 4569 1237 4617 eccentrici
1261 4568 1395 4618 constituto
1413 4561 1535 4630 epicyclo)

177 4646 239 4688 tuuc
258 4635 402 4686 devolvatur
420 4636 454 4684 ad
471 4636 562 4685 linem
580 4637 655 4686 medii
672 4645 753 4688 motus
766 4637 830 4688 Solis
849 4641 881 4690 ad
900 4639 977 4688 nodos
994 4639 1145 4695 traductam,
1165 4652 1228 4702 quae
1241 4645 1267 4688 et
1279 4638 1381 4702 epicycli
1397 4649 1536 4701 apogaeum

177 4709 258 4774 vulgo,
273 4709 406 4764 statuitur;
436 4713 462 4756 et
480 4709 515 4756 sic
533 4708 672 4757 ressexiouis
690 4717 823 4772 punctum,
842 4702 919 4775 'quod,
939 4710 1048 4774 epicyclo
1066 4711 1092 4758 iu
1112 4711 1244 4759 ecceutrici
1262 4723 1373 4773 apogaeo
1393 4707 1535 4762 constituto.

177 4787 234 4831 erat
251 4780 277 4828 in
295 4779 415 4829 lateribus
434 4779 554 4842 epicycli,
580 4794 647 4830 nunc
664 4782 689 4830 iu
708 4783 801 4833 bucam
819 4783 893 4833 medii
919 4788 1000 4832 motus
1019 4781 1083 4832 Solis
1101 4781 1211 4840 incidat,
1239 4788 1265 4832 et
1281 4781 1317 4831 sic
1335 4781 1468 4830 maximam
1486 4777 1536 4826 illic

175 4849 367 4909 incbnationem
383 4849 469 4900 lauat.
