<?xml version="1.0" encoding="UTF-8"?>
<!DOCTYPE html PUBLIC "-//W3C//DTD XHTML 1.0 Transitional//EN"
    "http://www.w3.org/TR/xhtml1/DTD/xhtml1-transitional.dtd">
<html xmlns="http://www.w3.org/1999/xhtml" xml:lang="en" lang="en">
 <head>
  <title>
</title>
<meta http-equiv="Content-Type" content="text/html;charset=utf-8" />
  <meta name='ocr-system' content='tesseract 3.04.00' />
  <meta name='ocr-capabilities' content='ocr_page ocr_carea ocr_par ocr_line ocrx_word'/>
</head>
<body>
  <div class='ocr_page' id='page_1' title='image "./joanniskepleria10frisgoog_0352.png"; bbox 0 0 3428 5542; ppageno 0'>
   <div class='ocr_carea' id='block_1_1' title="bbox 706 341 1537 412">
    <p class='ocr_par' dir='ltr' id='par_1_1' title="bbox 706 341 1537 412">
     <span class='ocr_line' id='line_1_1' title="bbox 706 341 1537 412; baseline -0.001 1"><span class='ocrx_word' id='word_1_1' title='bbox 706 343 1006 412; x_wconf 59' lang='lat' dir='ltr'><strong>conmunione</strong></span> <span class='ocrx_word' id='word_1_2' title='bbox 1470 341 1537 412; x_wconf 85' lang='lat' dir='ltr'><strong>see</strong></span> 
     </span>
    </p>
   </div>
   <div class='ocr_carea' id='block_1_2' title="bbox 175 497 1555 4474">
    <p class='ocr_par' dir='ltr' id='par_1_2' title="bbox 176 497 1539 1987">
     <span class='ocr_line' id='line_1_2' title="bbox 181 497 1538 569; baseline 0.004 -19"><span class='ocrx_word' id='word_1_3' title='bbox 181 517 239 552; x_wconf 84' lang='lat' dir='ltr'><strong>vero</strong></span> <span class='ocrx_word' id='word_1_4' title='bbox 259 503 313 553; x_wconf 87' lang='lat' dir='ltr'><strong>seui</strong></span> <span class='ocrx_word' id='word_1_5' title='bbox 331 501 457 566; x_wconf 85' lang='lat' dir='ltr'><strong>decrepito</strong></span> <span class='ocrx_word' id='word_1_6' title='bbox 474 502 663 554; x_wconf 62' lang='lat' dir='ltr'><strong>inclinationum</strong></span> <span class='ocrx_word' id='word_1_7' title='bbox 681 502 786 554; x_wconf 77' lang='lat' dir='ltr'><strong>affectus</strong></span> <span class='ocrx_word' id='word_1_8' title='bbox 805 497 878 554; x_wconf 76' lang='lat' dir='ltr'><strong>esaei</strong></span> <span class='ocrx_word' id='word_1_9' title='bbox 916 505 956 554; x_wconf 81' lang='lat' dir='ltr'><strong>sd</strong></span> <span class='ocrx_word' id='word_1_10' title='bbox 974 517 1038 568; x_wconf 83' lang='lat' dir='ltr'><strong>quae</strong></span> <span class='ocrx_word' id='word_1_11' title='bbox 1056 504 1114 554; x_wconf 94' lang='lat' dir='ltr'><strong>olim</strong></span> <span class='ocrx_word' id='word_1_12' title='bbox 1131 504 1204 555; x_wconf 82' lang='lat' dir='ltr'><strong>ualde</strong></span> <span class='ocrx_word' id='word_1_13' title='bbox 1222 503 1406 564; x_wconf 63' lang='lat' dir='ltr'><strong>inclinavimus,</strong></span> <span class='ocrx_word' id='word_1_14' title='bbox 1433 518 1465 555; x_wconf 88' lang='lat' dir='ltr'><strong>ea</strong></span> <span class='ocrx_word' id='word_1_15' title='bbox 1482 511 1538 569; x_wconf 77' lang='lat' dir='ltr'><strong>post</strong></span> 
     </span>
     <span class='ocr_line' id='line_1_3' title="bbox 178 575 1537 640; baseline 0.001 -17"><span class='ocrx_word' id='word_1_16' title='bbox 178 575 327 625; x_wconf 80' lang='lat' dir='ltr'><strong>dnunamur</strong></span> <span class='ocrx_word' id='word_1_17' title='bbox 346 580 373 625; x_wconf 89' lang='lat' dir='ltr'><strong>et</strong></span> <span class='ocrx_word' id='word_1_18' title='bbox 390 587 545 632; x_wconf 68' lang='lat' dir='ltr'><strong>aversaururp</strong></span> <span class='ocrx_word' id='word_1_19' title='bbox 577 575 675 625; x_wconf 90' lang='lat' dir='ltr'><strong>sordere</strong></span> <span class='ocrx_word' id='word_1_20' title='bbox 694 575 765 624; x_wconf 87' lang='lat' dir='ltr'><strong>nobis</strong></span> <span class='ocrx_word' id='word_1_21' title='bbox 783 576 917 640; x_wconf 90' lang='lat' dir='ltr'><strong>incipiunt,</strong></span> <span class='ocrx_word' id='word_1_22' title='bbox 936 591 984 626; x_wconf 92' lang='lat' dir='ltr'><strong>uon</strong></span> <span class='ocrx_word' id='word_1_23' title='bbox 1003 575 1081 625; x_wconf 87' lang='lat' dir='ltr'><strong>solum</strong></span> <span class='ocrx_word' id='word_1_24' title='bbox 1100 575 1130 625; x_wconf 93' lang='lat' dir='ltr'><strong>ob</strong></span> <span class='ocrx_word' id='word_1_25' title='bbox 1148 575 1283 640; x_wconf 86' lang='lat' dir='ltr'><strong>pleniorum</strong></span> <span class='ocrx_word' id='word_1_26' title='bbox 1300 576 1404 626; x_wconf 73' lang='lat' dir='ltr'><strong>ratioms</strong></span> <span class='ocrx_word' id='word_1_27' title='bbox 1422 590 1493 625; x_wconf 77' lang='lat' dir='ltr'><strong>mum</strong></span> <span class='ocrx_word' id='word_1_28' title='bbox 1511 584 1537 627; x_wconf 88' lang='lat' dir='ltr'><strong>et</strong></span> 
     </span>
     <span class='ocr_line' id='line_1_4' title="bbox 178 644 1538 706; baseline 0 -11"><span class='ocrx_word' id='word_1_29' title='bbox 178 647 260 706; x_wconf 73' lang='lat' dir='ltr'><strong>maius</strong></span> <span class='ocrx_word' id='word_1_30' title='bbox 276 644 411 706; x_wconf 72' lang='lat' dir='ltr'><strong>judicium,</strong></span> <span class='ocrx_word' id='word_1_31' title='bbox 440 644 485 693; x_wconf 93' lang='lat' dir='ltr'><strong>sed</strong></span> <span class='ocrx_word' id='word_1_32' title='bbox 502 645 610 695; x_wconf 83' lang='lat' dir='ltr'><strong>maxime</strong></span> <span class='ocrx_word' id='word_1_33' title='bbox 629 647 660 696; x_wconf 89' lang='lat' dir='ltr'><strong>ob</strong></span> <span class='ocrx_word' id='word_1_34' title='bbox 679 646 756 697; x_wconf 87' lang='lat' dir='ltr'><strong>erasis</strong></span> <span class='ocrx_word' id='word_1_35' title='bbox 774 647 946 696; x_wconf 79' lang='lat' dir='ltr'><strong>mutationem.</strong></span> <span class='ocrx_word' id='word_1_36' title='bbox 983 646 1016 697; x_wconf 82' lang='lat' dir='ltr'><strong>Et</strong></span> <span class='ocrx_word' id='word_1_37' title='bbox 1041 646 1106 697; x_wconf 90' lang='lat' dir='ltr'><strong>hauc</strong></span> <span class='ocrx_word' id='word_1_38' title='bbox 1124 646 1312 696; x_wconf 90' lang='lat' dir='ltr'><strong>inclinationum</strong></span> <span class='ocrx_word' id='word_1_39' title='bbox 1330 648 1493 697; x_wconf 86' lang='lat' dir='ltr'><strong>mutationem</strong></span> <span class='ocrx_word' id='word_1_40' title='bbox 1512 654 1538 697; x_wconf 92' lang='lat' dir='ltr'><strong>et</strong></span> 
     </span>
     <span class='ocr_line' id='line_1_5' title="bbox 178 714 1535 781; baseline 0 -16"><span class='ocrx_word' id='word_1_41' title='bbox 178 714 345 765; x_wconf 79' lang='lat' dir='ltr'><strong>differentiam</strong></span> <span class='ocrx_word' id='word_1_42' title='bbox 372 731 423 765; x_wconf 93' lang='lat' dir='ltr'><strong>nou</strong></span> <span class='ocrx_word' id='word_1_43' title='bbox 442 715 602 766; x_wconf 84' lang='lat' dir='ltr'><strong>inrationali</strong></span> <span class='ocrx_word' id='word_1_44' title='bbox 621 715 830 774; x_wconf 90' lang='lat' dir='ltr'><strong>solumhomine,</strong></span> <span class='ocrx_word' id='word_1_45' title='bbox 859 719 903 768; x_wconf 89' lang='lat' dir='ltr'><strong>sed</strong></span> <span class='ocrx_word' id='word_1_46' title='bbox 927 719 953 766; x_wconf 92' lang='lat' dir='ltr'><strong>iu</strong></span> <span class='ocrx_word' id='word_1_47' title='bbox 977 717 1054 766; x_wconf 90' lang='lat' dir='ltr'><strong>brutis</strong></span> <span class='ocrx_word' id='word_1_48' title='bbox 1080 732 1176 781; x_wconf 85' lang='lat' dir='ltr'><strong>quoque</strong></span> <span class='ocrx_word' id='word_1_49' title='bbox 1200 724 1285 780; x_wconf 90' lang='lat' dir='ltr'><strong>aperte</strong></span> <span class='ocrx_word' id='word_1_50' title='bbox 1310 717 1535 767; x_wconf 77' lang='lat' dir='ltr'><strong>animadvertimus.</strong></span> 
     </span>
     <span class='ocr_line' id='line_1_6' title="bbox 177 785 1537 852; baseline 0 -16"><span class='ocrx_word' id='word_1_51' title='bbox 177 785 264 842; x_wconf 84' lang='lat' dir='ltr'><strong>Porro,</strong></span> <span class='ocrx_word' id='word_1_52' title='bbox 283 787 303 834; x_wconf 84' lang='lat' dir='ltr'><strong>ai</strong></span> <span class='ocrx_word' id='word_1_53' title='bbox 322 785 497 837; x_wconf 88' lang='lat' dir='ltr'><strong>inclinationes</strong></span> <span class='ocrx_word' id='word_1_54' title='bbox 514 786 538 835; x_wconf 93' lang='lat' dir='ltr'><strong>in</strong></span> <span class='ocrx_word' id='word_1_55' title='bbox 559 788 642 836; x_wconf 89' lang='lat' dir='ltr'><strong>animo</strong></span> <span class='ocrx_word' id='word_1_56' title='bbox 661 788 846 838; x_wconf 75' lang='lat' dir='ltr'><strong>conformantur</strong></span> <span class='ocrx_word' id='word_1_57' title='bbox 872 803 888 837; x_wconf 89' lang='lat' dir='ltr'><strong>a</strong></span> <span class='ocrx_word' id='word_1_58' title='bbox 906 788 1022 838; x_wconf 84' lang='lat' dir='ltr'><strong>natalitio</strong></span> <span class='ocrx_word' id='word_1_59' title='bbox 1042 787 1137 845; x_wconf 88' lang='lat' dir='ltr'><strong>sidere,</strong></span> <span class='ocrx_word' id='word_1_60' title='bbox 1157 803 1207 837; x_wconf 93' lang='lat' dir='ltr'><strong>nou</strong></span> <span class='ocrx_word' id='word_1_61' title='bbox 1226 802 1243 837; x_wconf 92' lang='lat' dir='ltr'><strong>a</strong></span> <span class='ocrx_word' id='word_1_62' title='bbox 1260 794 1466 852; x_wconf 88' lang='lat' dir='ltr'><strong>temperamento,</strong></span> <span class='ocrx_word' id='word_1_63' title='bbox 1485 795 1537 837; x_wconf 87' lang='lat' dir='ltr'><strong>tum</strong></span> 
     </span>
     <span class='ocr_line' id='line_1_7' title="bbox 177 857 1536 924; baseline 0.001 -18"><span class='ocrx_word' id='word_1_64' title='bbox 177 857 269 908; x_wconf 85' lang='lat' dir='ltr'><strong>medici</strong></span> <span class='ocrx_word' id='word_1_65' title='bbox 288 871 318 907; x_wconf 86' lang='lat' dir='ltr'><strong>ex</strong></span> <span class='ocrx_word' id='word_1_66' title='bbox 336 863 585 921; x_wconf 72' lang='lat' dir='ltr'><strong>temperamentorum</strong></span> <span class='ocrx_word' id='word_1_67' title='bbox 604 860 745 924; x_wconf 71' lang='lat' dir='ltr'><strong>cognitione</strong></span> <span class='ocrx_word' id='word_1_68' title='bbox 765 865 791 908; x_wconf 93' lang='lat' dir='ltr'><strong>et</strong></span> <span class='ocrx_word' id='word_1_69' title='bbox 809 860 981 910; x_wconf 78' lang='lat' dir='ltr'><strong>observatione</strong></span> <span class='ocrx_word' id='word_1_70' title='bbox 1004 860 1097 909; x_wconf 87' lang='lat' dir='ltr'><strong>nullum</strong></span> <span class='ocrx_word' id='word_1_71' title='bbox 1116 864 1210 909; x_wconf 81' lang='lat' dir='ltr'><strong>eertum</strong></span> <span class='ocrx_word' id='word_1_72' title='bbox 1226 859 1347 921; x_wconf 77' lang='lat' dir='ltr'><strong>judicium</strong></span> <span class='ocrx_word' id='word_1_73' title='bbox 1374 859 1406 908; x_wconf 94' lang='lat' dir='ltr'><strong>de</strong></span> <span class='ocrx_word' id='word_1_74' title='bbox 1431 858 1536 909; x_wconf 86' lang='lat' dir='ltr'><strong>inclina·</strong></span> 
     </span>
     <span class='ocr_line' id='line_1_8' title="bbox 177 928 1537 995; baseline 0.001 -18"><span class='ocrx_word' id='word_1_75' title='bbox 177 928 287 977; x_wconf 83' lang='lat' dir='ltr'><strong>tionibus</strong></span> <span class='ocrx_word' id='word_1_76' title='bbox 304 929 437 978; x_wconf 82' lang='lat' dir='ltr'><strong>sensitirae</strong></span> <span class='ocrx_word' id='word_1_77' title='bbox 456 929 555 978; x_wconf 86' lang='lat' dir='ltr'><strong>animae</strong></span> <span class='ocrx_word' id='word_1_78' title='bbox 573 930 681 993; x_wconf 79' lang='lat' dir='ltr'><strong>proferre</strong></span> <span class='ocrx_word' id='word_1_79' title='bbox 700 936 811 994; x_wconf 87' lang='lat' dir='ltr'><strong>possunt.</strong></span> <span class='ocrx_word' id='word_1_80' title='bbox 849 931 884 979; x_wconf 80' lang='lat' dir='ltr'><strong>At</strong></span> <span class='ocrx_word' id='word_1_81' title='bbox 901 930 992 980; x_wconf 91' lang='lat' dir='ltr'><strong>medici</strong></span> <span class='ocrx_word' id='word_1_82' title='bbox 1011 937 1038 980; x_wconf 91' lang='lat' dir='ltr'><strong>ct</strong></span> <span class='ocrx_word' id='word_1_83' title='bbox 1055 929 1190 995; x_wconf 74' lang='lat' dir='ltr'><strong>philosophi</strong></span> <span class='ocrx_word' id='word_1_84' title='bbox 1209 931 1300 980; x_wconf 83' lang='lat' dir='ltr'><strong>certius</strong></span> <span class='ocrx_word' id='word_1_85' title='bbox 1314 930 1431 993; x_wconf 81' lang='lat' dir='ltr'><strong>judicant</strong></span> <span class='ocrx_word' id='word_1_86' title='bbox 1449 928 1480 980; x_wconf 87' lang='lat' dir='ltr'><strong>de</strong></span> <span class='ocrx_word' id='word_1_87' title='bbox 1498 931 1537 979; x_wconf 92' lang='lat' dir='ltr'><strong>iu-</strong></span> 
     </span>
     <span class='ocr_line' id='line_1_9' title="bbox 178 998 1537 1066; baseline 0.001 -18"><span class='ocrx_word' id='word_1_88' title='bbox 178 998 353 1049; x_wconf 89' lang='lat' dir='ltr'><strong>clinationibus</strong></span> <span class='ocrx_word' id='word_1_89' title='bbox 371 1012 446 1062; x_wconf 86' lang='lat' dir='ltr'><strong>quarn</strong></span> <span class='ocrx_word' id='word_1_90' title='bbox 463 1000 688 1062; x_wconf 72' lang='lat' dir='ltr'><strong>perspicacissimus</strong></span> <span class='ocrx_word' id='word_1_91' title='bbox 709 1000 864 1066; x_wconf 56' lang='lat' dir='ltr'><strong>astrologum</strong></span> <span class='ocrx_word' id='word_1_92' title='bbox 895 1016 953 1066; x_wconf 88' lang='lat' dir='ltr'><strong>crgo</strong></span> <span class='ocrx_word' id='word_1_93' title='bbox 971 1008 1049 1065; x_wconf 87' lang='lat' dir='ltr'><strong>patet.</strong></span> <span class='ocrx_word' id='word_1_94' title='bbox 1069 1002 1244 1052; x_wconf 81' lang='lat' dir='ltr'><strong>inclinationes</strong></span> <span class='ocrx_word' id='word_1_95' title='bbox 1262 1016 1311 1051; x_wconf 89' lang='lat' dir='ltr'><strong>non</strong></span> <span class='ocrx_word' id='word_1_96' title='bbox 1331 1002 1363 1050; x_wconf 91' lang='lat' dir='ltr'><strong>ab</strong></span> <span class='ocrx_word' id='word_1_97' title='bbox 1382 1002 1468 1058; x_wconf 88' lang='lat' dir='ltr'><strong>astris,</strong></span> <span class='ocrx_word' id='word_1_98' title='bbox 1494 1001 1537 1050; x_wconf 91' lang='lat' dir='ltr'><strong>sed</strong></span> 
     </span>
     <span class='ocr_line' id='line_1_10' title="bbox 178 1070 1537 1136; baseline 0.001 -16"><span class='ocrx_word' id='word_1_99' title='bbox 178 1070 415 1133; x_wconf 87' lang='lat' dir='ltr'><strong>atcmpcramentls</strong></span> <span class='ocrx_word' id='word_1_100' title='bbox 433 1083 496 1120; x_wconf 87' lang='lat' dir='ltr'><strong>esse.</strong></span> <span class='ocrx_word' id='word_1_101' title='bbox 533 1070 633 1120; x_wconf 83' lang='lat' dir='ltr'><strong>iudicia</strong></span> <span class='ocrx_word' id='word_1_102' title='bbox 651 1072 800 1121; x_wconf 88' lang='lat' dir='ltr'><strong>medicorum</strong></span> <span class='ocrx_word' id='word_1_103' title='bbox 823 1087 853 1121; x_wconf 84' lang='lat' dir='ltr'><strong>ea</strong></span> <span class='ocrx_word' id='word_1_104' title='bbox 872 1074 1075 1136; x_wconf 84' lang='lat' dir='ltr'><strong>temperamentis</strong></span> <span class='ocrx_word' id='word_1_105' title='bbox 1101 1073 1164 1121; x_wconf 92' lang='lat' dir='ltr'><strong>adeo</strong></span> <span class='ocrx_word' id='word_1_106' title='bbox 1187 1073 1330 1122; x_wconf 88' lang='lat' dir='ltr'><strong>constantia</strong></span> <span class='ocrx_word' id='word_1_107' title='bbox 1349 1079 1375 1120; x_wconf 92' lang='lat' dir='ltr'><strong>et</strong></span> <span class='ocrx_word' id='word_1_108' title='bbox 1393 1072 1463 1135; x_wconf 86' lang='lat' dir='ltr'><strong>quusi</strong></span> <span class='ocrx_word' id='word_1_109' title='bbox 1482 1086 1537 1135; x_wconf 89' lang='lat' dir='ltr'><strong>pcr-</strong></span> 
     </span>
     <span class='ocr_line' id='line_1_11' title="bbox 178 1142 1539 1206; baseline 0.002 -17"><span class='ocrx_word' id='word_1_110' title='bbox 178 1147 258 1203; x_wconf 90' lang='lat' dir='ltr'><strong>petua</strong></span> <span class='ocrx_word' id='word_1_111' title='bbox 268 1155 322 1191; x_wconf 90' lang='lat' dir='ltr'><strong>esse</strong></span> <span class='ocrx_word' id='word_1_112' title='bbox 332 1146 498 1204; x_wconf 89' lang='lat' dir='ltr'><strong>nonpossent,</strong></span> <span class='ocrx_word' id='word_1_113' title='bbox 512 1156 558 1191; x_wconf 91' lang='lat' dir='ltr'><strong>uec</strong></span> <span class='ocrx_word' id='word_1_114' title='bbox 568 1157 664 1205; x_wconf 90' lang='lat' dir='ltr'><strong>semper</strong></span> <span class='ocrx_word' id='word_1_115' title='bbox 675 1157 720 1193; x_wconf 89' lang='lat' dir='ltr'><strong>nec</strong></span> <span class='ocrx_word' id='word_1_116' title='bbox 728 1143 817 1206; x_wconf 91' lang='lat' dir='ltr'><strong>ubique</strong></span> <span class='ocrx_word' id='word_1_117' title='bbox 825 1144 943 1196; x_wconf 84' lang='lat' dir='ltr'><strong>valerent.</strong></span> <span class='ocrx_word' id='word_1_118' title='bbox 957 1142 1161 1193; x_wconf 79' lang='lat' dir='ltr'><strong>allucinationes</strong></span> <span class='ocrx_word' id='word_1_119' title='bbox 1176 1158 1226 1192; x_wconf 90' lang='lat' dir='ltr'><strong>uun</strong></span> <span class='ocrx_word' id='word_1_120' title='bbox 1239 1157 1255 1192; x_wconf 96' lang='lat' dir='ltr'><strong>a</strong></span> <span class='ocrx_word' id='word_1_121' title='bbox 1268 1144 1331 1191; x_wconf 87' lang='lat' dir='ltr'><strong>crasi</strong></span> <span class='ocrx_word' id='word_1_122' title='bbox 1344 1142 1480 1198; x_wconf 81' lang='lat' dir='ltr'><strong>humorum,</strong></span> <span class='ocrx_word' id='word_1_123' title='bbox 1494 1143 1539 1192; x_wconf 82' lang='lat' dir='ltr'><strong>sed</strong></span> 
     </span>
     <span class='ocr_line' id='line_1_12' title="bbox 178 1212 1537 1278; baseline 0.003 -19"><span class='ocrx_word' id='word_1_124' title='bbox 178 1224 196 1259; x_wconf 97' lang='lat' dir='ltr'><strong>a</strong></span> <span class='ocrx_word' id='word_1_125' title='bbox 213 1212 284 1261; x_wconf 92' lang='lat' dir='ltr'><strong>coelo</strong></span> <span class='ocrx_word' id='word_1_126' title='bbox 302 1213 466 1275; x_wconf 80' lang='lat' dir='ltr'><strong>provenirent.</strong></span> <span class='ocrx_word' id='word_1_127' title='bbox 503 1213 587 1263; x_wconf 80' lang='lat' dir='ltr'><strong>Fieret</strong></span> <span class='ocrx_word' id='word_1_128' title='bbox 605 1214 675 1273; x_wconf 83' lang='lat' dir='ltr'><strong>aliis,</strong></span> <span class='ocrx_word' id='word_1_129' title='bbox 695 1220 724 1263; x_wconf 90' lang='lat' dir='ltr'><strong>ut</strong></span> <span class='ocrx_word' id='word_1_130' title='bbox 742 1215 817 1264; x_wconf 89' lang='lat' dir='ltr'><strong>orasis</strong></span> <span class='ocrx_word' id='word_1_131' title='bbox 837 1216 942 1278; x_wconf 83' lang='lat' dir='ltr'><strong>corporis</strong></span> <span class='ocrx_word' id='word_1_132' title='bbox 960 1229 1035 1278; x_wconf 87' lang='lat' dir='ltr'><strong>saepe</strong></span> <span class='ocrx_word' id='word_1_133' title='bbox 1055 1223 1121 1264; x_wconf 88' lang='lat' dir='ltr'><strong>esset</strong></span> <span class='ocrx_word' id='word_1_134' title='bbox 1139 1213 1315 1278; x_wconf 85' lang='lat' dir='ltr'><strong>phlegmatica,</strong></span> <span class='ocrx_word' id='word_1_135' title='bbox 1334 1213 1462 1263; x_wconf 68' lang='lat' dir='ltr'><strong>inclinatio</strong></span> <span class='ocrx_word' id='word_1_136' title='bbox 1481 1227 1537 1263; x_wconf 84' lang='lat' dir='ltr'><strong>vero</strong></span> 
     </span>
     <span class='ocr_line' id='line_1_13' title="bbox 177 1280 1536 1349; baseline 0.001 -17"><span class='ocrx_word' id='word_1_137' title='bbox 177 1282 240 1333; x_wconf 86' lang='lat' dir='ltr'><strong>coeii</strong></span> <span class='ocrx_word' id='word_1_138' title='bbox 255 1287 310 1334; x_wconf 89' lang='lat' dir='ltr'><strong>tuta</strong></span> <span class='ocrx_word' id='word_1_139' title='bbox 321 1280 453 1333; x_wconf 81' lang='lat' dir='ltr'><strong>Martialis.</strong></span> <span class='ocrx_word' id='word_1_140' title='bbox 492 1282 612 1334; x_wconf 84' lang='lat' dir='ltr'><strong>Videmus</strong></span> <span class='ocrx_word' id='word_1_141' title='bbox 630 1299 726 1349; x_wconf 88' lang='lat' dir='ltr'><strong>quoque</strong></span> <span class='ocrx_word' id='word_1_142' title='bbox 738 1287 763 1334; x_wconf 93' lang='lat' dir='ltr'><strong>in</strong></span> <span class='ocrx_word' id='word_1_143' title='bbox 782 1286 854 1335; x_wconf 89' lang='lat' dir='ltr'><strong>rebus</strong></span> <span class='ocrx_word' id='word_1_144' title='bbox 867 1286 1011 1335; x_wconf 89' lang='lat' dir='ltr'><strong>inanimatis</strong></span> <span class='ocrx_word' id='word_1_145' title='bbox 1023 1287 1131 1335; x_wconf 83' lang='lat' dir='ltr'><strong>cresium</strong></span> <span class='ocrx_word' id='word_1_146' title='bbox 1144 1285 1297 1334; x_wconf 76' lang='lat' dir='ltr'><strong>differentias</strong></span> <span class='ocrx_word' id='word_1_147' title='bbox 1312 1286 1465 1348; x_wconf 87' lang='lat' dir='ltr'><strong>potissimum</strong></span> <span class='ocrx_word' id='word_1_148' title='bbox 1478 1298 1536 1333; x_wconf 88' lang='lat' dir='ltr'><strong>cou-</strong></span> 
     </span>
     <span class='ocr_line' id='line_1_14' title="bbox 177 1353 1537 1421; baseline 0.001 -18"><span class='ocrx_word' id='word_1_149' title='bbox 177 1354 281 1403; x_wconf 87' lang='lat' dir='ltr'><strong>stitnere</strong></span> <span class='ocrx_word' id='word_1_150' title='bbox 299 1353 386 1403; x_wconf 91' lang='lat' dir='ltr'><strong>ririum</strong></span> <span class='ocrx_word' id='word_1_151' title='bbox 405 1353 578 1413; x_wconf 73' lang='lat' dir='ltr'><strong>differemiam,</strong></span> <span class='ocrx_word' id='word_1_152' title='bbox 598 1362 627 1404; x_wconf 91' lang='lat' dir='ltr'><strong>ut</strong></span> <span class='ocrx_word' id='word_1_153' title='bbox 647 1355 712 1405; x_wconf 89' lang='lat' dir='ltr'><strong>aliae</strong></span> <span class='ocrx_word' id='word_1_154' title='bbox 730 1356 821 1406; x_wconf 84' lang='lat' dir='ltr'><strong>herbae</strong></span> <span class='ocrx_word' id='word_1_155' title='bbox 839 1357 951 1406; x_wconf 88' lang='lat' dir='ltr'><strong>habeant</strong></span> <span class='ocrx_word' id='word_1_156' title='bbox 969 1358 1017 1405; x_wconf 81' lang='lat' dir='ltr'><strong>vim</strong></span> <span class='ocrx_word' id='word_1_157' title='bbox 1036 1355 1172 1421; x_wconf 80' lang='lat' dir='ltr'><strong>digerendi,</strong></span> <span class='ocrx_word' id='word_1_158' title='bbox 1192 1355 1360 1415; x_wconf 84' lang='lat' dir='ltr'><strong>mollificaudi,</strong></span> <span class='ocrx_word' id='word_1_159' title='bbox 1385 1354 1537 1410; x_wconf 87' lang='lat' dir='ltr'><strong>attrahendi,</strong></span> 
     </span>
     <span class='ocr_line' id='line_1_15' title="bbox 177 1422 1539 1490; baseline 0 -18"><span class='ocrx_word' id='word_1_160' title='bbox 177 1422 331 1490; x_wconf 87' lang='lat' dir='ltr'><strong>glutinandi,</strong></span> <span class='ocrx_word' id='word_1_161' title='bbox 352 1423 417 1475; x_wconf 88' lang='lat' dir='ltr'><strong>aliae</strong></span> <span class='ocrx_word' id='word_1_162' title='bbox 435 1425 612 1475; x_wconf 84' lang='lat' dir='ltr'><strong>mundificandi</strong></span> <span class='ocrx_word' id='word_1_163' title='bbox 630 1433 796 1490; x_wconf 88' lang='lat' dir='ltr'><strong>potestatem,</strong></span> <span class='ocrx_word' id='word_1_164' title='bbox 822 1427 887 1476; x_wconf 91' lang='lat' dir='ltr'><strong>aliae</strong></span> <span class='ocrx_word' id='word_1_165' title='bbox 907 1426 1087 1483; x_wconf 87' lang='lat' dir='ltr'><strong>caleiaciendi,</strong></span> <span class='ocrx_word' id='word_1_166' title='bbox 1113 1426 1179 1476; x_wconf 89' lang='lat' dir='ltr'><strong>aliae</strong></span> <span class='ocrx_word' id='word_1_167' title='bbox 1197 1425 1357 1490; x_wconf 83' lang='lat' dir='ltr'><strong>refrigerandi</strong></span> <span class='ocrx_word' id='word_1_168' title='bbox 1380 1427 1444 1481; x_wconf 71' lang='lat' dir='ltr'><strong>nm,</strong></span> <span class='ocrx_word' id='word_1_169' title='bbox 1467 1433 1539 1490; x_wconf 86' lang='lat' dir='ltr'><strong>prout</strong></span> 
     </span>
     <span class='ocr_line' id='line_1_16' title="bbox 177 1494 1535 1560; baseline 0.001 -16"><span class='ocrx_word' id='word_1_170' title='bbox 177 1496 256 1545; x_wconf 84' lang='lat' dir='ltr'><strong>erasis</strong></span> <span class='ocrx_word' id='word_1_171' title='bbox 274 1494 370 1544; x_wconf 88' lang='lat' dir='ltr'><strong>illarum</strong></span> <span class='ocrx_word' id='word_1_172' title='bbox 389 1495 506 1545; x_wconf 85' lang='lat' dir='ltr'><strong>admittit.</strong></span> <span class='ocrx_word' id='word_1_173' title='bbox 545 1495 618 1556; x_wconf 84' lang='lat' dir='ltr'><strong>Quod</strong></span> <span class='ocrx_word' id='word_1_174' title='bbox 635 1498 660 1546; x_wconf 90' lang='lat' dir='ltr'><strong>iu</strong></span> <span class='ocrx_word' id='word_1_175' title='bbox 678 1497 716 1546; x_wconf 90' lang='lat' dir='ltr'><strong>his</strong></span> <span class='ocrx_word' id='word_1_176' title='bbox 733 1499 797 1546; x_wconf 87' lang='lat' dir='ltr'><strong>rires</strong></span> <span class='ocrx_word' id='word_1_177' title='bbox 816 1512 847 1547; x_wconf 85' lang='lat' dir='ltr'><strong>ex</strong></span> <span class='ocrx_word' id='word_1_178' title='bbox 864 1500 944 1552; x_wconf 86' lang='lat' dir='ltr'><strong>crasi,</strong></span> <span class='ocrx_word' id='word_1_179' title='bbox 970 1497 995 1547; x_wconf 90' lang='lat' dir='ltr'><strong>id</strong></span> <span class='ocrx_word' id='word_1_180' title='bbox 1013 1499 1039 1547; x_wconf 90' lang='lat' dir='ltr'><strong>in</strong></span> <span class='ocrx_word' id='word_1_181' title='bbox 1058 1497 1175 1547; x_wconf 90' lang='lat' dir='ltr'><strong>animatia</strong></span> <span class='ocrx_word' id='word_1_182' title='bbox 1194 1497 1334 1560; x_wconf 89' lang='lat' dir='ltr'><strong>corporibus</strong></span> <span class='ocrx_word' id='word_1_183' title='bbox 1353 1503 1412 1545; x_wconf 91' lang='lat' dir='ltr'><strong>sunt</strong></span> <span class='ocrx_word' id='word_1_184' title='bbox 1429 1495 1535 1546; x_wconf 84' lang='lat' dir='ltr'><strong>inclina·</strong></span> 
     </span>
     <span class='ocr_line' id='line_1_17' title="bbox 178 1565 1534 1631; baseline -0.001 -14"><span class='ocrx_word' id='word_1_185' title='bbox 178 1567 268 1617; x_wconf 84' lang='lat' dir='ltr'><strong>tiones.</strong></span> <span class='ocrx_word' id='word_1_186' title='bbox 305 1565 376 1617; x_wconf 88' lang='lat' dir='ltr'><strong>Dicis</strong></span> <span class='ocrx_word' id='word_1_187' title='bbox 394 1582 503 1631; x_wconf 85' lang='lat' dir='ltr'><strong>quoquc.</strong></span> <span class='ocrx_word' id='word_1_188' title='bbox 533 1567 645 1617; x_wconf 89' lang='lat' dir='ltr'><strong>animum</strong></span> <span class='ocrx_word' id='word_1_189' title='bbox 671 1568 808 1618; x_wconf 86' lang='lat' dir='ltr'><strong>rehabere</strong></span> <span class='ocrx_word' id='word_1_190' title='bbox 837 1569 869 1619; x_wconf 94' lang='lat' dir='ltr'><strong>ad</strong></span> <span class='ocrx_word' id='word_1_191' title='bbox 888 1569 1007 1619; x_wconf 87' lang='lat' dir='ltr'><strong>coelestia</strong></span> <span class='ocrx_word' id='word_1_192' title='bbox 1031 1569 1094 1619; x_wconf 88' lang='lat' dir='ltr'><strong>haec</strong></span> <span class='ocrx_word' id='word_1_193' title='bbox 1112 1569 1200 1629; x_wconf 74' lang='grc' dir='ltr'><strong><em>παθη,</em></strong></span> <span class='ocrx_word' id='word_1_194' title='bbox 1227 1576 1256 1616; x_wconf 92' lang='lat' dir='ltr'><strong>ut</strong></span> <span class='ocrx_word' id='word_1_195' title='bbox 1275 1567 1360 1616; x_wconf 90' lang='lat' dir='ltr'><strong>oculus</strong></span> <span class='ocrx_word' id='word_1_196' title='bbox 1385 1567 1418 1617; x_wconf 85' lang='lat' dir='ltr'><strong>ad</strong></span> <span class='ocrx_word' id='word_1_197' title='bbox 1445 1566 1534 1622; x_wconf 88' lang='lat' dir='ltr'><strong>lucem,</strong></span> 
     </span>
     <span class='ocr_line' id='line_1_18' title="bbox 178 1634 1534 1702; baseline 0 -15"><span class='ocrx_word' id='word_1_198' title='bbox 178 1638 245 1687; x_wconf 88' lang='lat' dir='ltr'><strong>auris</strong></span> <span class='ocrx_word' id='word_1_199' title='bbox 264 1636 297 1688; x_wconf 92' lang='lat' dir='ltr'><strong>ad</strong></span> <span class='ocrx_word' id='word_1_200' title='bbox 315 1652 403 1687; x_wconf 90' lang='lat' dir='ltr'><strong>acuum</strong></span> <span class='ocrx_word' id='word_1_201' title='bbox 422 1640 458 1702; x_wconf 79' lang='lat' dir='ltr'><strong>ip.</strong></span> <span class='ocrx_word' id='word_1_202' title='bbox 480 1634 554 1697; x_wconf 78' lang='lat'><strong>³16).</strong></span> <span class='ocrx_word' id='word_1_203' title='bbox 591 1638 663 1689; x_wconf 85' lang='lat' dir='ltr'><strong>llaec</strong></span> <span class='ocrx_word' id='word_1_204' title='bbox 681 1654 731 1689; x_wconf 91' lang='lat' dir='ltr'><strong>non</strong></span> <span class='ocrx_word' id='word_1_205' title='bbox 750 1640 856 1690; x_wconf 86' lang='lat' dir='ltr'><strong>absurde</strong></span> <span class='ocrx_word' id='word_1_206' title='bbox 875 1640 1033 1698; x_wconf 90' lang='lat' dir='ltr'><strong>dictasunt,</strong></span> <span class='ocrx_word' id='word_1_207' title='bbox 1060 1648 1155 1689; x_wconf 84' lang='lat' dir='ltr'><strong>certum</strong></span> <span class='ocrx_word' id='word_1_208' title='bbox 1173 1641 1239 1689; x_wconf 88' lang='lat' dir='ltr'><strong>enim</strong></span> <span class='ocrx_word' id='word_1_209' title='bbox 1265 1638 1415 1701; x_wconf 90' lang='lat' dir='ltr'><strong>superiorum</strong></span> <span class='ocrx_word' id='word_1_210' title='bbox 1434 1637 1534 1687; x_wconf 90' lang='lat' dir='ltr'><strong>relatio·</strong></span> 
     </span>
     <span class='ocr_line' id='line_1_19' title="bbox 177 1708 1536 1774; baseline -0.001 -17"><span class='ocrx_word' id='word_1_211' title='bbox 177 1721 237 1757; x_wconf 91' lang='lat' dir='ltr'><strong>nem</strong></span> <span class='ocrx_word' id='word_1_212' title='bbox 255 1709 288 1758; x_wconf 96' lang='lat' dir='ltr'><strong>ad</strong></span> <span class='ocrx_word' id='word_1_213' title='bbox 306 1708 423 1757; x_wconf 89' lang='lat' dir='ltr'><strong>inieriora</strong></span> <span class='ocrx_word' id='word_1_214' title='bbox 441 1723 496 1759; x_wconf 91' lang='lat' dir='ltr'><strong>csse</strong></span> <span class='ocrx_word' id='word_1_215' title='bbox 514 1711 567 1772; x_wconf 91' lang='lat' dir='ltr'><strong>ipse</strong></span> <span class='ocrx_word' id='word_1_216' title='bbox 587 1709 653 1760; x_wconf 88' lang='lat' dir='ltr'><strong>clare</strong></span> <span class='ocrx_word' id='word_1_217' title='bbox 671 1710 748 1770; x_wconf 89' lang='lat' dir='ltr'><strong>innui,</strong></span> <span class='ocrx_word' id='word_1_218' title='bbox 767 1710 812 1762; x_wconf 89' lang='lat' dir='ltr'><strong>sed</strong></span> <span class='ocrx_word' id='word_1_219' title='bbox 830 1726 880 1760; x_wconf 91' lang='lat' dir='ltr'><strong>non</strong></span> <span class='ocrx_word' id='word_1_220' title='bbox 899 1726 929 1760; x_wconf 91' lang='lat' dir='ltr'><strong>ee</strong></span> <span class='ocrx_word' id='word_1_221' title='bbox 941 1711 1023 1766; x_wconf 85' lang='lat' dir='ltr'><strong>modo.</strong></span> <span class='ocrx_word' id='word_1_222' title='bbox 1042 1726 1089 1774; x_wconf 86' lang='lat' dir='ltr'><strong>quo</strong></span> <span class='ocrx_word' id='word_1_223' title='bbox 1108 1718 1135 1760; x_wconf 90' lang='lat' dir='ltr'><strong>tn</strong></span> <span class='ocrx_word' id='word_1_224' title='bbox 1152 1709 1279 1773; x_wconf 87' lang='lat' dir='ltr'><strong>intelligis,</strong></span> <span class='ocrx_word' id='word_1_225' title='bbox 1298 1723 1348 1758; x_wconf 92' lang='lat' dir='ltr'><strong>non</strong></span> <span class='ocrx_word' id='word_1_226' title='bbox 1361 1709 1427 1773; x_wconf 90' lang='lat' dir='ltr'><strong>quod</strong></span> <span class='ocrx_word' id='word_1_227' title='bbox 1439 1709 1536 1757; x_wconf 90' lang='lat' dir='ltr'><strong>enimus</strong></span> 
     </span>
     <span class='ocr_line' id='line_1_20' title="bbox 178 1778 1537 1847; baseline 0 -19"><span class='ocrx_word' id='word_1_228' title='bbox 178 1778 211 1828; x_wconf 87' lang='lat' dir='ltr'><strong>ad</strong></span> <span class='ocrx_word' id='word_1_229' title='bbox 230 1780 350 1828; x_wconf 89' lang='lat' dir='ltr'><strong>coelestes</strong></span> <span class='ocrx_word' id='word_1_230' title='bbox 368 1779 546 1830; x_wconf 88' lang='lat' dir='ltr'><strong>inclinationes</strong></span> <span class='ocrx_word' id='word_1_231' title='bbox 564 1780 600 1829; x_wconf 91' lang='lat' dir='ltr'><strong>sic</strong></span> <span class='ocrx_word' id='word_1_232' title='bbox 621 1795 648 1829; x_wconf 89' lang='lat' dir='ltr'><strong>se</strong></span> <span class='ocrx_word' id='word_1_233' title='bbox 666 1779 775 1837; x_wconf 85' lang='lat' dir='ltr'><strong>habeut,</strong></span> <span class='ocrx_word' id='word_1_234' title='bbox 800 1783 844 1832; x_wconf 90' lang='lat' dir='ltr'><strong>sed</strong></span> <span class='ocrx_word' id='word_1_235' title='bbox 862 1781 926 1847; x_wconf 85' lang='lat' dir='ltr'><strong>quod</strong></span> <span class='ocrx_word' id='word_1_236' title='bbox 944 1781 1034 1845; x_wconf 90' lang='lat' dir='ltr'><strong>singuli</strong></span> <span class='ocrx_word' id='word_1_237' title='bbox 1054 1782 1159 1845; x_wconf 90' lang='lat' dir='ltr'><strong>corporis</strong></span> <span class='ocrx_word' id='word_1_238' title='bbox 1182 1780 1296 1828; x_wconf 89' lang='lat' dir='ltr'><strong>humores</strong></span> <span class='ocrx_word' id='word_1_239' title='bbox 1316 1778 1479 1829; x_wconf 87' lang='lat' dir='ltr'><strong>elementares</strong></span> <span class='ocrx_word' id='word_1_240' title='bbox 1498 1792 1537 1829; x_wconf 90' lang='lat' dir='ltr'><strong>re·</strong></span> 
     </span>
     <span class='ocr_line' id='line_1_21' title="bbox 176 1849 1538 1915; baseline 0 -17"><span class='ocrx_word' id='word_1_241' title='bbox 176 1851 285 1914; x_wconf 79' lang='lat' dir='ltr'><strong>spiciunt</strong></span> <span class='ocrx_word' id='word_1_242' title='bbox 302 1851 413 1915; x_wconf 87' lang='lat' dir='ltr'><strong>singulos</strong></span> <span class='ocrx_word' id='word_1_243' title='bbox 430 1849 556 1913; x_wconf 87' lang='lat' dir='ltr'><strong>planetas,</strong></span> <span class='ocrx_word' id='word_1_244' title='bbox 576 1856 605 1900; x_wconf 92' lang='lat' dir='ltr'><strong>ut</strong></span> <span class='ocrx_word' id='word_1_245' title='bbox 623 1851 741 1902; x_wconf 80' lang='lat' dir='ltr'><strong>videlicet</strong></span> <span class='ocrx_word' id='word_1_246' title='bbox 758 1851 774 1914; x_wconf 68' lang='lat' dir='ltr'><strong>p</strong></span> <span class='ocrx_word' id='word_1_247' title='bbox 792 1853 922 1903; x_wconf 81' lang='lat' dir='ltr'><strong>relativam</strong></span> <span class='ocrx_word' id='word_1_248' title='bbox 941 1853 989 1901; x_wconf 84' lang='lat' dir='ltr'><strong>rim</strong></span> <span class='ocrx_word' id='word_1_249' title='bbox 1016 1852 1111 1901; x_wconf 86' lang='lat' dir='ltr'><strong>habeat</strong></span> <span class='ocrx_word' id='word_1_250' title='bbox 1136 1851 1169 1900; x_wconf 91' lang='lat' dir='ltr'><strong>ed</strong></span> <span class='ocrx_word' id='word_1_251' title='bbox 1187 1851 1314 1900; x_wconf 89' lang='lat' dir='ltr'><strong>humorem</strong></span> <span class='ocrx_word' id='word_1_252' title='bbox 1331 1849 1538 1900; x_wconf 91' lang='lat' dir='ltr'><strong>melancholicum</strong></span> 
     </span>
     <span class='ocr_line' id='line_1_22' title="bbox 178 1916 1287 1987; baseline -0.002 -16"><span class='ocrx_word' id='word_1_253' title='bbox 178 1921 352 1977; x_wconf 85' lang='lat' dir='ltr'><strong>excitandum,</strong></span> <span class='ocrx_word' id='word_1_254' title='bbox 370 1921 562 1976; x_wconf 85' lang='lat' dir='ltr'><strong>stimulandum,</strong></span> <span class='ocrx_word' id='word_1_255' title='bbox 582 1923 763 1987; x_wconf 77' lang='lat' dir='ltr'><strong>vegetandum</strong></span> <span class='ocrx_word' id='word_1_256' title='bbox 783 1923 808 1984; x_wconf 76' lang='lat' dir='ltr'><strong>d</strong></span> <span class='ocrx_word' id='word_1_257' title='bbox 829 1924 860 1974; x_wconf 89' lang='lat' dir='ltr'><strong>ad</strong></span> <span class='ocrx_word' id='word_1_258' title='bbox 880 1924 1016 1980; x_wconf 85' lang='lat' dir='ltr'><strong>choleram,</strong></span> <span class='ocrx_word' id='word_1_259' title='bbox 1037 1916 1061 1985; x_wconf 74' lang='lat' dir='ltr'>Q</span> <span class='ocrx_word' id='word_1_260' title='bbox 1082 1922 1113 1972; x_wconf 88' lang='lat' dir='ltr'><strong>ad</strong></span> <span class='ocrx_word' id='word_1_261' title='bbox 1132 1924 1287 1986; x_wconf 84' lang='lat' dir='ltr'><strong>sauguinem.</strong></span> 
     </span>
    </p>

    <p class='ocr_par' dir='ltr' id='par_1_3' title="bbox 178 1992 1555 2256">
     <span class='ocr_line' id='line_1_23' title="bbox 249 1992 1555 2058; baseline -0.002 -16"><span class='ocrx_word' id='word_1_262' title='bbox 249 1992 279 2042; x_wconf 91' lang='lat' dir='ltr'><strong>In</strong></span> <span class='ocrx_word' id='word_1_263' title='bbox 296 2007 408 2050; x_wconf 89' lang='lat' dir='ltr'><strong>summa,</strong></span> <span class='ocrx_word' id='word_1_264' title='bbox 429 1993 497 2050; x_wconf 87' lang='lat' dir='ltr'><strong>dico,</strong></span> <span class='ocrx_word' id='word_1_265' title='bbox 516 1994 597 2043; x_wconf 87' lang='lat' dir='ltr'><strong>nullas</strong></span> <span class='ocrx_word' id='word_1_266' title='bbox 615 1995 748 2058; x_wconf 86' lang='lat' dir='ltr'><strong>qualitates</strong></span> <span class='ocrx_word' id='word_1_267' title='bbox 766 1997 858 2058; x_wconf 90' lang='lat' dir='ltr'><strong>primas</strong></span> <span class='ocrx_word' id='word_1_268' title='bbox 884 2002 929 2044; x_wconf 88' lang='lat' dir='ltr'><strong>aut</strong></span> <span class='ocrx_word' id='word_1_269' title='bbox 947 1994 1070 2044; x_wconf 86' lang='lat' dir='ltr'><strong>secundas</strong></span> <span class='ocrx_word' id='word_1_270' title='bbox 1088 2001 1187 2058; x_wconf 90' lang='lat' dir='ltr'><strong>praeter</strong></span> <span class='ocrx_word' id='word_1_271' title='bbox 1209 1993 1360 2043; x_wconf 81' lang='lat' dir='ltr'><strong>caliditatem</strong></span> <span class='ocrx_word' id='word_1_272' title='bbox 1381 1999 1407 2042; x_wconf 90' lang='lat' dir='ltr'><strong>et</strong></span> <span class='ocrx_word' id='word_1_273' title='bbox 1424 1992 1555 2058; x_wconf 87' lang='lat' dir='ltr'><strong>lucidita-¹</strong></span> 
     </span>
     <span class='ocr_line' id='line_1_24' title="bbox 180 2063 1538 2130; baseline -0.001 -18"><span class='ocrx_word' id='word_1_274' title='bbox 180 2068 246 2122; x_wconf 88' lang='lat' dir='ltr'><strong>torn,</strong></span> <span class='ocrx_word' id='word_1_275' title='bbox 267 2069 295 2112; x_wconf 90' lang='lat' dir='ltr'><strong>ut</strong></span> <span class='ocrx_word' id='word_1_276' title='bbox 313 2078 360 2113; x_wconf 90' lang='lat' dir='ltr'><strong>uec</strong></span> <span class='ocrx_word' id='word_1_277' title='bbox 379 2063 442 2113; x_wconf 88' lang='lat' dir='ltr'><strong>ullas</strong></span> <span class='ocrx_word' id='word_1_278' title='bbox 460 2064 633 2114; x_wconf 85' lang='lat' dir='ltr'><strong>inclinationes</strong></span> <span class='ocrx_word' id='word_1_279' title='bbox 652 2066 734 2116; x_wconf 89' lang='lat' dir='ltr'><strong>inesse</strong></span> <span class='ocrx_word' id='word_1_280' title='bbox 752 2066 875 2130; x_wconf 86' lang='lat' dir='ltr'><strong>planetis;</strong></span> <span class='ocrx_word' id='word_1_281' title='bbox 902 2067 937 2114; x_wconf 87' lang='lat' dir='ltr'><strong>ris</strong></span> <span class='ocrx_word' id='word_1_282' title='bbox 956 2080 1013 2115; x_wconf 82' lang='lat' dir='ltr'><strong>vero</strong></span> <span class='ocrx_word' id='word_1_283' title='bbox 1032 2065 1165 2129; x_wconf 82' lang='lat' dir='ltr'><strong>vegetandi</strong></span> <span class='ocrx_word' id='word_1_284' title='bbox 1184 2065 1209 2113; x_wconf 93' lang='lat' dir='ltr'><strong>in</strong></span> <span class='ocrx_word' id='word_1_285' title='bbox 1228 2063 1335 2128; x_wconf 89' lang='lat' dir='ltr'><strong>planetis</strong></span> <span class='ocrx_word' id='word_1_286' title='bbox 1360 2071 1481 2112; x_wconf 90' lang='lat' dir='ltr'><strong>nontam</strong></span> <span class='ocrx_word' id='word_1_287' title='bbox 1500 2068 1538 2111; x_wconf 83' lang='lat' dir='ltr'><strong>est</strong></span> 
     </span>
     <span class='ocr_line' id='line_1_25' title="bbox 178 2130 1486 2256; baseline -0.001 -73"><span class='ocrx_word' id='word_1_288' title='bbox 178 2134 309 2191; x_wconf 81' lang='lat' dir='ltr'><strong>matruelis,</strong></span> <span class='ocrx_word' id='word_1_289' title='bbox 328 2148 402 2199; x_wconf 89' lang='lat' dir='ltr'><strong>quam</strong></span> <span class='ocrx_word' id='word_1_290' title='bbox 421 2135 526 2184; x_wconf 86' lang='lat' dir='ltr'><strong>relativa</strong></span> <span class='ocrx_word' id='word_1_291' title='bbox 545 2151 574 2185; x_wconf 86' lang='lat' dir='ltr'><strong>ex</strong></span> <span class='ocrx_word' id='word_1_292' title='bbox 593 2137 747 2256; x_wconf 41' lang='lat' dir='ltr'><strong>orgiuatioue</strong></span> <span class='ocrx_word' id='word_1_293' title='bbox 766 2137 857 2186; x_wconf 85' lang='lat' dir='ltr'><strong>dirius.</strong></span> <span class='ocrx_word' id='word_1_294' title='bbox 877 2135 1048 2200; x_wconf 84' lang='lat' dir='ltr'><strong>(Keplerus</strong></span> <span class='ocrx_word' id='word_1_295' title='bbox 1066 2138 1091 2184; x_wconf 90' lang='lat' dir='ltr'><strong>iu</strong></span> <span class='ocrx_word' id='word_1_296' title='bbox 1110 2136 1236 2200; x_wconf 77' lang='lat' dir='ltr'><strong>margine:</strong></span> <span class='ocrx_word' id='word_1_297' title='bbox 1256 2134 1321 2183; x_wconf 85' lang='lat' dir='ltr'><strong>l’ons</strong></span> <span class='ocrx_word' id='word_1_298' title='bbox 1341 2130 1486 2194; x_wconf 84' lang='lat' dir='ltr'><strong>asinorum)</strong></span> 
     </span>
    </p>

    <p class='ocr_par' dir='ltr' id='par_1_4' title="bbox 176 2205 1537 2912">
     <span class='ocr_line' id='line_1_26' title="bbox 249 2205 1536 2264; baseline 0 -9"><span class='ocrx_word' id='word_1_299' title='bbox 249 2205 338 2255; x_wconf 83' lang='lat' dir='ltr'><strong>Porro:</strong></span> <span class='ocrx_word' id='word_1_300' title='bbox 364 2207 385 2254; x_wconf 91' lang='lat' dir='ltr'><strong>si</strong></span> <span class='ocrx_word' id='word_1_301' title='bbox 407 2205 581 2256; x_wconf 85' lang='lat' dir='ltr'><strong>inclinationes</strong></span> <span class='ocrx_word' id='word_1_302' title='bbox 605 2222 621 2256; x_wconf 91' lang='lat' dir='ltr'><strong>a</strong></span> <span class='ocrx_word' id='word_1_303' title='bbox 660 2208 747 2264; x_wconf 70' lang='lat' dir='ltr'><strong>mnis,</strong></span> <span class='ocrx_word' id='word_1_304' title='bbox 775 2208 871 2257; x_wconf 60' lang='lat' dir='ltr'><strong>multia</strong></span> <span class='ocrx_word' id='word_1_305' title='bbox 889 2221 946 2256; x_wconf 85' lang='lat' dir='ltr'><strong>reru</strong></span> <span class='ocrx_word' id='word_1_306' title='bbox 965 2223 1048 2257; x_wconf 90' lang='lat' dir='ltr'><strong>eorum</strong></span> <span class='ocrx_word' id='word_1_307' title='bbox 1067 2206 1182 2261; x_wconf 80' lang='lat' dir='ltr'><strong>aliunde,</strong></span> <span class='ocrx_word' id='word_1_308' title='bbox 1206 2212 1266 2255; x_wconf 90' lang='lat' dir='ltr'><strong>tunc</strong></span> <span class='ocrx_word' id='word_1_309' title='bbox 1286 2205 1317 2255; x_wconf 89' lang='lat' dir='ltr'><strong>ad</strong></span> <span class='ocrx_word' id='word_1_310' title='bbox 1336 2205 1536 2255; x_wconf 86' lang='lat' dir='ltr'><strong>constituendum</strong></span> 
     </span>
     <span class='ocr_line' id='line_1_27' title="bbox 178 2276 1537 2340; baseline -0.001 -12"><span class='ocrx_word' id='word_1_311' title='bbox 178 2283 273 2328; x_wconf 89' lang='lat' dir='ltr'><strong>certum</strong></span> <span class='ocrx_word' id='word_1_312' title='bbox 292 2276 324 2326; x_wconf 93' lang='lat' dir='ltr'><strong>de</strong></span> <span class='ocrx_word' id='word_1_313' title='bbox 341 2277 543 2327; x_wconf 86' lang='lat' dir='ltr'><strong>inclinationibus</strong></span> <span class='ocrx_word' id='word_1_314' title='bbox 559 2278 679 2340; x_wconf 77' lang='lat' dir='ltr'><strong>judicium</strong></span> <span class='ocrx_word' id='word_1_315' title='bbox 703 2294 752 2328; x_wconf 93' lang='lat' dir='ltr'><strong>uon</strong></span> <span class='ocrx_word' id='word_1_316' title='bbox 771 2279 850 2328; x_wconf 89' lang='lat' dir='ltr'><strong>solum</strong></span> <span class='ocrx_word' id='word_1_317' title='bbox 876 2285 944 2328; x_wconf 86' lang='lat' dir='ltr'><strong>astra</strong></span> <span class='ocrx_word' id='word_1_318' title='bbox 962 2278 1146 2329; x_wconf 87' lang='lat' dir='ltr'><strong>consideranda</strong></span> <span class='ocrx_word' id='word_1_319' title='bbox 1163 2284 1247 2334; x_wconf 90' lang='lat' dir='ltr'><strong>erunt,</strong></span> <span class='ocrx_word' id='word_1_320' title='bbox 1274 2277 1318 2326; x_wconf 91' lang='lat' dir='ltr'><strong>sed</strong></span> <span class='ocrx_word' id='word_1_321' title='bbox 1346 2277 1423 2325; x_wconf 90' lang='lat' dir='ltr'><strong>animi</strong></span> <span class='ocrx_word' id='word_1_322' title='bbox 1441 2291 1537 2340; x_wconf 83' lang='lat' dir='ltr'><strong>quoque</strong></span> 
     </span>
     <span class='ocr_line' id='line_1_28' title="bbox 178 2348 1535 2414; baseline -0.001 -16"><span class='ocrx_word' id='word_1_323' title='bbox 178 2361 195 2398; x_wconf 86' lang='lat' dir='ltr'><strong>a</strong></span> <span class='ocrx_word' id='word_1_324' title='bbox 213 2348 310 2399; x_wconf 84' lang='lat' dir='ltr'><strong>malitia</strong></span> <span class='ocrx_word' id='word_1_325' title='bbox 327 2348 408 2413; x_wconf 86' lang='lat' dir='ltr'><strong>magis</strong></span> <span class='ocrx_word' id='word_1_326' title='bbox 426 2349 538 2399; x_wconf 80' lang='lat' dir='ltr'><strong>minusve</strong></span> <span class='ocrx_word' id='word_1_327' title='bbox 559 2351 724 2400; x_wconf 86' lang='lat' dir='ltr'><strong>contaminati</strong></span> <span class='ocrx_word' id='word_1_328' title='bbox 741 2349 861 2400; x_wconf 88' lang='lat' dir='ltr'><strong>habitudo</strong></span> <span class='ocrx_word' id='word_1_329' title='bbox 880 2349 1005 2414; x_wconf 75' lang='lat' dir='ltr'><strong>astrologo</strong></span> <span class='ocrx_word' id='word_1_330' title='bbox 1023 2348 1273 2413; x_wconf 89' lang='lat' dir='ltr'><strong>praecognoscenda,</strong></span> <span class='ocrx_word' id='word_1_331' title='bbox 1292 2354 1319 2397; x_wconf 91' lang='lat' dir='ltr'><strong>et</strong></span> <span class='ocrx_word' id='word_1_332' title='bbox 1337 2348 1408 2396; x_wconf 89' lang='lat' dir='ltr'><strong>simul</strong></span> <span class='ocrx_word' id='word_1_333' title='bbox 1427 2348 1453 2396; x_wconf 90' lang='lat' dir='ltr'><strong>iu</strong></span> <span class='ocrx_word' id='word_1_334' title='bbox 1469 2348 1535 2409; x_wconf 77' lang='lat' dir='ltr'><strong>judi·</strong></span> 
     </span>
     <span class='ocr_line' id='line_1_29' title="bbox 177 2417 1536 2486; baseline -0.001 -17"><span class='ocrx_word' id='word_1_335' title='bbox 177 2420 244 2469; x_wconf 87' lang='lat' dir='ltr'><strong>cium</strong></span> <span class='ocrx_word' id='word_1_336' title='bbox 264 2419 407 2469; x_wconf 89' lang='lat' dir='ltr'><strong>adhibenda</strong></span> <span class='ocrx_word' id='word_1_337' title='bbox 424 2421 478 2468; x_wconf 89' lang='lat' dir='ltr'><strong>erit.</strong></span> <span class='ocrx_word' id='word_1_338' title='bbox 517 2419 610 2470; x_wconf 90' lang='lat' dir='ltr'><strong>Verum</strong></span> <span class='ocrx_word' id='word_1_339' title='bbox 629 2421 766 2486; x_wconf 75' lang='lat' dir='ltr'><strong>astrologus</strong></span> <span class='ocrx_word' id='word_1_340' title='bbox 782 2421 880 2483; x_wconf 64' lang='lat' dir='ltr'><strong>judicic</strong></span> <span class='ocrx_word' id='word_1_341' title='bbox 899 2419 1050 2470; x_wconf 90' lang='lat' dir='ltr'><strong>solummodo</strong></span> <span class='ocrx_word' id='word_1_342' title='bbox 1066 2422 1138 2482; x_wconf 86' lang='lat' dir='ltr'><strong>juxta</strong></span> <span class='ocrx_word' id='word_1_343' title='bbox 1156 2419 1261 2484; x_wconf 90' lang='lat' dir='ltr'><strong>positum</strong></span> <span class='ocrx_word' id='word_1_344' title='bbox 1281 2419 1344 2468; x_wconf 92' lang='lat' dir='ltr'><strong>coeli</strong></span> <span class='ocrx_word' id='word_1_345' title='bbox 1363 2424 1389 2468; x_wconf 92' lang='lat' dir='ltr'><strong>et</strong></span> <span class='ocrx_word' id='word_1_346' title='bbox 1407 2417 1536 2469; x_wconf 77' lang='lat' dir='ltr'><strong>diversita-</strong></span> 
     </span>
     <span class='ocr_line' id='line_1_30' title="bbox 176 2488 1537 2556; baseline -0.001 -16"><span class='ocrx_word' id='word_1_347' title='bbox 176 2497 228 2540; x_wconf 86' lang='lat' dir='ltr'><strong>tcm</strong></span> <span class='ocrx_word' id='word_1_348' title='bbox 248 2497 404 2553; x_wconf 85' lang='lat' dir='ltr'><strong>aspectuum,</strong></span> <span class='ocrx_word' id='word_1_349' title='bbox 423 2497 494 2555; x_wconf 91' lang='lat' dir='ltr'><strong>prout</strong></span> <span class='ocrx_word' id='word_1_350' title='bbox 512 2491 545 2540; x_wconf 89' lang='lat' dir='ltr'><strong>ilii</strong></span> <span class='ocrx_word' id='word_1_351' title='bbox 566 2497 610 2541; x_wconf 88' lang='lat' dir='ltr'><strong>aut</strong></span> <span class='ocrx_word' id='word_1_352' title='bbox 628 2492 708 2555; x_wconf 88' lang='lat' dir='ltr'><strong>asperi</strong></span> <span class='ocrx_word' id='word_1_353' title='bbox 728 2496 773 2541; x_wconf 89' lang='lat' dir='ltr'><strong>aut</strong></span> <span class='ocrx_word' id='word_1_354' title='bbox 784 2492 892 2541; x_wconf 90' lang='lat' dir='ltr'><strong>mitiores</strong></span> <span class='ocrx_word' id='word_1_355' title='bbox 911 2498 976 2540; x_wconf 90' lang='lat' dir='ltr'><strong>sunt.</strong></span> <span class='ocrx_word' id='word_1_356' title='bbox 1013 2490 1079 2556; x_wconf 85' lang='lat' dir='ltr'><strong>Ergo</strong></span> <span class='ocrx_word' id='word_1_357' title='bbox 1093 2505 1122 2540; x_wconf 90' lang='lat' dir='ltr'><strong>eo</strong></span> <span class='ocrx_word' id='word_1_358' title='bbox 1135 2492 1187 2554; x_wconf 90' lang='lat' dir='ltr'><strong>ipso</strong></span> <span class='ocrx_word' id='word_1_359' title='bbox 1206 2489 1317 2538; x_wconf 83' lang='lat' dir='ltr'><strong>uolentes</strong></span> <span class='ocrx_word' id='word_1_360' title='bbox 1330 2488 1440 2538; x_wconf 84' lang='lat' dir='ltr'><strong>volentes</strong></span> <span class='ocrx_word' id='word_1_361' title='bbox 1453 2495 1537 2539; x_wconf 89' lang='lat' dir='ltr'><strong>osten-</strong></span> 
     </span>
     <span class='ocr_line' id='line_1_31' title="bbox 177 2560 1533 2625; baseline -0.001 -15"><span class='ocrx_word' id='word_1_362' title='bbox 177 2561 240 2610; x_wconf 87' lang='lat' dir='ltr'><strong>dunt</strong></span> <span class='ocrx_word' id='word_1_363' title='bbox 259 2561 391 2625; x_wconf 87' lang='lat' dir='ltr'><strong>astrologi,</strong></span> <span class='ocrx_word' id='word_1_364' title='bbox 419 2567 464 2610; x_wconf 92' lang='lat' dir='ltr'><strong>aut</strong></span> <span class='ocrx_word' id='word_1_365' title='bbox 482 2563 553 2612; x_wconf 91' lang='lat' dir='ltr'><strong>simul</strong></span> <span class='ocrx_word' id='word_1_366' title='bbox 571 2563 708 2611; x_wconf 89' lang='lat' dir='ltr'><strong>bonitatem</strong></span> <span class='ocrx_word' id='word_1_367' title='bbox 728 2569 754 2612; x_wconf 92' lang='lat' dir='ltr'><strong>et</strong></span> <span class='ocrx_word' id='word_1_368' title='bbox 771 2563 892 2612; x_wconf 89' lang='lat' dir='ltr'><strong>malitiam</strong></span> <span class='ocrx_word' id='word_1_369' title='bbox 911 2576 967 2611; x_wconf 91' lang='lat' dir='ltr'><strong>cum</strong></span> <span class='ocrx_word' id='word_1_370' title='bbox 985 2563 1044 2625; x_wconf 87' lang='lat' dir='ltr'><strong>ipsis</strong></span> <span class='ocrx_word' id='word_1_371' title='bbox 1062 2560 1263 2611; x_wconf 85' lang='lat' dir='ltr'><strong>inclinationibus</strong></span> <span class='ocrx_word' id='word_1_372' title='bbox 1287 2562 1312 2608; x_wconf 91' lang='lat' dir='ltr'><strong>lu</strong></span> <span class='ocrx_word' id='word_1_373' title='bbox 1331 2560 1420 2608; x_wconf 83' lang='lat' dir='ltr'><strong>euimis</strong></span> <span class='ocrx_word' id='word_1_374' title='bbox 1440 2560 1533 2609; x_wconf 90' lang='lat' dir='ltr'><strong>coniur-</strong></span> 
     </span>
     <span class='ocr_line' id='line_1_32' title="bbox 177 2627 1537 2696; baseline -0.001 -15"><span class='ocrx_word' id='word_1_375' title='bbox 177 2632 249 2685; x_wconf 81' lang='lat' dir='ltr'><strong>mari‚</strong></span> <span class='ocrx_word' id='word_1_376' title='bbox 270 2639 315 2682; x_wconf 88' lang='lat' dir='ltr'><strong>aut</strong></span> <span class='ocrx_word' id='word_1_377' title='bbox 332 2634 354 2681; x_wconf 91' lang='lat' dir='ltr'><strong>si</strong></span> <span class='ocrx_word' id='word_1_378' title='bbox 371 2632 419 2682; x_wconf 90' lang='lat' dir='ltr'><strong>hoc</strong></span> <span class='ocrx_word' id='word_1_379' title='bbox 437 2632 532 2688; x_wconf 86' lang='lat' dir='ltr'><strong>nolunt.</strong></span> <span class='ocrx_word' id='word_1_380' title='bbox 551 2635 672 2683; x_wconf 91' lang='lat' dir='ltr'><strong>incertum</strong></span> <span class='ocrx_word' id='word_1_381' title='bbox 691 2635 796 2696; x_wconf 89' lang='lat' dir='ltr'><strong>ipsorum</strong></span> <span class='ocrx_word' id='word_1_382' title='bbox 810 2630 1000 2695; x_wconf 68' lang='lat' dir='ltr'><strong>esse&#39;jndicium</strong></span> <span class='ocrx_word' id='word_1_383' title='bbox 1019 2630 1208 2696; x_wconf 88' lang='lat' dir='ltr'><strong>(Keplcrus:</strong></span> <span class='ocrx_word' id='word_1_384' title='bbox 1228 2627 1368 2692; x_wconf 87' lang='lat' dir='ltr'><strong>omniuol),</strong></span> <span class='ocrx_word' id='word_1_385' title='bbox 1388 2629 1425 2679; x_wconf 86' lang='lat' dir='ltr'><strong>rel</strong></span> <span class='ocrx_word' id='word_1_386' title='bbox 1439 2632 1537 2680; x_wconf 89' lang='lat' dir='ltr'><strong>omniuo</strong></span> 
     </span>
     <span class='ocr_line' id='line_1_33' title="bbox 178 2701 1536 2768; baseline -0.001 -16"><span class='ocrx_word' id='word_1_387' title='bbox 178 2704 257 2752; x_wconf 87' lang='lat' dir='ltr'><strong>etiam</strong></span> <span class='ocrx_word' id='word_1_388' title='bbox 277 2704 309 2752; x_wconf 93' lang='lat' dir='ltr'><strong>ab</strong></span> <span class='ocrx_word' id='word_1_389' title='bbox 328 2704 400 2753; x_wconf 87' lang='lat' dir='ltr'><strong>astris</strong></span> <span class='ocrx_word' id='word_1_390' title='bbox 421 2704 575 2768; x_wconf 87' lang='lat' dir='ltr'><strong>originaliter</strong></span> <span class='ocrx_word' id='word_1_391' title='bbox 592 2704 767 2754; x_wconf 88' lang='lat' dir='ltr'><strong>inclinationes</strong></span> <span class='ocrx_word' id='word_1_392' title='bbox 785 2721 834 2755; x_wconf 91' lang='lat' dir='ltr'><strong>non</strong></span> <span class='ocrx_word' id='word_1_393' title='bbox 853 2705 957 2768; x_wconf 86' lang='lat' dir='ltr'><strong>prodire.</strong></span> <span class='ocrx_word' id='word_1_394' title='bbox 996 2704 1125 2764; x_wconf 86' lang='lat' dir='ltr'><strong>Quomodo</strong></span> <span class='ocrx_word' id='word_1_395' title='bbox 1145 2703 1210 2753; x_wconf 90' lang='lat' dir='ltr'><strong>hunc</strong></span> <span class='ocrx_word' id='word_1_396' title='bbox 1229 2702 1319 2751; x_wconf 90' lang='lat' dir='ltr'><strong>nodum</strong></span> <span class='ocrx_word' id='word_1_397' title='bbox 1340 2701 1457 2751; x_wconf 86' lang='lat' dir='ltr'><strong>Gordium</strong></span> <span class='ocrx_word' id='word_1_398' title='bbox 1470 2716 1536 2751; x_wconf 92' lang='lat' dir='ltr'><strong>com-</strong></span> 
     </span>
     <span class='ocr_line' id='line_1_34' title="bbox 176 2773 1537 2839; baseline -0.001 -16"><span class='ocrx_word' id='word_1_399' title='bbox 176 2774 250 2824; x_wconf 91' lang='lat' dir='ltr'><strong>mode</strong></span> <span class='ocrx_word' id='word_1_400' title='bbox 268 2774 362 2824; x_wconf 80' lang='lat' dir='ltr'><strong>solvere</strong></span> <span class='ocrx_word' id='word_1_401' title='bbox 380 2777 458 2837; x_wconf 89' lang='lat' dir='ltr'><strong>possis</strong></span> <span class='ocrx_word' id='word_1_402' title='bbox 478 2782 522 2824; x_wconf 93' lang='lat' dir='ltr'><strong>aut</strong></span> <span class='ocrx_word' id='word_1_403' title='bbox 540 2775 608 2832; x_wconf 81' lang='lat' dir='ltr'><strong>velis,</strong></span> <span class='ocrx_word' id='word_1_404' title='bbox 628 2791 677 2825; x_wconf 91' lang='lat' dir='ltr'><strong>non</strong></span> <span class='ocrx_word' id='word_1_405' title='bbox 696 2776 777 2832; x_wconf 86' lang='lat' dir='ltr'><strong>rideo,</strong></span> <span class='ocrx_word' id='word_1_406' title='bbox 798 2792 854 2827; x_wconf 90' lang='lat' dir='ltr'><strong>cum</strong></span> <span class='ocrx_word' id='word_1_407' title='bbox 872 2777 928 2839; x_wconf 89' lang='lat' dir='ltr'><strong>ipsa</strong></span> <span class='ocrx_word' id='word_1_408' title='bbox 945 2777 1037 2826; x_wconf 84' lang='lat' dir='ltr'><strong>raritas</strong></span> <span class='ocrx_word' id='word_1_409' title='bbox 1056 2777 1094 2824; x_wconf 94' lang='lat' dir='ltr'><strong>sit.</strong></span> <span class='ocrx_word' id='word_1_410' title='bbox 1134 2774 1172 2824; x_wconf 89' lang='lat' dir='ltr'><strong>Tu</strong></span> <span class='ocrx_word' id='word_1_411' title='bbox 1183 2774 1258 2838; x_wconf 89' lang='lat' dir='ltr'><strong>igitur</strong></span> <span class='ocrx_word' id='word_1_412' title='bbox 1281 2780 1366 2837; x_wconf 90' lang='lat' dir='ltr'><strong>aperte</strong></span> <span class='ocrx_word' id='word_1_413' title='bbox 1385 2779 1411 2823; x_wconf 94' lang='lat' dir='ltr'><strong>et</strong></span> <span class='ocrx_word' id='word_1_414' title='bbox 1428 2773 1537 2839; x_wconf 88' lang='lat' dir='ltr'><strong>ingenue</strong></span> 
     </span>
     <span class='ocr_line' id='line_1_35' title="bbox 178 2843 880 2912; baseline -0.001 -17"><span class='ocrx_word' id='word_1_415' title='bbox 178 2843 294 2896; x_wconf 86' lang='lat' dir='ltr'><strong>adhaec</strong></span> <span class='ocrx_word' id='word_1_416' title='bbox 313 2845 344 2895; x_wconf 92' lang='lat' dir='ltr'><strong>de</strong></span> <span class='ocrx_word' id='word_1_417' title='bbox 363 2845 564 2896; x_wconf 88' lang='lat' dir='ltr'><strong>inclinationibus</strong></span> <span class='ocrx_word' id='word_1_418' title='bbox 584 2846 734 2912; x_wconf 78' lang='lat' dir='ltr'><strong>argumenta</strong></span> <span class='ocrx_word' id='word_1_419' title='bbox 751 2848 880 2912; x_wconf 91' lang='lat' dir='ltr'><strong>responde.</strong></span> 
     </span>
    </p>

    <p class='ocr_par' dir='ltr' id='par_1_5' title="bbox 175 2913 1543 4474">
     <span class='ocr_line' id='line_1_36' title="bbox 249 2913 1536 2979; baseline -0.002 -14"><span class='ocrx_word' id='word_1_420' title='bbox 249 2915 322 2976; x_wconf 84' lang='lat' dir='ltr'><strong>Quod</strong></span> <span class='ocrx_word' id='word_1_421' title='bbox 341 2916 410 2974; x_wconf 85' lang='lat' dir='ltr'><strong>dicis,</strong></span> <span class='ocrx_word' id='word_1_422' title='bbox 429 2916 536 2979; x_wconf 89' lang='lat' dir='ltr'><strong>planetis</strong></span> <span class='ocrx_word' id='word_1_423' title='bbox 554 2932 604 2966; x_wconf 90' lang='lat' dir='ltr'><strong>non</strong></span> <span class='ocrx_word' id='word_1_424' title='bbox 622 2919 704 2967; x_wconf 90' lang='lat' dir='ltr'><strong>inesse</strong></span> <span class='ocrx_word' id='word_1_425' title='bbox 722 2918 861 2968; x_wconf 89' lang='lat' dir='ltr'><strong>honitatem</strong></span> <span class='ocrx_word' id='word_1_426' title='bbox 881 2923 925 2967; x_wconf 92' lang='lat' dir='ltr'><strong>aut</strong></span> <span class='ocrx_word' id='word_1_427' title='bbox 942 2917 1073 2973; x_wconf 89' lang='lat' dir='ltr'><strong>malitiam,</strong></span> <span class='ocrx_word' id='word_1_428' title='bbox 1094 2915 1139 2965; x_wconf 90' lang='lat' dir='ltr'><strong>sed</strong></span> <span class='ocrx_word' id='word_1_429' title='bbox 1151 2914 1318 2964; x_wconf 89' lang='lat' dir='ltr'><strong>iortitudinem</strong></span> <span class='ocrx_word' id='word_1_430' title='bbox 1335 2920 1361 2962; x_wconf 86' lang='lat' dir='ltr'><strong>et</strong></span> <span class='ocrx_word' id='word_1_431' title='bbox 1373 2913 1536 2970; x_wconf 87' lang='lat' dir='ltr'><strong>debilitatem,</strong></span> 
     </span>
     <span class='ocr_line' id='line_1_37' title="bbox 176 2984 1536 3052; baseline -0.001 -16"><span class='ocrx_word' id='word_1_432' title='bbox 176 2987 306 3051; x_wconf 90' lang='lat' dir='ltr'><strong>pulchrum</strong></span> <span class='ocrx_word' id='word_1_433' title='bbox 326 2994 352 3036; x_wconf 91' lang='lat' dir='ltr'><strong>et</strong></span> <span class='ocrx_word' id='word_1_434' title='bbox 371 2988 496 3050; x_wconf 86' lang='lat' dir='ltr'><strong>abjectum</strong></span> <span class='ocrx_word' id='word_1_435' title='bbox 515 2984 581 3048; x_wconf 85' lang='lat' dir='ltr'><strong>(ride</strong></span> <span class='ocrx_word' id='word_1_436' title='bbox 599 3003 624 3051; x_wconf 89' lang='lat' dir='ltr'><strong>p.</strong></span> <span class='ocrx_word' id='word_1_437' title='bbox 644 2985 721 3047; x_wconf 76' lang='lat' dir='ltr'><strong>ilc).</strong></span> <span class='ocrx_word' id='word_1_438' title='bbox 742 2990 774 3039; x_wconf 90' lang='lat' dir='ltr'><strong>ad</strong></span> <span class='ocrx_word' id='word_1_439' title='bbox 792 2990 818 3039; x_wconf 91' lang='lat' dir='ltr'><strong>id</strong></span> <span class='ocrx_word' id='word_1_440' title='bbox 836 2994 872 3038; x_wconf 91' lang='lat' dir='ltr'><strong>sic</strong></span> <span class='ocrx_word' id='word_1_441' title='bbox 891 2988 1040 3052; x_wconf 87' lang='lat' dir='ltr'><strong>respondeo:</strong></span> <span class='ocrx_word' id='word_1_442' title='bbox 1068 2987 1236 3037; x_wconf 77' lang='lat' dir='ltr'><strong>iordtudiuern</strong></span> <span class='ocrx_word' id='word_1_443' title='bbox 1255 2992 1281 3034; x_wconf 87' lang='lat' dir='ltr'><strong>et</strong></span> <span class='ocrx_word' id='word_1_444' title='bbox 1299 2986 1405 3035; x_wconf 89' lang='lat' dir='ltr'><strong>actionis</strong></span> <span class='ocrx_word' id='word_1_445' title='bbox 1423 2985 1536 3035; x_wconf 84' lang='lat' dir='ltr'><strong>debilita-</strong></span> 
     </span>
     <span class='ocr_line' id='line_1_38' title="bbox 177 3055 1536 3124; baseline -0.002 -16"><span class='ocrx_word' id='word_1_446' title='bbox 177 3064 229 3108; x_wconf 91' lang='lat' dir='ltr'><strong>tem</strong></span> <span class='ocrx_word' id='word_1_447' title='bbox 247 3059 308 3123; x_wconf 88' lang='lat' dir='ltr'><strong>ipsis</strong></span> <span class='ocrx_word' id='word_1_448' title='bbox 326 3059 409 3108; x_wconf 90' lang='lat' dir='ltr'><strong>inesse</strong></span> <span class='ocrx_word' id='word_1_449' title='bbox 427 3074 476 3108; x_wconf 90' lang='lat' dir='ltr'><strong>nou</strong></span> <span class='ocrx_word' id='word_1_450' title='bbox 495 3073 567 3124; x_wconf 87' lang='lat' dir='ltr'><strong>nego,</strong></span> <span class='ocrx_word' id='word_1_451' title='bbox 588 3073 653 3119; x_wconf 88' lang='lat' dir='ltr'><strong>curu,</strong></span> <span class='ocrx_word' id='word_1_452' title='bbox 673 3061 769 3111; x_wconf 88' lang='lat' dir='ltr'><strong>ratione</strong></span> <span class='ocrx_word' id='word_1_453' title='bbox 788 3061 924 3110; x_wconf 88' lang='lat' dir='ltr'><strong>distantiae</strong></span> <span class='ocrx_word' id='word_1_454' title='bbox 944 3075 959 3109; x_wconf 89' lang='lat' dir='ltr'><strong>a</strong></span> <span class='ocrx_word' id='word_1_455' title='bbox 978 3059 1063 3112; x_wconf 84' lang='lat' dir='ltr'><strong>Terra.</strong></span> <span class='ocrx_word' id='word_1_456' title='bbox 1083 3061 1145 3108; x_wconf 88' lang='lat' dir='ltr'><strong>situs</strong></span> <span class='ocrx_word' id='word_1_457' title='bbox 1165 3066 1190 3107; x_wconf 90' lang='lat' dir='ltr'><strong>et</strong></span> <span class='ocrx_word' id='word_1_458' title='bbox 1208 3058 1306 3107; x_wconf 89' lang='lat' dir='ltr'><strong>luminis</strong></span> <span class='ocrx_word' id='word_1_459' title='bbox 1324 3055 1369 3106; x_wconf 77' lang='lat' dir='ltr'><strong>liic.</strong></span> <span class='ocrx_word' id='word_1_460' title='bbox 1390 3057 1466 3106; x_wconf 86' lang='lat' dir='ltr'><strong>etium</strong></span> <span class='ocrx_word' id='word_1_461' title='bbox 1484 3071 1536 3105; x_wconf 88' lang='lat' dir='ltr'><strong>ma·</strong></span> 
     </span>
     <span class='ocr_line' id='line_1_39' title="bbox 175 3127 1537 3192; baseline -0.002 -13"><span class='ocrx_word' id='word_1_462' title='bbox 175 3131 241 3192; x_wconf 84' lang='lat' dir='ltr'><strong>jures</strong></span> <span class='ocrx_word' id='word_1_463' title='bbox 262 3135 307 3178; x_wconf 88' lang='lat' dir='ltr'><strong>aut</strong></span> <span class='ocrx_word' id='word_1_464' title='bbox 324 3130 429 3179; x_wconf 88' lang='lat' dir='ltr'><strong>minores</strong></span> <span class='ocrx_word' id='word_1_465' title='bbox 449 3131 511 3180; x_wconf 90' lang='lat' dir='ltr'><strong>rires</strong></span> <span class='ocrx_word' id='word_1_466' title='bbox 529 3130 649 3180; x_wconf 89' lang='lat' dir='ltr'><strong>habeant.</strong></span> <span class='ocrx_word' id='word_1_467' title='bbox 688 3129 751 3180; x_wconf 88' lang='lat' dir='ltr'><strong>Cum</strong></span> <span class='ocrx_word' id='word_1_468' title='bbox 769 3147 825 3181; x_wconf 82' lang='lat' dir='ltr'><strong>vero</strong></span> <span class='ocrx_word' id='word_1_469' title='bbox 843 3132 1045 3186; x_wconf 85' lang='lat' dir='ltr'><strong>inclinationem,</strong></span> <span class='ocrx_word' id='word_1_470' title='bbox 1074 3131 1133 3180; x_wconf 90' lang='lat' dir='ltr'><strong>item</strong></span> <span class='ocrx_word' id='word_1_471' title='bbox 1152 3129 1321 3179; x_wconf 89' lang='lat' dir='ltr'><strong>iortitudinem</strong></span> <span class='ocrx_word' id='word_1_472' title='bbox 1340 3133 1366 3175; x_wconf 86' lang='lat' dir='ltr'><strong>et</strong></span> <span class='ocrx_word' id='word_1_473' title='bbox 1384 3127 1537 3177; x_wconf 86' lang='lat' dir='ltr'><strong>debilitatem</strong></span> 
     </span>
     <span class='ocr_line' id='line_1_40' title="bbox 177 3197 1536 3265; baseline -0.001 -17"><span class='ocrx_word' id='word_1_474' title='bbox 177 3199 284 3263; x_wconf 87' lang='lat' dir='ltr'><strong>planetis</strong></span> <span class='ocrx_word' id='word_1_475' title='bbox 304 3200 389 3250; x_wconf 88' lang='lat' dir='ltr'><strong>tribuis</strong></span> <span class='ocrx_word' id='word_1_476' title='bbox 408 3201 504 3252; x_wconf 83' lang='lat' dir='ltr'><strong>inesse.</strong></span> <span class='ocrx_word' id='word_1_477' title='bbox 531 3215 563 3250; x_wconf 89' lang='lat' dir='ltr'><strong>au</strong></span> <span class='ocrx_word' id='word_1_478' title='bbox 583 3217 632 3249; x_wconf 93' lang='lat' dir='ltr'><strong>uon</strong></span> <span class='ocrx_word' id='word_1_479' title='bbox 652 3216 681 3251; x_wconf 92' lang='lat' dir='ltr'><strong>eo</strong></span> <span class='ocrx_word' id='word_1_480' title='bbox 700 3204 753 3265; x_wconf 89' lang='lat' dir='ltr'><strong>ipsc</strong></span> <span class='ocrx_word' id='word_1_481' title='bbox 773 3217 900 3253; x_wconf 86' lang='lat' dir='ltr'><strong>excessum</strong></span> <span class='ocrx_word' id='word_1_482' title='bbox 920 3209 945 3251; x_wconf 91' lang='lat' dir='ltr'><strong>et</strong></span> <span class='ocrx_word' id='word_1_483' title='bbox 964 3202 1103 3257; x_wconf 89' lang='lat' dir='ltr'><strong>deiectum,</strong></span> <span class='ocrx_word' id='word_1_484' title='bbox 1132 3201 1172 3265; x_wconf 92' lang='lat' dir='ltr'><strong>qui</strong></span> <span class='ocrx_word' id='word_1_485' title='bbox 1192 3201 1223 3250; x_wconf 87' lang='lat' dir='ltr'><strong>ab</strong></span> <span class='ocrx_word' id='word_1_486' title='bbox 1242 3197 1330 3248; x_wconf 84' lang='lat' dir='ltr'><strong>ethicis</strong></span> <span class='ocrx_word' id='word_1_487' title='bbox 1350 3214 1392 3262; x_wconf 89' lang='lat' dir='ltr'><strong>pro</strong></span> <span class='ocrx_word' id='word_1_488' title='bbox 1410 3199 1474 3247; x_wconf 78' lang='lat' dir='ltr'><strong>vitiis</strong></span> <span class='ocrx_word' id='word_1_489' title='bbox 1492 3197 1536 3246; x_wconf 85' lang='lat' dir='ltr'><strong>lra-</strong></span> 
     </span>
     <span class='ocr_line' id='line_1_41' title="bbox 176 3269 1538 3338; baseline -0.004 -17"><span class='ocrx_word' id='word_1_490' title='bbox 176 3272 280 3327; x_wconf 89' lang='lat' dir='ltr'><strong>hentur,</strong></span> <span class='ocrx_word' id='word_1_491' title='bbox 308 3272 380 3321; x_wconf 91' lang='lat' dir='ltr'><strong>simul</strong></span> <span class='ocrx_word' id='word_1_492' title='bbox 398 3270 503 3321; x_wconf 80' lang='lat' dir='ltr'><strong>iunuesi</strong></span> <span class='ocrx_word' id='word_1_493' title='bbox 533 3269 707 3336; x_wconf 86' lang='lat' dir='ltr'><strong>(Keplerus</strong></span> <span class='ocrx_word' id='word_1_494' title='bbox 726 3275 752 3322; x_wconf 92' lang='lat' dir='ltr'><strong>iu</strong></span> <span class='ocrx_word' id='word_1_495' title='bbox 770 3276 895 3338; x_wconf 86' lang='lat' dir='ltr'><strong>margine:</strong></span> <span class='ocrx_word' id='word_1_496' title='bbox 916 3273 1026 3323; x_wconf 89' lang='lat' dir='ltr'><strong>delectus</strong></span> <span class='ocrx_word' id='word_1_497' title='bbox 1051 3288 1101 3321; x_wconf 92' lang='lat' dir='ltr'><strong>uon</strong></span> <span class='ocrx_word' id='word_1_498' title='bbox 1121 3278 1159 3321; x_wconf 89' lang='lat' dir='ltr'><strong>est</strong></span> <span class='ocrx_word' id='word_1_499' title='bbox 1181 3270 1281 3320; x_wconf 89' lang='lat' dir='ltr'><strong>malum.</strong></span> <span class='ocrx_word' id='word_1_500' title='bbox 1321 3269 1412 3320; x_wconf 86' lang='lat' dir='ltr'><strong>Omnia</strong></span> <span class='ocrx_word' id='word_1_501' title='bbox 1429 3270 1495 3319; x_wconf 92' lang='lat' dir='ltr'><strong>bona</strong></span> <span class='ocrx_word' id='word_1_502' title='bbox 1514 3271 1538 3316; x_wconf 93' lang='lat' dir='ltr'><strong>ln</strong></span> 
     </span>
     <span class='ocr_line' id='line_1_42' title="bbox 177 3339 1539 3407; baseline -0.004 -15"><span class='ocrx_word' id='word_1_503' title='bbox 177 3340 290 3401; x_wconf 88' lang='lat' dir='ltr'><strong>natura.)</strong></span> <span class='ocrx_word' id='word_1_504' title='bbox 327 3342 424 3406; x_wconf 86' lang='lat' dir='ltr'><strong>Jupiter</strong></span> <span class='ocrx_word' id='word_1_505' title='bbox 448 3350 474 3393; x_wconf 91' lang='lat' dir='ltr'><strong>et</strong></span> <span class='ocrx_word' id='word_1_506' title='bbox 492 3342 578 3393; x_wconf 85' lang='lat' dir='ltr'><strong>Venus</strong></span> <span class='ocrx_word' id='word_1_507' title='bbox 596 3343 771 3393; x_wconf 80' lang='lat' dir='ltr'><strong>inclinationes</strong></span> <span class='ocrx_word' id='word_1_508' title='bbox 792 3345 916 3407; x_wconf 88' lang='lat' dir='ltr'><strong>jucundas</strong></span> <span class='ocrx_word' id='word_1_509' title='bbox 940 3349 965 3393; x_wconf 90' lang='lat' dir='ltr'><strong>ct</strong></span> <span class='ocrx_word' id='word_1_510' title='bbox 988 3342 1103 3406; x_wconf 90' lang='lat' dir='ltr'><strong>pulchras</strong></span> <span class='ocrx_word' id='word_1_511' title='bbox 1130 3351 1173 3392; x_wconf 91' lang='lat' dir='ltr'><strong>tuo</strong></span> <span class='ocrx_word' id='word_1_512' title='bbox 1194 3341 1287 3405; x_wconf 83' lang='lat' dir='ltr'><strong>judicio</strong></span> <span class='ocrx_word' id='word_1_513' title='bbox 1306 3341 1379 3396; x_wconf 88' lang='lat' dir='ltr'><strong>dant;</strong></span> <span class='ocrx_word' id='word_1_514' title='bbox 1407 3339 1539 3389; x_wconf 88' lang='lat' dir='ltr'><strong>sidebiles</strong></span> 
     </span>
     <span class='ocr_line' id='line_1_43' title="bbox 177 3411 1539 3478; baseline -0.002 -16"><span class='ocrx_word' id='word_1_515' title='bbox 177 3413 277 3470; x_wconf 67' lang='lat' dir='ltr'><strong>inerim,</strong></span> <span class='ocrx_word' id='word_1_516' title='bbox 293 3416 369 3463; x_wconf 86' lang='lat' dir='ltr'><strong>etiam</strong></span> <span class='ocrx_word' id='word_1_517' title='bbox 382 3427 440 3463; x_wconf 86' lang='lat' dir='ltr'><strong>suas</strong></span> <span class='ocrx_word' id='word_1_518' title='bbox 451 3414 626 3464; x_wconf 87' lang='lat' dir='ltr'><strong>inclinationes</strong></span> <span class='ocrx_word' id='word_1_519' title='bbox 640 3415 754 3478; x_wconf 88' lang='lat' dir='ltr'><strong>pulchras</strong></span> <span class='ocrx_word' id='word_1_520' title='bbox 768 3422 794 3465; x_wconf 91' lang='lat' dir='ltr'><strong>et</strong></span> <span class='ocrx_word' id='word_1_521' title='bbox 807 3415 907 3475; x_wconf 89' lang='lat' dir='ltr'><strong>debiles,</strong></span> <span class='ocrx_word' id='word_1_522' title='bbox 927 3414 965 3462; x_wconf 84' lang='lat' dir='ltr'><strong>rel</strong></span> <span class='ocrx_word' id='word_1_523' title='bbox 978 3413 1115 3463; x_wconf 86' lang='lat' dir='ltr'><strong>beneficam</strong></span> <span class='ocrx_word' id='word_1_524' title='bbox 1134 3413 1216 3476; x_wconf 87' lang='lat' dir='ltr'><strong>potins</strong></span> <span class='ocrx_word' id='word_1_525' title='bbox 1229 3419 1344 3462; x_wconf 84' lang='lat' dir='ltr'><strong>naturam</strong></span> <span class='ocrx_word' id='word_1_526' title='bbox 1362 3411 1467 3461; x_wconf 90' lang='lat' dir='ltr'><strong>debilius</strong></span> <span class='ocrx_word' id='word_1_527' title='bbox 1479 3415 1539 3459; x_wconf 90' lang='lat' dir='ltr'><strong>nato</strong></span> 
     </span>
     <span class='ocr_line' id='line_1_44' title="bbox 177 3481 1539 3547; baseline -0.004 -12"><span class='ocrx_word' id='word_1_528' title='bbox 177 3485 325 3535; x_wconf 86' lang='lat' dir='ltr'><strong>attribuunt.</strong></span> <span class='ocrx_word' id='word_1_529' title='bbox 363 3484 473 3535; x_wconf 79' lang='lat' dir='ltr'><strong>Necesse</strong></span> <span class='ocrx_word' id='word_1_530' title='bbox 492 3500 553 3536; x_wconf 89' lang='lat' dir='ltr'><strong>saue</strong></span> <span class='ocrx_word' id='word_1_531' title='bbox 572 3487 630 3542; x_wconf 86' lang='lat' dir='ltr'><strong>erit,</strong></span> <span class='ocrx_word' id='word_1_532' title='bbox 661 3501 691 3535; x_wconf 84' lang='lat' dir='ltr'><strong>ex</strong></span> <span class='ocrx_word' id='word_1_533' title='bbox 710 3488 759 3535; x_wconf 89' lang='lat' dir='ltr'><strong>ista</strong></span> <span class='ocrx_word' id='word_1_534' title='bbox 778 3486 906 3536; x_wconf 89' lang='lat' dir='ltr'><strong>debilitate</strong></span> <span class='ocrx_word' id='word_1_535' title='bbox 925 3486 1050 3535; x_wconf 84' lang='lat' dir='ltr'><strong>deiectum</strong></span> <span class='ocrx_word' id='word_1_536' title='bbox 1076 3485 1133 3533; x_wconf 91' lang='lat' dir='ltr'><strong>oriri</strong></span> <span class='ocrx_word' id='word_1_537' title='bbox 1151 3485 1177 3532; x_wconf 92' lang='lat' dir='ltr'><strong>iu</strong></span> <span class='ocrx_word' id='word_1_538' title='bbox 1198 3485 1296 3538; x_wconf 87' lang='lat' dir='ltr'><strong>auimo,</strong></span> <span class='ocrx_word' id='word_1_539' title='bbox 1323 3488 1348 3532; x_wconf 90' lang='lat' dir='ltr'><strong>et</strong></span> <span class='ocrx_word' id='word_1_540' title='bbox 1367 3481 1425 3532; x_wconf 90' lang='lat' dir='ltr'><strong>iude</strong></span> <span class='ocrx_word' id='word_1_541' title='bbox 1444 3494 1539 3547; x_wconf 88' lang='lat' dir='ltr'><strong>quoque</strong></span> 
     </span>
     <span class='ocr_line' id='line_1_45' title="bbox 175 3551 1540 3615; baseline -0.004 -11"><span class='ocrx_word' id='word_1_542' title='bbox 175 3554 332 3605; x_wconf 87' lang='lat' dir='ltr'><strong>harmoniam</strong></span> <span class='ocrx_word' id='word_1_543' title='bbox 351 3557 476 3606; x_wconf 88' lang='lat' dir='ltr'><strong>actionum</strong></span> <span class='ocrx_word' id='word_1_544' title='bbox 495 3564 522 3606; x_wconf 86' lang='lat' dir='ltr'><strong>et</strong></span> <span class='ocrx_word' id='word_1_545' title='bbox 539 3556 726 3606; x_wconf 88' lang='lat' dir='ltr'><strong>inclinationum</strong></span> <span class='ocrx_word' id='word_1_546' title='bbox 747 3558 847 3606; x_wconf 88' lang='lat' dir='ltr'><strong>turbari.</strong></span> <span class='ocrx_word' id='word_1_547' title='bbox 886 3554 927 3605; x_wconf 89' lang='lat' dir='ltr'><strong>Sic</strong></span> <span class='ocrx_word' id='word_1_548' title='bbox 946 3556 977 3605; x_wconf 93' lang='lat' dir='ltr'><strong>de</strong></span> <span class='ocrx_word' id='word_1_549' title='bbox 997 3554 1134 3613; x_wconf 69' lang='lat' dir='ltr'><strong>excessui</strong></span> <span class='ocrx_word' id='word_1_550' title='bbox 1155 3559 1180 3603; x_wconf 91' lang='lat' dir='ltr'><strong>et</strong></span> <span class='ocrx_word' id='word_1_551' title='bbox 1200 3553 1224 3614; x_wconf 75' lang='lat' dir='ltr'><strong>d</strong></span> <span class='ocrx_word' id='word_1_552' title='bbox 1241 3551 1405 3615; x_wconf 77' lang='lat' dir='ltr'><strong>iudicandum</strong></span> <span class='ocrx_word' id='word_1_553' title='bbox 1424 3555 1478 3609; x_wconf 90' lang='lat' dir='ltr'><strong>erit,</strong></span> <span class='ocrx_word' id='word_1_554' title='bbox 1498 3552 1540 3599; x_wconf 89' lang='lat' dir='ltr'><strong>ubi</strong></span> 
     </span>
     <span class='ocr_line' id='line_1_46' title="bbox 178 3622 1535 3693; baseline -0.004 -17"><span class='ocrx_word' id='word_1_555' title='bbox 178 3632 204 3676; x_wconf 87' lang='lat' dir='ltr'><strong>ct</strong></span> <span class='ocrx_word' id='word_1_556' title='bbox 222 3626 339 3677; x_wconf 78' lang='lat' dir='ltr'><strong>fortitudo</strong></span> <span class='ocrx_word' id='word_1_557' title='bbox 357 3628 383 3675; x_wconf 91' lang='lat' dir='ltr'><strong>in</strong></span> <span class='ocrx_word' id='word_1_558' title='bbox 402 3641 446 3675; x_wconf 88' lang='lat' dir='ltr'><strong>suo</strong></span> <span class='ocrx_word' id='word_1_559' title='bbox 464 3628 654 3678; x_wconf 88' lang='lat' dir='ltr'><strong>inclinationum</strong></span> <span class='ocrx_word' id='word_1_560' title='bbox 673 3642 764 3693; x_wconf 87' lang='lat' dir='ltr'><strong>genere</strong></span> <span class='ocrx_word' id='word_1_561' title='bbox 783 3629 869 3677; x_wconf 81' lang='lat' dir='ltr'><strong>vitium</strong></span> <span class='ocrx_word' id='word_1_562' title='bbox 886 3629 967 3691; x_wconf 87' lang='lat' dir='ltr'><strong>pariet</strong></span> <span class='ocrx_word' id='word_1_563' title='bbox 986 3626 1168 3688; x_wconf 85' lang='lat' dir='ltr'><strong>(Keplerus:</strong></span> <span class='ocrx_word' id='word_1_564' title='bbox 1189 3629 1216 3674; x_wconf 91' lang='lat' dir='ltr'><strong>at</strong></span> <span class='ocrx_word' id='word_1_565' title='bbox 1234 3623 1344 3673; x_wconf 91' lang='lat' dir='ltr'><strong>noudum</strong></span> <span class='ocrx_word' id='word_1_566' title='bbox 1363 3629 1402 3674; x_wconf 89' lang='lat' dir='ltr'><strong>est</strong></span> <span class='ocrx_word' id='word_1_567' title='bbox 1419 3622 1535 3679; x_wconf 83' lang='lat' dir='ltr'><strong>malitia).</strong></span> 
     </span>
     <span class='ocr_line' id='line_1_47' title="bbox 177 3694 1538 3762; baseline -0.004 -15"><span class='ocrx_word' id='word_1_568' title='bbox 177 3697 268 3754; x_wconf 83' lang='lat' dir='ltr'><strong>Certe,</strong></span> <span class='ocrx_word' id='word_1_569' title='bbox 294 3697 508 3748; x_wconf 89' lang='lat' dir='ltr'><strong>siinclinatiouea</strong></span> <span class='ocrx_word' id='word_1_570' title='bbox 527 3699 595 3749; x_wconf 89' lang='lat' dir='ltr'><strong>coelo</strong></span> <span class='ocrx_word' id='word_1_571' title='bbox 614 3699 749 3754; x_wconf 87' lang='lat' dir='ltr'><strong>adscribis,</strong></span> <span class='ocrx_word' id='word_1_572' title='bbox 776 3714 826 3749; x_wconf 90' lang='lat' dir='ltr'><strong>nou</strong></span> <span class='ocrx_word' id='word_1_573' title='bbox 853 3705 924 3762; x_wconf 89' lang='lat' dir='ltr'><strong>potes</strong></span> <span class='ocrx_word' id='word_1_574' title='bbox 949 3714 999 3747; x_wconf 87' lang='lat' dir='ltr'><strong>non</strong></span> <span class='ocrx_word' id='word_1_575' title='bbox 1023 3699 1099 3747; x_wconf 82' lang='lat' dir='ltr'><strong>etiam</strong></span> <span class='ocrx_word' id='word_1_576' title='bbox 1118 3696 1252 3760; x_wconf 84' lang='lat' dir='ltr'><strong>qualitates</strong></span> <span class='ocrx_word' id='word_1_577' title='bbox 1276 3694 1375 3744; x_wconf 84' lang='lat' dir='ltr'><strong>illerum</strong></span> <span class='ocrx_word' id='word_1_578' title='bbox 1402 3694 1480 3743; x_wconf 89' lang='lat' dir='ltr'><strong>bonas</strong></span> <span class='ocrx_word' id='word_1_579' title='bbox 1499 3694 1538 3742; x_wconf 84' lang='lat' dir='ltr'><strong>rel</strong></span> 
     </span>
     <span class='ocr_line' id='line_1_48' title="bbox 176 3764 1537 3832; baseline -0.004 -15"><span class='ocrx_word' id='word_1_580' title='bbox 176 3768 257 3818; x_wconf 88' lang='lat' dir='ltr'><strong>malas</strong></span> <span class='ocrx_word' id='word_1_581' title='bbox 276 3768 345 3819; x_wconf 91' lang='lat' dir='ltr'><strong>coelo</strong></span> <span class='ocrx_word' id='word_1_582' title='bbox 364 3769 508 3819; x_wconf 88' lang='lat' dir='ltr'><strong>attribuere.</strong></span> <span class='ocrx_word' id='word_1_583' title='bbox 545 3768 630 3819; x_wconf 86' lang='lat' dir='ltr'><strong>Dicis:</strong></span> <span class='ocrx_word' id='word_1_584' title='bbox 658 3771 735 3828; x_wconf 79' lang='lat' dir='ltr'><strong>inste,</strong></span> <span class='ocrx_word' id='word_1_585' title='bbox 760 3770 902 3832; x_wconf 89' lang='lat' dir='ltr'><strong>pulchrum,</strong></span> <span class='ocrx_word' id='word_1_586' title='bbox 931 3770 1069 3831; x_wconf 79' lang='lat' dir='ltr'><strong>abiectum,</strong></span> <span class='ocrx_word' id='word_1_587' title='bbox 1094 3767 1174 3817; x_wconf 88' lang='lat' dir='ltr'><strong>debile</strong></span> <span class='ocrx_word' id='word_1_588' title='bbox 1193 3773 1291 3816; x_wconf 77' lang='lat' dir='ltr'><strong>tantam</strong></span> <span class='ocrx_word' id='word_1_589' title='bbox 1308 3764 1355 3814; x_wconf 91' lang='lat' dir='ltr'><strong>illis</strong></span> <span class='ocrx_word' id='word_1_590' title='bbox 1373 3767 1470 3819; x_wconf 89' lang='lat' dir='ltr'><strong>inesse,</strong></span> <span class='ocrx_word' id='word_1_591' title='bbox 1488 3780 1537 3813; x_wconf 89' lang='lat' dir='ltr'><strong>uun</strong></span> 
     </span>
     <span class='ocr_line' id='line_1_49' title="bbox 176 3835 1543 3904; baseline -0.004 -15"><span class='ocrx_word' id='word_1_592' title='bbox 176 3840 267 3889; x_wconf 90' lang='lat' dir='ltr'><strong>bonum</strong></span> <span class='ocrx_word' id='word_1_593' title='bbox 287 3846 331 3890; x_wconf 89' lang='lat' dir='ltr'><strong>aut</strong></span> <span class='ocrx_word' id='word_1_594' title='bbox 348 3839 453 3896; x_wconf 90' lang='lat' dir='ltr'><strong>malum;</strong></span> <span class='ocrx_word' id='word_1_595' title='bbox 474 3840 562 3897; x_wconf 89' lang='lat' dir='ltr'><strong>audio;</strong></span> <span class='ocrx_word' id='word_1_596' title='bbox 583 3840 627 3889; x_wconf 90' lang='lat' dir='ltr'><strong>sed</strong></span> <span class='ocrx_word' id='word_1_597' title='bbox 645 3840 702 3904; x_wconf 87' lang='lat' dir='ltr'><strong>quid</strong></span> <span class='ocrx_word' id='word_1_598' title='bbox 723 3840 790 3890; x_wconf 90' lang='lat' dir='ltr'><strong>aliud</strong></span> <span class='ocrx_word' id='word_1_599' title='bbox 808 3841 835 3890; x_wconf 89' lang='lat' dir='ltr'><strong>id</strong></span> <span class='ocrx_word' id='word_1_600' title='bbox 854 3848 900 3894; x_wconf 89' lang='lat' dir='ltr'><strong>est.</strong></span> <span class='ocrx_word' id='word_1_601' title='bbox 921 3854 995 3904; x_wconf 89' lang='lat' dir='ltr'><strong>quam</strong></span> <span class='ocrx_word' id='word_1_602' title='bbox 1014 3840 1108 3902; x_wconf 87' lang='lat' dir='ltr'><strong>reipsa</strong></span> <span class='ocrx_word' id='word_1_603' title='bbox 1126 3838 1218 3887; x_wconf 91' lang='lat' dir='ltr'><strong>bonnm</strong></span> <span class='ocrx_word' id='word_1_604' title='bbox 1237 3844 1263 3886; x_wconf 91' lang='lat' dir='ltr'><strong>et</strong></span> <span class='ocrx_word' id='word_1_605' title='bbox 1280 3835 1380 3896; x_wconf 90' lang='lat' dir='ltr'><strong>malum,</strong></span> <span class='ocrx_word' id='word_1_606' title='bbox 1400 3835 1543 3900; x_wconf 54' lang='lat' dir='ltr'><strong>idquealit</strong></span> 
     </span>
     <span class='ocr_line' id='line_1_50' title="bbox 175 3907 1536 3975; baseline -0.004 -17"><span class='ocrx_word' id='word_1_607' title='bbox 175 3911 274 3974; x_wconf 90' lang='lat' dir='ltr'><strong>quando</strong></span> <span class='ocrx_word' id='word_1_608' title='bbox 292 3911 392 3965; x_wconf 80' lang='lat' dir='ltr'><strong>lortius,</strong></span> <span class='ocrx_word' id='word_1_609' title='bbox 413 3910 545 3975; x_wconf 89' lang='lat' dir='ltr'><strong>aliquando</strong></span> <span class='ocrx_word' id='word_1_610' title='bbox 565 3911 668 3960; x_wconf 89' lang='lat' dir='ltr'><strong>debilius</strong></span> <span class='ocrx_word' id='word_1_611' title='bbox 687 3919 806 3961; x_wconf 85' lang='lat' dir='ltr'><strong>statuere.</strong></span> <span class='ocrx_word' id='word_1_612' title='bbox 845 3911 924 3961; x_wconf 88' lang='lat' dir='ltr'><strong>Video</strong></span> <span class='ocrx_word' id='word_1_613' title='bbox 944 3918 969 3960; x_wconf 91' lang='lat' dir='ltr'><strong>te</strong></span> <span class='ocrx_word' id='word_1_614' title='bbox 988 3909 1110 3961; x_wconf 84' lang='lat' dir='ltr'><strong>vocabula</strong></span> <span class='ocrx_word' id='word_1_615' title='bbox 1127 3916 1240 3964; x_wconf 87' lang='lat' dir='ltr'><strong>mutare,</strong></span> <span class='ocrx_word' id='word_1_616' title='bbox 1259 3922 1309 3956; x_wconf 93' lang='lat' dir='ltr'><strong>non</strong></span> <span class='ocrx_word' id='word_1_617' title='bbox 1328 3922 1384 3957; x_wconf 85' lang='lat' dir='ltr'><strong>rere</strong></span> <span class='ocrx_word' id='word_1_618' title='bbox 1404 3922 1443 3956; x_wconf 88' lang='lat' dir='ltr'><strong>res</strong></span> <span class='ocrx_word' id='word_1_619' title='bbox 1462 3907 1536 3969; x_wconf 89' lang='lat' dir='ltr'><strong>ipsas.</strong></span> 
     </span>
     <span class='ocr_line' id='line_1_51' title="bbox 177 3979 1541 4044; baseline -0.003 -14"><span class='ocrx_word' id='word_1_620' title='bbox 177 3980 384 4044; x_wconf 77' lang='lat' dir='ltr'><strong>(Keplerusr</strong></span> <span class='ocrx_word' id='word_1_621' title='bbox 412 3981 580 4032; x_wconf 88' lang='lat' dir='ltr'><strong>Melaucholia</strong></span> <span class='ocrx_word' id='word_1_622' title='bbox 605 3998 654 4031; x_wconf 93' lang='lat' dir='ltr'><strong>non</strong></span> <span class='ocrx_word' id='word_1_623' title='bbox 673 3990 712 4032; x_wconf 89' lang='lat' dir='ltr'><strong>est</strong></span> <span class='ocrx_word' id='word_1_624' title='bbox 739 3982 852 4044; x_wconf 85' lang='lat' dir='ltr'><strong>lurtum.)</strong></span> <span class='ocrx_word' id='word_1_625' title='bbox 888 3982 967 4038; x_wconf 84' lang='lat' dir='ltr'><strong>Vide.</strong></span> <span class='ocrx_word' id='word_1_626' title='bbox 993 3983 1027 4031; x_wconf 89' lang='lat' dir='ltr'><strong>mi</strong></span> <span class='ocrx_word' id='word_1_627' title='bbox 1056 3981 1152 4031; x_wconf 90' lang='lat' dir='ltr'><strong>erudite</strong></span> <span class='ocrx_word' id='word_1_628' title='bbox 1170 3980 1292 4042; x_wconf 89' lang='lat' dir='ltr'><strong>Keplere,</strong></span> <span class='ocrx_word' id='word_1_629' title='bbox 1318 3993 1393 4043; x_wconf 87' lang='lat' dir='ltr'><strong>quem</strong></span> <span class='ocrx_word' id='word_1_630' title='bbox 1421 3979 1505 4042; x_wconf 91' lang='lat' dir='ltr'><strong>procul</strong></span> <span class='ocrx_word' id='word_1_631' title='bbox 1525 3993 1541 4026; x_wconf 87' lang='lat' dir='ltr'><strong>a</strong></span> 
     </span>
     <span class='ocr_line' id='line_1_52' title="bbox 175 4048 1541 4116; baseline -0.002 -17"><span class='ocrx_word' id='word_1_632' title='bbox 175 4053 289 4103; x_wconf 65' lang='lat' dir='ltr'><strong>tenutis</strong></span> <span class='ocrx_word' id='word_1_633' title='bbox 308 4053 408 4102; x_wconf 90' lang='lat' dir='ltr'><strong>tramite</strong></span> <span class='ocrx_word' id='word_1_634' title='bbox 425 4067 505 4103; x_wconf 86' lang='lat' dir='ltr'><strong>novae</strong></span> <span class='ocrx_word' id='word_1_635' title='bbox 524 4060 584 4103; x_wconf 91' lang='lat' dir='ltr'><strong>tuae</strong></span> <span class='ocrx_word' id='word_1_636' title='bbox 603 4052 786 4116; x_wconf 86' lang='lat' dir='ltr'><strong>speculationes</strong></span> <span class='ocrx_word' id='word_1_637' title='bbox 806 4061 831 4104; x_wconf 92' lang='lat' dir='ltr'><strong>te</strong></span> <span class='ocrx_word' id='word_1_638' title='bbox 851 4055 993 4109; x_wconf 89' lang='lat' dir='ltr'><strong>abducant,</strong></span> <span class='ocrx_word' id='word_1_639' title='bbox 1021 4059 1047 4102; x_wconf 90' lang='lat' dir='ltr'><strong>et</strong></span> <span class='ocrx_word' id='word_1_640' title='bbox 1065 4053 1090 4101; x_wconf 91' lang='lat' dir='ltr'><strong>in</strong></span> <span class='ocrx_word' id='word_1_641' title='bbox 1110 4065 1174 4115; x_wconf 88' lang='lat' dir='ltr'><strong>quae</strong></span> <span class='ocrx_word' id='word_1_642' title='bbox 1194 4051 1266 4100; x_wconf 81' lang='lat' dir='ltr'><strong>deria</strong></span> <span class='ocrx_word' id='word_1_643' title='bbox 1284 4051 1411 4100; x_wconf 80' lang='lat' dir='ltr'><strong>devenias.</strong></span> <span class='ocrx_word' id='word_1_644' title='bbox 1450 4048 1541 4100; x_wconf 78' lang='lat' dir='ltr'><strong>Oculer</strong></span> 
     </span>
     <span class='ocr_line' id='line_1_53' title="bbox 176 4119 1540 4189; baseline -0.003 -16"><span class='ocrx_word' id='word_1_645' title='bbox 176 4137 259 4173; x_wconf 82' lang='lat' dir='ltr'><strong>meam</strong></span> <span class='ocrx_word' id='word_1_646' title='bbox 277 4125 427 4174; x_wconf 90' lang='lat' dir='ltr'><strong>seutentiam</strong></span> <span class='ocrx_word' id='word_1_647' title='bbox 445 4138 501 4174; x_wconf 90' lang='lat' dir='ltr'><strong>cum</strong></span> <span class='ocrx_word' id='word_1_648' title='bbox 520 4131 565 4174; x_wconf 89' lang='lat' dir='ltr'><strong>tua</strong></span> <span class='ocrx_word' id='word_1_649' title='bbox 583 4131 609 4174; x_wconf 91' lang='lat' dir='ltr'><strong>et</strong></span> <span class='ocrx_word' id='word_1_650' title='bbox 626 4126 727 4184; x_wconf 83' lang='lat' dir='ltr'><strong>ridebis,</strong></span> <span class='ocrx_word' id='word_1_651' title='bbox 747 4139 812 4189; x_wconf 88' lang='lat' dir='ltr'><strong>quae</strong></span> <span class='ocrx_word' id='word_1_652' title='bbox 830 4127 910 4175; x_wconf 91' lang='lat' dir='ltr'><strong>rniuus</strong></span> <span class='ocrx_word' id='word_1_653' title='bbox 929 4125 1040 4175; x_wconf 88' lang='lat' dir='ltr'><strong>absurdis</strong></span> <span class='ocrx_word' id='word_1_654' title='bbox 1063 4129 1149 4172; x_wconf 87' lang='lat' dir='ltr'><strong>utatur</strong></span> <span class='ocrx_word' id='word_1_655' title='bbox 1166 4122 1311 4172; x_wconf 85' lang='lat' dir='ltr'><strong>rationibus.</strong></span> <span class='ocrx_word' id='word_1_656' title='bbox 1358 4119 1540 4184; x_wconf 88' lang='lat' dir='ltr'><strong>(Keplerua:</strong></span> 
     </span>
     <span class='ocr_line' id='line_1_54' title="bbox 176 4188 1541 4257; baseline -0.003 -13"><span class='ocrx_word' id='word_1_657' title='bbox 176 4194 215 4244; x_wconf 88' lang='lat' dir='ltr'><strong>Tu</strong></span> <span class='ocrx_word' id='word_1_658' title='bbox 233 4195 300 4245; x_wconf 81' lang='lat' dir='ltr'><strong>furta</strong></span> <span class='ocrx_word' id='word_1_659' title='bbox 319 4196 345 4244; x_wconf 92' lang='lat' dir='ltr'><strong>iu</strong></span> <span class='ocrx_word' id='word_1_660' title='bbox 363 4194 554 4245; x_wconf 89' lang='lat' dir='ltr'><strong>melancholiam</strong></span> <span class='ocrx_word' id='word_1_661' title='bbox 573 4196 673 4252; x_wconf 86' lang='lat' dir='ltr'><strong>coniers</strong></span> <span class='ocrx_word' id='word_1_662' title='bbox 693 4203 738 4247; x_wconf 87' lang='lat' dir='ltr'><strong>aut</strong></span> <span class='ocrx_word' id='word_1_663' title='bbox 755 4211 851 4246; x_wconf 90' lang='lat' dir='ltr'><strong>mecum</strong></span> <span class='ocrx_word' id='word_1_664' title='bbox 871 4198 964 4247; x_wconf 87' lang='lat' dir='ltr'><strong>scutis:</strong></span> <span class='ocrx_word' id='word_1_665' title='bbox 983 4197 1019 4245; x_wconf 91' lang='lat' dir='ltr'><strong>sic</strong></span> <span class='ocrx_word' id='word_1_666' title='bbox 1038 4194 1182 4244; x_wconf 83' lang='lat' dir='ltr'><strong>excusanda</strong></span> <span class='ocrx_word' id='word_1_667' title='bbox 1200 4193 1297 4243; x_wconf 90' lang='lat' dir='ltr'><strong>scelera</strong></span> <span class='ocrx_word' id='word_1_668' title='bbox 1316 4188 1541 4257; x_wconf 83' lang='lat' dir='ltr'><strong>temperamentis.)</strong></span> 
     </span>
     <span class='ocr_line' id='line_1_55' title="bbox 176 4262 1540 4331; baseline -0.003 -16"><span class='ocrx_word' id='word_1_669' title='bbox 176 4264 254 4330; x_wconf 83' lang='lat' dir='ltr'><strong>Cupio</strong></span> <span class='ocrx_word' id='word_1_670' title='bbox 274 4272 359 4315; x_wconf 90' lang='lat' dir='ltr'><strong>tamen</strong></span> <span class='ocrx_word' id='word_1_671' title='bbox 378 4280 408 4316; x_wconf 84' lang='lat' dir='ltr'><strong>ex</strong></span> <span class='ocrx_word' id='word_1_672' title='bbox 426 4272 452 4315; x_wconf 87' lang='lat' dir='ltr'><strong>te</strong></span> <span class='ocrx_word' id='word_1_673' title='bbox 470 4266 573 4316; x_wconf 87' lang='lat' dir='ltr'><strong>meliora</strong></span> <span class='ocrx_word' id='word_1_674' title='bbox 592 4267 686 4323; x_wconf 90' lang='lat' dir='ltr'><strong>audire,</strong></span> <span class='ocrx_word' id='word_1_675' title='bbox 705 4269 726 4315; x_wconf 91' lang='lat' dir='ltr'><strong>si</strong></span> <span class='ocrx_word' id='word_1_676' title='bbox 745 4268 770 4316; x_wconf 92' lang='lat' dir='ltr'><strong>in</strong></span> <span class='ocrx_word' id='word_1_677' title='bbox 784 4273 880 4331; x_wconf 88' lang='lat' dir='ltr'><strong>promtu</strong></span> <span class='ocrx_word' id='word_1_678' title='bbox 892 4267 991 4316; x_wconf 84' lang='lat' dir='ltr'><strong>fuerint.</strong></span> <span class='ocrx_word' id='word_1_679' title='bbox 1029 4266 1081 4315; x_wconf 89' lang='lat' dir='ltr'><strong>imo</strong></span> <span class='ocrx_word' id='word_1_680' title='bbox 1095 4271 1120 4314; x_wconf 90' lang='lat' dir='ltr'><strong>te</strong></span> <span class='ocrx_word' id='word_1_681' title='bbox 1135 4264 1259 4321; x_wconf 87' lang='lat' dir='ltr'><strong>adhortor,</strong></span> <span class='ocrx_word' id='word_1_682' title='bbox 1279 4269 1307 4313; x_wconf 91' lang='lat' dir='ltr'><strong>ut</strong></span> <span class='ocrx_word' id='word_1_683' title='bbox 1318 4264 1349 4313; x_wconf 89' lang='lat' dir='ltr'><strong>ad</strong></span> <span class='ocrx_word' id='word_1_684' title='bbox 1364 4262 1540 4314; x_wconf 84' lang='lat' dir='ltr'><strong>excutiendum</strong></span> 
     </span>
     <span class='ocr_line' id='line_1_56' title="bbox 176 4334 1540 4403; baseline -0.003 -17"><span class='ocrx_word' id='word_1_685' title='bbox 176 4337 288 4387; x_wconf 76' lang='lat' dir='ltr'><strong>nritatis</strong></span> <span class='ocrx_word' id='word_1_686' title='bbox 306 4338 390 4403; x_wconf 88' lang='lat' dir='ltr'><strong>iguem</strong></span> <span class='ocrx_word' id='word_1_687' title='bbox 408 4352 506 4387; x_wconf 91' lang='lat' dir='ltr'><strong>omnem</strong></span> <span class='ocrx_word' id='word_1_688' title='bbox 526 4337 678 4402; x_wconf 87' lang='lat' dir='ltr'><strong>diligentiam</strong></span> <span class='ocrx_word' id='word_1_689' title='bbox 698 4337 825 4393; x_wconf 83' lang='lat' dir='ltr'><strong>adhibeas,</strong></span> <span class='ocrx_word' id='word_1_690' title='bbox 852 4345 877 4388; x_wconf 92' lang='lat' dir='ltr'><strong>et</strong></span> <span class='ocrx_word' id='word_1_691' title='bbox 895 4338 984 4388; x_wconf 77' lang='lat' dir='ltr'><strong>validis</strong></span> <span class='ocrx_word' id='word_1_692' title='bbox 1003 4336 1181 4387; x_wconf 91' lang='lat' dir='ltr'><strong>contrariorum</strong></span> <span class='ocrx_word' id='word_1_693' title='bbox 1201 4341 1401 4401; x_wconf 89' lang='lat' dir='ltr'><strong>argumentorum</strong></span> <span class='ocrx_word' id='word_1_694' title='bbox 1420 4334 1540 4384; x_wconf 86' lang='lat' dir='ltr'><strong>arietibus</strong></span> 
     </span>
     <span class='ocr_line' id='line_1_57' title="bbox 176 4405 1457 4474; baseline -0.003 -16"><span class='ocrx_word' id='word_1_695' title='bbox 176 4415 277 4459; x_wconf 89' lang='lat' dir='ltr'><strong>nostrae</strong></span> <span class='ocrx_word' id='word_1_696' title='bbox 302 4409 442 4458; x_wconf 72' lang='lat' dir='ltr'><strong>sentences</strong></span> <span class='ocrx_word' id='word_1_697' title='bbox 460 4423 542 4458; x_wconf 88' lang='lat' dir='ltr'><strong>muros</strong></span> <span class='ocrx_word' id='word_1_698' title='bbox 561 4422 702 4474; x_wconf 89' lang='lat' dir='ltr'><strong>oppugnes,</strong></span> <span class='ocrx_word' id='word_1_699' title='bbox 723 4418 749 4460; x_wconf 92' lang='lat' dir='ltr'><strong>et</strong></span> <span class='ocrx_word' id='word_1_700' title='bbox 766 4412 787 4459; x_wconf 90' lang='lat' dir='ltr'><strong>si</strong></span> <span class='ocrx_word' id='word_1_701' title='bbox 805 4416 877 4473; x_wconf 87' lang='lat' dir='ltr'><strong>potes</strong></span> <span class='ocrx_word' id='word_1_702' title='bbox 896 4410 1007 4472; x_wconf 78' lang='lat' dir='ltr'><strong>delicias.</strong></span> <span class='ocrx_word' id='word_1_703' title='bbox 1045 4408 1098 4472; x_wconf 84' lang='lat' dir='ltr'><strong>Ego</strong></span> <span class='ocrx_word' id='word_1_704' title='bbox 1119 4408 1217 4458; x_wconf 67' lang='lat' dir='ltr'><strong>verimi</strong></span> <span class='ocrx_word' id='word_1_705' title='bbox 1235 4407 1341 4457; x_wconf 87' lang='lat' dir='ltr'><strong>libenter</strong></span> <span class='ocrx_word' id='word_1_706' title='bbox 1361 4405 1457 4457; x_wconf 85' lang='lat' dir='ltr'><strong>cedam.</strong></span> 
     </span>
    </p>
   </div>
   <div class='ocr_carea' id='block_1_3' title="bbox 173 4476 1539 4908">
    <p class='ocr_par' dir='ltr' id='par_1_6' title="bbox 173 4476 1539 4908">
     <span class='ocr_line' id='line_1_58' title="bbox 266 4476 1538 4558; baseline -0.002 -17"><span class='ocrx_word' id='word_1_707' title='bbox 266 4480 470 4558; x_wconf 87' lang='lat' dir='ltr'><strong>Keplerus:</strong></span> <span class='ocrx_word' id='word_1_708' title='bbox 496 4480 541 4541; x_wconf 90' lang='lat' dir='ltr'><strong>De</strong></span> <span class='ocrx_word' id='word_1_709' title='bbox 567 4480 879 4543; x_wconf 87' lang='lat' dir='ltr'><strong>inclinationibus</strong></span> <span class='ocrx_word' id='word_1_710' title='bbox 904 4479 1067 4542; x_wconf 82' lang='lat' dir='ltr'><strong>confudisti</strong></span> <span class='ocrx_word' id='word_1_711' title='bbox 1092 4498 1138 4540; x_wconf 87' lang='lat' dir='ltr'><strong>ure</strong></span> <span class='ocrx_word' id='word_1_712' title='bbox 1163 4479 1241 4541; x_wconf 89' lang='lat' dir='ltr'><strong>inter</strong></span> <span class='ocrx_word' id='word_1_713' title='bbox 1263 4478 1433 4555; x_wconf 85' lang='lat' dir='ltr'><strong>legendum.</strong></span> <span class='ocrx_word' id='word_1_714' title='bbox 1472 4476 1538 4538; x_wconf 89' lang='lat' dir='ltr'><strong>Ve-</strong></span> 
     </span>
     <span class='ocr_line' id='line_1_59' title="bbox 177 4566 1537 4649; baseline -0.003 -20"><span class='ocrx_word' id='word_1_715' title='bbox 177 4569 230 4632; x_wconf 86' lang='lat' dir='ltr'><strong>lim</strong></span> <span class='ocrx_word' id='word_1_716' title='bbox 254 4569 421 4648; x_wconf 85' lang='lat' dir='ltr'><strong>respiceres</strong></span> <span class='ocrx_word' id='word_1_717' title='bbox 446 4569 484 4630; x_wconf 84' lang='lat' dir='ltr'><strong>ad</strong></span> <span class='ocrx_word' id='word_1_718' title='bbox 511 4589 594 4631; x_wconf 81' lang='lat' dir='ltr'><strong>meas</strong></span> <span class='ocrx_word' id='word_1_719' title='bbox 620 4570 723 4631; x_wconf 84' lang='lat' dir='ltr'><strong>literas</strong></span> <span class='ocrx_word' id='word_1_720' title='bbox 748 4569 880 4648; x_wconf 87' lang='lat' dir='ltr'><strong>priores,</strong></span> <span class='ocrx_word' id='word_1_721' title='bbox 911 4569 979 4649; x_wconf 87' lang='lat' dir='ltr'><strong>quid</strong></span> <span class='ocrx_word' id='word_1_722' title='bbox 1004 4569 1124 4629; x_wconf 85' lang='lat' dir='ltr'><strong>omuino</strong></span> <span class='ocrx_word' id='word_1_723' title='bbox 1149 4567 1330 4645; x_wconf 84' lang='lat' dir='ltr'><strong>scripserim.</strong></span> <span class='ocrx_word' id='word_1_724' title='bbox 1377 4567 1458 4628; x_wconf 87' lang='lat' dir='ltr'><strong>Nam</strong></span> <span class='ocrx_word' id='word_1_725' title='bbox 1482 4566 1537 4626; x_wconf 92' lang='lat' dir='ltr'><strong>hoc</strong></span> 
     </span>
     <span class='ocr_line' id='line_1_60' title="bbox 175 4654 1537 4738; baseline -0.004 -19"><span class='ocrx_word' id='word_1_726' title='bbox 175 4658 305 4736; x_wconf 89' lang='lat' dir='ltr'><strong>quidem,</strong></span> <span class='ocrx_word' id='word_1_727' title='bbox 331 4658 408 4738; x_wconf 87' lang='lat' dir='ltr'><strong>quod</strong></span> <span class='ocrx_word' id='word_1_728' title='bbox 434 4667 466 4719; x_wconf 92' lang='lat' dir='ltr'><strong>tu</strong></span> <span class='ocrx_word' id='word_1_729' title='bbox 490 4659 616 4728; x_wconf 65' lang='lat' dir='ltr'><strong>refutas</strong></span> <span class='ocrx_word' id='word_1_730' title='bbox 640 4659 729 4736; x_wconf 89' lang='lat' dir='ltr'><strong>plane</strong></span> <span class='ocrx_word' id='word_1_731' title='bbox 754 4677 810 4719; x_wconf 90' lang='lat' dir='ltr'><strong>non</strong></span> <span class='ocrx_word' id='word_1_732' title='bbox 836 4658 954 4737; x_wconf 85' lang='lat' dir='ltr'><strong>scripsi.</strong></span> <span class='ocrx_word' id='word_1_733' title='bbox 1003 4657 1088 4730; x_wconf 81' lang='lat' dir='ltr'><strong>Dixi,</strong></span> <span class='ocrx_word' id='word_1_734' title='bbox 1126 4656 1337 4718; x_wconf 73' lang='lat' dir='ltr'><strong>inclinationes</strong></span> <span class='ocrx_word' id='word_1_735' title='bbox 1367 4654 1537 4733; x_wconf 89' lang='lat' dir='ltr'><strong>implauteri</strong></span> 
     </span>
     <span class='ocr_line' id='line_1_61' title="bbox 173 4743 1535 4824; baseline -0.004 -17"><span class='ocrx_word' id='word_1_736' title='bbox 173 4746 232 4824; x_wconf 91' lang='lat' dir='ltr'><strong>ipsi</strong></span> <span class='ocrx_word' id='word_1_737' title='bbox 257 4747 375 4808; x_wconf 85' lang='lat' dir='ltr'><strong>animae</strong></span> <span class='ocrx_word' id='word_1_738' title='bbox 400 4764 438 4806; x_wconf 79' lang='lat' dir='ltr'><strong>ex</strong></span> <span class='ocrx_word' id='word_1_739' title='bbox 462 4757 611 4808; x_wconf 91' lang='lat' dir='ltr'><strong>astrorum</strong></span> <span class='ocrx_word' id='word_1_740' title='bbox 635 4765 817 4820; x_wconf 88' lang='lat' dir='ltr'><strong>commensu‚</strong></span> <span class='ocrx_word' id='word_1_741' title='bbox 844 4747 900 4808; x_wconf 92' lang='lat' dir='ltr'><strong>hoc</strong></span> <span class='ocrx_word' id='word_1_742' title='bbox 916 4754 972 4818; x_wconf 84' lang='lat' dir='ltr'><strong>est,</strong></span> <span class='ocrx_word' id='word_1_743' title='bbox 998 4745 1129 4807; x_wconf 85' lang='lat' dir='ltr'><strong>animum</strong></span> <span class='ocrx_word' id='word_1_744' title='bbox 1145 4744 1241 4824; x_wconf 88' lang='lat' dir='ltr'><strong>ipsum</strong></span> <span class='ocrx_word' id='word_1_745' title='bbox 1267 4743 1397 4805; x_wconf 88' lang='lat' dir='ltr'><strong>transire</strong></span> <span class='ocrx_word' id='word_1_746' title='bbox 1416 4743 1444 4803; x_wconf 91' lang='lat' dir='ltr'><strong>in</strong></span> <span class='ocrx_word' id='word_1_747' title='bbox 1461 4743 1535 4803; x_wconf 89' lang='lat' dir='ltr'><strong>cha-</strong></span> 
     </span>
     <span class='ocr_line' id='line_1_62' title="bbox 177 4831 1539 4908; baseline -0.004 -11"><span class='ocrx_word' id='word_1_748' title='bbox 177 4842 326 4901; x_wconf 82' lang='lat' dir='ltr'><strong>racterem</strong></span> <span class='ocrx_word' id='word_1_749' title='bbox 351 4835 515 4908; x_wconf 79' lang='lat' dir='ltr'><strong>thematis3</strong></span> <span class='ocrx_word' id='word_1_750' title='bbox 540 4843 643 4898; x_wconf 90' lang='lat' dir='ltr'><strong>notam</strong></span> <span class='ocrx_word' id='word_1_751' title='bbox 668 4835 712 4898; x_wconf 91' lang='lat' dir='ltr'><strong>tui</strong></span> <span class='ocrx_word' id='word_1_752' title='bbox 735 4836 881 4898; x_wconf 84' lang='lat' dir='ltr'><strong>thematis</strong></span> <span class='ocrx_word' id='word_1_753' title='bbox 904 4843 936 4898; x_wconf 89' lang='lat' dir='ltr'><strong>et</strong></span> <span class='ocrx_word' id='word_1_754' title='bbox 959 4833 989 4897; x_wconf 92' lang='lat' dir='ltr'><strong>iu</strong></span> <span class='ocrx_word' id='word_1_755' title='bbox 1014 4841 1044 4896; x_wconf 89' lang='lat' dir='ltr'><strong>te</strong></span> <span class='ocrx_word' id='word_1_756' title='bbox 1069 4835 1171 4908; x_wconf 84' lang='lat' dir='ltr'><strong>fluere,</strong></span> <span class='ocrx_word' id='word_1_757' title='bbox 1196 4832 1304 4895; x_wconf 88' lang='lat' dir='ltr'><strong>deiude</strong></span> <span class='ocrx_word' id='word_1_758' title='bbox 1329 4831 1539 4895; x_wconf 88' lang='lat' dir='ltr'><strong>inclinationes</strong></span> 
     </span>
    </p>
   </div>
   <div class='ocr_carea' id='block_1_4' title="bbox 0 0 1718 5542">
    <p class='ocr_par' dir='ltr' id='par_1_7' title="bbox 0 0 1718 5542">
     <span class='ocr_line' id='line_1_63' title="bbox 0 0 1718 5542; baseline 0 0"><span class='ocrx_word' id='word_1_759' title='bbox 0 0 1718 5542; x_wconf 95' lang='lat' dir='ltr'><strong> </strong></span> 
     </span>
    </p>
   </div>
  </div>
 </body>
</html>
