3428 5542
173 340 237 406 546
772 343 932 392 Prooemium.

265 502 414 578 lieplerus
439 520 528 580 quum
561 503 590 562 in
614 503 712 563 indice
738 520 882 563 summam
911 501 1004 562 libelli
1029 501 1075 562 sui
1100 501 1163 580 ipse
1191 501 1373 581 prodiderit,
1403 501 1446 560 nil
1470 519 1531 560 am-

175 592 252 669 plius
277 589 445 650 addendum
469 590 527 649 rati
552 608 653 649 sumus
678 591 714 649 de
738 590 790 662 iis,
824 609 900 668 quae
923 590 1025 649 insunt
1049 589 1117 650 hnic
1141 590 1224 650 suavi
1250 589 1413 668 opuscolo,
1445 606 1534 666 prae-

177 680 263 756 cipue
280 697 346 737 cum
372 679 485 750 eadem,
513 697 587 755 quae
604 680 632 739 in
649 678 724 737 libro
740 679 776 738 de
792 676 891 738 Stella
907 679 996 738 n'ova
1010 678 1182 757 conscripto
1205 697 1264 738 non
1280 678 1381 738 omitti
1397 688 1534 755 possunt,

176 768 223 827 hic
248 767 354 825 iisdem
384 767 445 826 fere
475 765 573 825 rerbis
601 766 824 844 praemittenda
856 766 993 827 fuissent.
1040 767 1106 826 Hoc
1134 774 1266 840 tantum,
1299 765 1380 845 quod
1414 764 1534 842 saepius

177 855 320 927 diximus,
352 873 519 923 monemus,
553 874 589 912 ea
617 856 697 925 loca,
727 855 755 914 in
786 854 891 932 quibus
920 855 1138 915 defendendam
1170 855 1306 933 suscepit
1334 853 1533 931 astrologiae

177 944 335 1021 lieplerus,
361 961 417 1001 uon
444 942 471 1001 in
496 942 582 1020 pejus
606 943 631 1002 ei
658 943 803 1003 vertenda
827 962 903 1010 esse,
929 942 999 1021 quia
1022 953 1053 1003 et
1077 962 1181 1003 munus
1205 943 1341 1003 habebat
1364 939 1533 1004 aCaesare

164 1032 403 1102 ,demandatum
436 1029 552 1107 etipse
581 1050 631 1100 ea,
665 1031 770 1108 quibus
805 1030 988 1109 astrologiae
1023 1031 1121 1104 „filiae
1155 1039 1281 1092 matrem
1313 1029 1533 1091 astronomiam

178 1119 308 1180 alentis“
334 1120 400 1196 plus
421 1119 505 1196 justo
530 1118 659 1196 tribuere
685 1119 815 1189 ridetur,
840 1118 1008 1196 restringit,
1038 1139 1156 1199 semper
1180 1137 1360 1197 comparans
1383 1119 1533 1179 rationem

178 1208 362 1284 astrologiae
387 1227 452 1266 cum
478 1206 529 1265 illa
553 1206 728 1278 medicinae,
754 1225 842 1284 quam
867 1207 1002 1267 Feselins
1025 1209 1216 1287 profiteatur,
1241 1208 1287 1268 cui
1311 1226 1404 1286 qnam
1429 1224 1533 1285 parum

177 1306 261 1356 certa
285 1296 358 1356 lides
384 1304 512 1367 constet,
537 1313 591 1372 per
609 1295 681 1373 joca
704 1302 736 1354 et
759 1296 839 1356 seria
861 1295 980 1374 probat.

264 1385 339 1461 Agit
364 1384 399 1442 de
425 1385 479 1443 hoc
504 1383 604 1443 libello
628 1382 665 1444 Ε.
692 1381 881 1445 Scheibelius
905 1385 933 1444 in
960 1380 1221 1455 ,Oekonomische
1246 1382 1457 1444 Nachrichten
1481 1383 1533 1442 der

172 1472 382 1533 Sclrlesischeu
408 1472 629 1531 Patriot'isclren
656 1469 852 1532 Gesellsohal
867 1473 882 1497 “
908 1474 971 1540 (an.
1002 1466 1114 1543 1776),
1139 1471 1277 1531 refutans
1302 1470 1453 1531 vaticinia
1469 1468 1533 1531 Ca-

174 1561 299 1620 lendarii
325 1607 332 1632 ,
359 1559 436 1637 quod
462 1567 567 1621 uocant
591 1560 735 1620 seculare.
784 1557 971 1620 Scheibelius
997 1559 1123 1619 laudans
1147 1559 1265 1637 quidem
1289 1559 1419 1638 Kepleri
1445 1558 1532 1636 inge·

173 1650 262 1719 nium,
287 1667 352 1707 cum
377 1649 463 1725 louge
488 1647 548 1706 alia
572 1647 629 1724 ipsi
653 1648 693 1707 sit
717 1646 867 1708 sententia
890 1647 977 1707 nimis
1001 1647 1111 1727 premit
1135 1666 1179 1717 ea,
1205 1667 1282 1726 qnae
1307 1648 1345 1707 de
1362 1646 1533 1725 astrologia

173 1737 323 1813 Keplerus
357 1736 385 1794 iu
419 1736 474 1794 hoc
508 1735 608 1795 libello
641 1736 795 1814 proponit,
829 1734 949 1797 minime
983 1735 1130 1797 rationem
1158 1736 1273 1797 babens
1297 1754 1420 1809 eorum,
1458 1754 1534 1814 qnae

173 1824 260 1884 modo
285 1823 412 1884 diximus
437 1823 473 1882 de
498 1823 549 1883 illa
572 1824 695 1901 Kepleri
719 1823 898 1885 conditione.

261 1910 436 1971 Schiireri
463 1912 688 1988 responsionem
711 1912 748 1972 ad
773 1911 883 1972 Feselii
907 1911 1049 1985 libellum,
1075 1910 1163 1971 nimis
1186 1910 1327 1972 diffusam
1352 1908 1440 1982 (220
1463 1930 1532 1990 pag.

172 2000 201 2060 in
225 1996 289 2072 4.),
314 1999 342 2058 in
367 2020 426 2077 <rua
449 2001 646 2077 astrologiam
671 2000 757 2060 anxie
783 2000 932 2074 defendit,
965 2016 1043 2058 anno
1071 1995 1166 2060 1611.
1191 1999 1356 2076 prodiisse,
1377 1998 1533 2060 monuisse

172 2088 311 2148 sufficiat.
358 2089 424 2149 Hoc
449 2097 565 2148 tautum
589 2088 736 2158 addimus,
762 2086 941 2149 Schdrerum
965 2089 994 2147 in
1018 2086 1102 2148 coloe
1127 2087 1195 2148 libri
1210 2087 1256 2148 sui
1281 2097 1436 2150 mortuum
1456 2106 1532 2149 non·

171 2175 251 2236 ciare
275 2177 300 2234 F
302 2176 425 2238 eselium
449 2196 551 2237 mense
575 2175 748 2254 Septembri
775 2172 868 2237 1610.
