3428 5542
600 315 725 369 aaa„
740 316 902 385 moeu-
978 354 984 367 ·
1048 324 1052 331 ¹
1368 317 1437 397 aaa

10 509 22 532 a
81 470 123 533 rai
147 470 225 533 hauc
248 489 326 547 ease,
350 471 430 552 quod
453 471 568 535 coelum
591 474 662 536 uuio
684 479 802 536 tanturn
826 473 953 536 confusa
973 472 1035 547 sit,
1058 471 1120 547 cui,
1153 473 1179 536 si
1201 492 1262 555 qua
1284 493 1324 539 ea
1346 477 1437 542 suciis

80 559 182 621 causis
204 559 295 636 desit,
319 560 445 624 effectus
467 561 609 625 intereat.
658 559 740 632 Quid
763 562 849 642 agis,
875 561 915 623 mi
936 560 1078 624 Fabrici?
1100 580 1139 623 au
1163 580 1221 642 ego
1243 563 1361 629 meliori
1384 585 1436 629 ar·

79 656 222 727 gumentu
251 648 364 727 possim
392 650 538 728 probare,
572 649 790 728 experientiam
814 669 881 711 esse
905 649 1081 711 confusam?
1126 648 1212 713 Scito
1240 650 1357 733 itaque,
1388 673 1436 717 me

79 735 172 815 plane
193 744 292 799 tecum
315 737 486 800 consentire
509 738 540 799 in
564 739 620 799 boc
645 743 831 818 argumento.

150 838 334 891 Fabricius:
353 841 565 892 ‘l'ranrltibua
583 840 664 892 multa
681 841 767 892 tribuis
784 846 883 906 proptu
902 842 1040 904 subjectum
1058 841 1134 901 reale,
1153 843 1204 894 aire
1215 843 1344 908 planetam
1356 847 1436 912 ipsum

77 918 238 975 pneumam
256 917 283 962 et
300 913 466 970 excitantem
484 913 740 978 protectionibus
759 926 815 962 reru
835 911 941 962 caudam
958 913 989 962 ob
1008 926 1111 963 camum
1127 914 1190 964 nilu'l
1207 914 1261 966 dea.
1299 916 1352 984 Ego
1366 919 1434 970 dieo:

78 983 202 1032 trucium
220 982 309 1033 nulllus
328 984 424 1033 rirtntia
442 992 489 1042 eat,
508 985 556 1034 nisi
575 985 659 1050 aliqua
676 985 773 1048 species
789 983 944 1048 pmreetnm
961 984 1034 1033 simul
1053 985 1186 1036 coincidet

167 1054 371 1134 Keplerus:
395 1055 462 1134 Ego
486 1075 608 1117 causam
632 1056 704 1131 dixi,
729 1066 762 1117 tu
776 1055 860 1117 nulla
875 1054 957 1117 dicta
970 1074 1065 1117 causa
1088 1057 1268 1120 contrarium
1288 1058 1456 1125 affirmas..

75 1141 143 1204 Hoc
167 1141 243 1204 habe
267 1161 322 1222 pro
346 1151 444 1216 certo,
478 1163 626 1224 uunquam
650 1145 722 1207 mihi
745 1143 874 1206 transire
899 1143 1080 1206 Mercurium
1102 1164 1158 1225 per
1181 1153 1280 1208 ortum
1303 1155 1358 1210 aut
1379 1168 1433 1211 oc·

76 1249 193 1306 casum,
231 1230 300 1312 quin
324 1232 474 1296 catarrbis
502 1242 557 1295 aut
579 1232 641 1295 alvi
664 1234 745 1295 fluxu
768 1232 910 1294 iniester:
937 1252 1087 1313 uunquam
1110 1234 1256 1312 Martem,
1281 1236 1351 1317 quiu
1374 1256 1432 1318 pa-

75 1326 163 1382 ratae
189 1319 260 1382 mibi
285 1320 347 1381 sint
370 1321 440 1383 lites
464 1329 495 1382 et
518 1321 678 1401 dispositio
702 1321 732 1383 in
756 1320 892 1402 meipso
916 1320 1076 1384 cholerica.
1140 1395 1145 1406 Ι

148 1425 330 1476 Fabricius:
352 1424 493 1488 Quaeritur,
513 1443 546 1477 an
566 1426 616 1477 Sol
634 1429 800 1479 transiens
824 1427 900 1477 loca
918 1427 1073 1492 aphetica
1092 1427 1241 1494 mologlca
1258 1429 1297 1480 rel
1315 1429 1430 1483 directio-

74 1510 136 1546 num
152 1496 246 1564 gradm
263 1498 360 1547 morbos
378 1498 468 1548 inierro
486 1497 582 1563 possit?
619 1499 672 1564 Ege
691 1499 743 1549 tale
761 1499 819 1564 quid
837 1497 1009 1549 animadverti.

164 1568 369 1647 Keplerus:
393 1569 502 1632 Nullus
525 1572 651 1649 planeta
674 1571 712 1631 ad
736 1570 794 1632 boc
819 1578 865 1631 est
890 1569 1039 1632 conditus.
1086 1569 1216 1650 Utergo
1241 1571 1352 1634 ceteris
1375 1573 1432 1636 boc

72 1675 128 1738 per
151 1657 292 1719 accidens
316 1657 435 1731 evenit,
473 1659 516 1719 ita
539 1667 571 1719 et
593 1657 672 1734 Soli,
704 1667 738 1721 ut
770 1659 799 1721 iu
823 1678 878 1720 suo
902 1677 1029 1724 excessu
1053 1664 1161 1719 noceat
1183 1657 1429 1725 inflammatione.

73 1742 137 1807 Sed
169 1764 205 1807 ne
236 1746 439 1824 proportionis
463 1747 665 1823 obliviscaris,
699 1746 782 1810 Solis
806 1748 920 1809 reditus
943 1746 1024 1808 intra
1047 1765 1170 1821 anuum,
1204 1745 1330 1812 Saturni
1352 1749 1432 1813 intra

73 1830 117 1897 30
140 1852 246 1896 annos.
293 1834 492 1914 Experieutia
515 1844 615 1898 tamen
640 1837 669 1898 in
692 1844 811 1916 promtu
834 1855 893 1897 uon
918 1844 975 1910 est,
1001 1854 1037 1897 ac
1060 1836 1161 1898 nescio
1185 1856 1223 1898 au
1247 1838 1349 1901 fuerit.

144 1939 326 1990 Fabricius:
354 1938 419 2000 Quid
438 1941 470 1990 de
494 1940 735 2006 intelligentiis
761 1940 929 1992 stellarum
947 1942 1051 1999 sentias,
1079 1941 1142 1992 seire
1160 1942 1242 2006 euplo.
1278 1943 1331 2010 Ego
1350 1958 1431 2012 ungar

72 2024 129 2061 aare
147 2017 217 2076 puto.
255 2011 326 2061 idem
344 2013 424 2061 sentio
444 2012 475 2061 de
493 2013 599 2077 geniis
618 2013 669 2062 rire
687 2013 773 2072 bonis,
801 2013 853 2062 aire
870 2011 952 2062 malis.
990 2012 1018 2064 Si
1036 2013 1140 2079 angelus
1158 2019 1185 2063 et
1202 2013 1313 2065 diabolos
1331 2015 1430 2076 dixeris,

72 2083 170 2146 accipio
190 2088 215 2132 et
231 2082 353 2147 intelligo,
372 2082 437 2132 alias
454 2083 562 2133 minime.

161 2153 367 2232 Keplerus:
392 2153 499 2217 Stellis
522 2161 647 2234 praeest
669 2154 765 2216 virtus
788 2153 903 2234 aliqua,
928 2155 1112 2234 geometriae
1136 2172 1234 2234 capax
1256 2155 1348 2235 globi,
1371 2176 1428 2238 po-

71 2248 141 2305 tens
165 2243 204 2304 ad
223 2250 348 2313 motum,
373 2249 492 2321 tempus
515 2262 686 2305 numerans.
732 2243 810 2323 Ego,
835 2243 871 2313 si,
897 2244 976 2322 quod
995 2243 1096 2322 jubes,
1120 2242 1265 2322 scapham
1284 2245 1429 2325 scapham

70 2331 225 2411 appellare
250 2331 359 2405 debeo,
384 2350 442 2393 nou
466 2350 588 2411 possum
613 2332 703 2394 aliter
726 2331 818 2405 banc,
842 2351 932 2411 quam
955 2330 1201 2411 intelligentiam,
1227 2333 1275 2394 vel
1297 2341 1428 2397 mentem

69 2419 237 2500 appellare.
285 2419 319 2482 Si
350 2420 431 2482 aliud
463 2420 518 2482 tibi
541 2439 648 2482 nomeu
676 2419 912 2500 praeplacuerit,
947 2418 1058 2491 dicito,
1094 2419 1222 2482 Interim
1246 2419 1302 2483 hoc
1325 2434 1429 2485 manet

68 2509 247 2584 discrimen,
283 2509 361 2589 quod
385 2509 615 2571 ratiocinatione
649 2527 707 2571 uou
732 2517 868 2582 utuntur,
900 2507 957 2569 boc
979 2507 1057 2568 bono
1083 2505 1165 2570 Guil.
1192 2505 1323 2572 Gilberti
1346 2510 1427 2574 illius

69 2606 259 2678 argumento,
279 2598 358 2678 quod
383 2598 644 2659 ratiocinationem
667 2604 811 2677 sequatur
833 2596 863 2657 iu
887 2595 1006 2657 actione
1030 2595 1249 2672 inconstantia,
1279 2596 1425 2679 inaequa-

68 2685 144 2748 litas
167 2696 200 2747 et
222 2686 377 2758 titubatio,
401 2687 481 2764 apud
496 2685 631 2748 homiues
655 2685 784 2767 quidem.
832 2683 934 2756 Quare
957 2693 992 2746 ut
1011 2704 1124 2747 cornua
1141 2685 1239 2756 bovis,
1258 2695 1312 2748 aut
1325 2687 1425 2749 scien-

66 2775 112 2837 tia
130 2775 271 2851 natandi,
297 2783 350 2836 aut
372 2775 468 2854 primo
492 2776 596 2836 statim
621 2775 669 2836 die
693 2784 774 2836 recte
794 2774 960 2848 incedendi,
987 2791 1045 2835 non
1069 2782 1139 2835 suut
1157 2782 1335 2854 argumenta
1356 2795 1425 2838 ma-

62 2863 143 2943 joris
165 2862 345 2937 nobilitatis,
375 2883 463 2944 quam
488 2865 517 2927 in
541 2863 670 2938 homine,
696 2863 745 2944 qui
761 2863 807 2924 his
822 2871 922 2936 caret;
947 2862 1002 2924 sed
1016 2863 1219 2937 statuendum,
1243 2865 1425 2927 succurrisse

65 2959 206 3014 naturam
230 2953 316 3014 boris
342 2953 508 3015 infirmitati
531 2953 700 3033 congenitis
724 2952 771 3014 bis
795 2950 988 3031 adjumentis,
1014 2950 1084 3031 quia
1107 2951 1163 3013 bos
1186 2970 1271 3013 arma
1292 2951 1350 3015 sibi
1376 2956 1425 3016 ia·

66 3040 200 3117 bricam,
233 3041 368 3103 sobolem
391 3042 528 3114 educare,
562 3049 701 3104 natatum
720 3041 889 3103 exercendo
913 3040 1021 3102 docere
1045 3058 1102 3102 nou
1124 3048 1239 3121 potest,
1263 3051 1297 3103 ut
1319 3042 1423 3105 bomo:

65 3128 111 3193 sie
133 3129 210 3191 haec
233 3129 336 3192 circuli
360 3130 407 3192 sui
430 3131 596 3194 intellectio
620 3131 764 3193 facultati
787 3130 831 3194 illi
863 3128 968 3192 itidem
992 3136 1041 3191 est
1064 3131 1240 3210 congenita,
1273 3149 1329 3194 uec
1351 3149 1424 3213 pro·

64 3217 155 3281 licere
178 3226 292 3298 potest,
317 3238 372 3281 nec
396 3220 593 3300 aliudquam
616 3220 672 3282 hoc
696 3238 798 3298 agere,
823 3218 913 3282 ulium
938 3238 1028 3299 quam
1042 3218 1120 3279 buno
1135 3218 1278 3281 circulum
1296 3220 1424 3284 discere.

154 3306 202 3368 De
226 3305 333 3370 Geniis
366 3327 424 3369 non
458 3310 569 3371 acriter
601 3317 700 3370 tecum
723 3326 835 3388 pugno.
880 3306 946 3369 Res
979 3317 1027 3368 est
1059 3307 1184 3370 lubrica.
1228 3307 1311 3389 Ego,
1345 3311 1425 3389 quod

64 3395 243 3458 inanimatis
272 3397 361 3458 rebus
385 3397 424 3460 ob
448 3399 599 3461 deiectum
622 3397 762 3470 rationis,
797 3394 914 3475 angelis
947 3395 985 3456 ob
1014 3394 1139 3457 liberam
1162 3415 1248 3458 suam
1276 3397 1423 3459 rationem

63 3503 125 3547 uon
135 3504 257 3564 possum
273 3484 415 3560 tribuere,
426 3487 674 3567 gubernationem
686 3487 823 3548 fortunae
834 3483 961 3546 hominis
977 3484 1016 3545 ad
1029 3483 1249 3564 praescriptum
1260 3486 1421 3562 coelorum,

64 3573 110 3649 id,
132 3575 262 3655 inquam,
279 3575 377 3654 geniis
391 3574 500 3637 tribuo.
548 3575 627 3647 Quid
643 3574 742 3636 enim?
765 3575 810 3635 Tu
825 3573 1000 3653 augelorum
1009 3573 1136 3634 tutelam
1149 3573 1243 3635 coelis
1254 3573 1422 3652 allegabis?

50 3737 53 3741 ⁴
136 3679 325 3730 Fabricius:
353 3679 458 3732 Solem
476 3681 616 3732 vivificandi
642 3689 669 3731 et
685 3679 819 3745 vegetandi
844 3679 893 3728 rim
919 3677 1011 3728 babere
1036 3678 1161 3735 existimo,
1189 3678 1340 3742 planetae
1365 3694 1422 3732 rere

63 3765 115 3802 non
134 3764 219 3802 omnes
237 3766 277 3802 raa
295 3753 375 3809 simul,
393 3758 422 3802 nt
440 3751 490 3814 Sel,
512 3754 557 3803 sed
574 3753 629 3803 illac
647 3759 754 3809 tantum
773 3765 838 3815 quae
855 3750 957 3815 imperio
975 3750 1082 3813 ipsorum
1100 3749 1213 3808 subsunt,
1232 3749 1363 3801 vivificare.

152 3824 355 3903 Keplerus:
380 3824 463 3888 Nihil
487 3843 542 3904 ego
566 3835 639 3905 puto
658 3824 688 3886 iu
712 3822 823 3896 Terris,
852 3821 898 3883 cui
922 3820 1050 3883 seorsim
1074 3819 1183 3901 aliquis
1206 3821 1332 3901 planeta
1354 3823 1421 3884 cul·

61 3913 182 3976 locatus
210 3913 253 3974 sit
276 3913 305 3975 iu
328 3914 429 3976 coelo:
460 3914 515 3975 sed
538 3912 677 3975 extitisse
702 3912 770 3974 illos
795 3920 842 3974 tot
865 3917 897 3972 et
920 3911 1000 3972 tales
1028 3929 1065 3972 ea
1088 3909 1151 3970 suis
1180 3911 1310 3990 propriis
1333 3912 1419 3992 prin·

60 4001 159 4083 cipiis,
184 4001 276 4064 etiam
300 4003 364 4064 sine
379 4011 518 4081 respectu
534 4001 723 4064 terrestrium
738 4018 852 4075 rerum;
875 3999 1047 4062 consentire
1066 4017 1137 4061 vcro
1156 4017 1215 4061 uon
1230 4019 1279 4062 res
1294 4000 1420 4064 seorsim

61 4090 246 4171 compositas
271 4110 337 4152 curn
360 4091 503 4170 planetis,
529 4091 583 4172 sed
602 4108 706 4152 omnes
730 4090 866 4152 omuibus
881 4096 1008 4150 naturae
1023 4087 1197 4164 elementis,
1221 4108 1290 4151 uam
1304 4108 1419 4170 prope-

60 4178 184 4242 modum
208 4179 308 4241 omnia
331 4179 362 4241 in
386 4173 521 4242 omnibus
544 4179 694 4254 invenies,
727 4179 795 4259 plus
820 4186 921 4242 tamen
946 4177 1021 4240 certi
1045 4177 1174 4258 alicujus
1197 4179 1337 4241 elementi
1369 4179 1418 4240 rel

59 4268 242 4351 quantitatis
266 4268 296 4330 iu
320 4287 378 4330 uno
403 4287 492 4348 quam
514 4269 545 4331 iu
570 4270 676 4330 alteru.
883 4277 892 4290 ²

133 4374 319 4426 Fabricius:
339 4373 405 4435 Quid
423 4375 455 4425 de
474 4375 625 4426 antisciia
641 4373 799 4438 planetarum
816 4372 925 4436 judlcea,
944 4373 1007 4424 scire
1025 4371 1106 4421 velim.

151 4464 360 4545 Keplerus:
383 4462 497 4527 Eorum
515 4463 575 4525 vim
598 4463 641 4526 ibi
664 4480 806 4544 agnosco,
830 4460 880 4523 ubi
895 4467 966 4524 sunt
980 4459 1119 4522 autiscia.
1165 4461 1196 4522 A
1215 4481 1306 4524 causa
1328 4462 1417 4542 primi

59 4559 162 4616 motus
185 4560 257 4615 sunt
286 4553 416 4616 autiscia
448 4562 551 4635 partes
579 4551 709 4627 zodiaci,
743 4569 801 4612 nou
826 4550 942 4613 ratione
975 4549 1105 4612 siderum
1123 4549 1286 4614 mobilium.
1332 4551 1416 4631 Ergo

56 4645 87 4705 in
113 4641 278 4705 directione
302 4643 495 4706 ascendentis
519 4651 550 4704 et
572 4642 615 4705 M.
641 4640 677 4704 Ο.
700 4648 774 4722 puto
798 4639 859 4702 rim
895 4658 964 4701 esse
987 4657 1143 4719 magnam,
1178 4646 1212 4701 at
1234 4658 1291 4701 non
1314 4639 1344 4701 in
1365 4638 1414 4702 di-

57 4731 192 4795 rectione
216 4728 298 4792 Solis
322 4738 355 4792 et
376 4731 516 4794 Veneris.

129 4837 314 4889 Fabricius:
334 4834 491 4918 'Quantum
519 4849 553 4888 an
572 4837 715 4900 eclipses
734 4833 798 4886 Solia
816 4841 843 4886 et
859 4832 949 4885 Lunae
972 4847 1000 4885 re
1021 4844 1081 4884 rora
1101 4831 1231 4900 generales
1250 4833 1314 4885 atris
1331 4839 1413 4888 rau

735 4958 753 5001 a
