3428 5542
172 298 239 369 294
768 299 932 351 ememus.

173 459 351 534 schematis,
381 458 493 521 additis
507 457 651 538 gradibus
675 457 844 538 eclipticas,
868 457 918 538 qui
942 457 981 518 ad
999 457 1106 521 domus
1129 457 1292 536 pertinent,
1315 464 1349 521 et
1369 457 1442 521 loca
1461 458 1536 541 pls·

172 558 309 614 netarum
329 549 368 609 ad
381 548 412 610 d.
436 544 485 610 14.
502 546 587 626 Sept.
609 543 705 610 1583.
896 564 898 566 ·

263 638 410 698 Themate
434 636 478 697 sic
500 643 684 716 praeparato
709 634 912 695 inscribuntur
936 633 1004 694 loca
1017 631 1208 711 planetarum
1229 640 1261 696 et
1274 632 1358 697 Solis
1373 653 1413 697 ex
1425 634 1534 715 Ephe·

173 725 336 789 meridibus
360 726 499 786 desumta
521 723 690 802 triangulis,
714 723 822 784 iisdem
842 720 949 801 signis,
974 721 1081 799 quibus
1105 720 1180 783 baec
1200 722 1267 785 loca
1281 722 1441 803 eclipticas
1466 723 1534 804 sig·

174 808 298 887 ututur,
324 812 448 886 notatis,
474 832 528 873 nec
552 831 609 875 nou
636 813 702 873 loca
725 812 868 872 nodorum
884 809 999 871 itineris
1015 809 1118 871 Lunae
1142 820 1174 870 et
1188 811 1367 891 insigniores
1383 811 1534 893 quaedam

173 903 283 964 stellae
307 902 400 974 fixae,
423 901 584 981 praecipue
608 901 693 969 illae,
718 919 794 979 quac
819 900 847 960 in
872 900 946 961 locis
970 898 1105 959 existunt
1128 899 1342 975 cardinalibus,
1367 902 1416 963 rel
1440 919 1532 983 quum

172 991 315 1073 planetae
339 988 399 1052 illis
423 990 651 1068 conjunguntur.
697 988 855 1050 Distantia
887 987 1014 1065 denique
1039 983 1120 1063 Solis
1149 997 1181 1048 et
1208 988 1329 1058 Lunae,
1362 988 1470 1052 addita
1494 988 1533 1051 ad

174 1080 286 1162 gradus
315 1077 562 1153 „ascendentis,“
595 1077 703 1139 dicitur
735 1095 828 1156 „Pam
848 1075 1005 1138 fortunae“
1031 1075 1278 1155 convenientique
1304 1077 1459 1163 triangulo
1482 1077 1532 1139 in-

174 1167 326 1232 scribitur.

264 1255 349 1316 Voce
374 1251 593 1332 ,‚aspectus“
617 1253 803 1332 significatur
826 1250 973 1334 distantia
987 1250 1178 1329 planetarum
1193 1252 1272 1314 iuter
1286 1271 1355 1314 sese
1370 1252 1533 1317 intervallo

176 1341 230 1419 0⁰,
256 1338 331 1411 30⁰.
356 1337 425 1405 30ο
447 1342 501 1403 dne.
527 1337 611 1421 (vide
636 1361 729 1420 supra
742 1338 823 1413 292)
846 1340 875 1401 iu
896 1338 1045 1417 ecliptica.
1075 1340 1222 1421 ‘Nomina
1237 1341 1341 1404 borum
1356 1350 1534 1421 aspectuum

175 1433 345 1505 baecsnnt3
383 1430 414 1502 1)
439 1429 618 1510 Conjunctio
642 1426 718 1508 (A),
757 1427 793 1503 2)
817 1427 1015 1503 Semisextus,
1058 1425 1093 1501 3)
1118 1426 1350 1509 Semiquintilis,
1388 1424 1426 1502 4)
1449 1429 1532 1493 sex-

175 1521 239 1584 tilis
264 1522 339 1593 (sk),
363 1519 399 1589 5)
424 1516 568 1589 Quintilis
593 1521 670 1590 (ae),
695 1516 869 1588 Quadratus
895 1515 976 1588 (U),
1009 1517 1043 1591 7)
1069 1516 1330 1597 Sesquiquintilis,
1361 1516 1398 1590 8)
1423 1518 1533 1583 Triuna

175 1629 229 1672 seu
239 1607 433 1687 triangularis
444 1608 526 1680 (Δ),
542 1603 578 1679 9)
590 1606 865 1686 Sesquiquadratus
878 1608 928 1679 ll]
940 1607 1006 1681 U),
1035 1601 1088 1675 to)
1101 1605 1273 1685 Biquiutilis
1284 1609 1299 1681 (
1311 1602 1334 1672 Χ
1345 1609 1375 1680 ),
1396 1606 1452 1680 11)
1463 1604 1532 1688 Op-

176 1697 288 1779 positio
304 1697 374 1769 (00).
421 1694 571 1774 Keplerus
595 1715 632 1756 err
657 1695 703 1756 bis
728 1695 864 1756 undecim
888 1695 1061 1775 aspectibus
1082 1693 1188 1773 rejecit
1201 1695 1332 1769 tertium,
1358 1696 1532 1776 septimum,

178 1803 296 1858 nonum,
323 1783 408 1864 quasi
433 1783 530 1844 minus
549 1784 744 1859 „ellicaces,“
770 1802 947 1863 quamquam
963 1784 1091 1845 chordae
1107 1782 1241 1845 sectione
1257 1784 1432 1847 harmonica
1446 1803 1532 1847 cour·

176 1874 345 1947 mundatos,
366 1872 547 1952 retinuitque
571 1879 689 1934 tantum
713 1871 734 1932 8
757 1871 897 1951 reliquos.

266 1959 358 2024 Locis
388 1961 595 2040 planetarum,
630 1961 758 2023 themati
789 1960 871 2022 dicta
900 1961 1016 2023 ratione
1040 1959 1207 2040 inscriptis,
1242 1959 1319 2022 inter
1342 1981 1375 2023 se
1404 1960 1534 2027 invicem

177 2050 361 2131 comparatis
384 2050 532 2129 prodeunt
556 2049 585 2111 hi
600 2059 741 2129 aspectus
765 2061 796 2110 et
812 2069 849 2110 err
868 2050 915 2113 his
934 2049 1062 2111 efficitur
1077 2049 1346 2127 ‚,proguosticuu1“
1369 2051 1534 2115 secundum

178 2139 300 2220 regulas
324 2138 544 2217 astrologorum
568 2139 748 2218 multiplices
772 2147 805 2200 et
818 2147 955 2200 naturam
971 2138 1169 2216 planetarum,
1195 2157 1283 2216 quarn
1298 2139 1428 2217 singulis
1443 2139 1534 2204 aliam

177 2226 360 2292 tribuebant.
417 2228 500 2289 luter
533 2227 588 2288 has
622 2227 743 2306 regulas
783 2228 976 2309 praecipuam
1013 2225 1073 2286 vim
1107 2225 1260 2287 habebant
1294 2226 1536 2309 „directiones,“

179 2316 435 2398 „profectiones,“
459 2316 659 2391 ‚,transitus,“
683 2317 869 2396 „aphotae,“
894 2335 999 2377 omues
1024 2314 1134 2377 similia
1157 2314 1372 2394 significantes.

267 2404 439 2483 ‚,Directio,
464 2405 560 2486 inquit
583 2403 754 2484 Origanns,
778 2415 826 2467 est
849 2407 897 2467 vel
921 2404 979 2466 loci
1002 2402 1127 2470 zodiaci,
1151 2405 1200 2465 rel
1222 2402 1366 2482 planetae
1389 2403 1535 2469 thematis

178 2493 309 2557 natalitii
334 2494 371 2555 ad
396 2492 554 2555 obviantes
578 2491 607 2554 in
632 2513 719 2556 cursu
742 2494 882 2573 planetas
906 2493 956 2554 vel
980 2492 1091 2560 radios,
1116 2511 1169 2573 per
1192 2503 1297 2571 partes
1322 2492 1534 2574 aequinoctio·

178 2583 216 2646 lis
246 2582 349 2645 circuli
381 2581 409 2643 in
443 2583 517 2644 data
550 2581 697 2662 sphaerae
726 2582 901 2645 habitudine
932 2580 1096 2642 artificiosa
1124 2581 1274 2644 deductio.
1321 2580 1384 2645 Seu
1414 2590 1464 2645 est
1487 2583 1534 2645 iu·

178 2672 279 2736 ventio
304 2691 391 2733 arcus
417 2670 657 2753 aequinoctialis,
684 2673 732 2752 qui
756 2671 875 2734 circulis
899 2670 1081 2756 positionum
1105 2671 1220 2732 duobus
1244 2670 1442 2751 intercipitur,
1467 2679 1535 2735 trs-

175 2761 267 2844 jectis
290 2779 345 2841 per
369 2762 427 2821 duo
452 2760 519 2821 loca
541 2759 668 2831 zodiaci,
692 2779 815 2840 quorum
836 2779 924 2822 unum
944 2759 1066 2839 signif
1071 2759 1205 2833 icatur,
1230 2760 1357 2821 altemm
1375 2761 1534 2841 promis·

181 2869 242 2912 sor
265 2858 393 2928 occupat
417 2857 448 2910 et
472 2848 531 2910 uns
554 2867 620 2910 cum
645 2868 715 2910 arcu
740 2848 897 2929 eclipticas
920 2848 968 2908 vel
985 2848 1123 2931 ascendit
1140 2848 1188 2909 vel
1204 2848 1396 2911 descendit.“
1434 2849 1536 2912 Voces

180 2937 412 3018 „siguilicator“
427 2946 459 2999 et
473 2937 680 3016 „promissor“
705 2937 844 2999 dixerunt
864 2935 1009 3015 astrologi
1025 2935 1137 3010 Solem,
1162 2937 1289 3011 Lunam,
1313 2938 1454 3017 planetas
1470 2938 1536 3009 bc..

182 3025 232 3110 alii
247 3024 327 3087 aliud
343 3034 457 3087 astrum
474 3026 686 3105 intelligentes,
703 3027 781 3105 quod
792 3028 829 3087 ad
841 3027 966 3088 alterius
976 3027 1075 3088 locum
1089 3024 1283 3105 ,‚dirigatur“
1297 3025 1388 3088 certis
1399 3044 1535 3089 momen·

183 3113 222 3175 tis
236 3114 319 3174 vitae
334 3132 444 3188 eorum,
462 3114 500 3174 ad
515 3133 589 3193 quos
603 3113 657 3176 illa
671 3114 738 3176 loca
755 3116 971 3177 referebantur.
1006 3113 1145 3194 Aphetae
1161 3111 1303 3190 (dormo,
1318 3115 1398 3194 apud
1413 3114 1535 3179 Arabs·

182 3202 294 3274 bilech)
319 3201 416 3263 simila
441 3202 509 3282 quid
535 3202 706 3281 significant
729 3202 807 3283 iique
831 3212 901 3264 sunt
924 3204 1068 3282 quinque:
1094 3202 1223 3263 medium
1243 3202 1328 3276 coeli,
1355 3204 1536 3277 ascendens,

183 3290 287 3351 domus
311 3290 387 3364 Vll,
412 3290 471 3364 IX,
495 3291 552 3354 Xl.
599 3291 633 3353 In
657 3292 714 3366 his,
739 3292 837 3371 inquit
855 3290 1024 3365 Cardenus,
1049 3293 1074 3353 si
1097 3292 1267 3354 inieniatur
1290 3310 1364 3352 unns
1384 3311 1423 3355 ex
1438 3290 1533 3374 signi·

183 3378 355 3442 ficatoribus
379 3376 463 3451 (Sol,
493 3380 610 3454 Luna),
640 3380 697 3442 erit
719 3381 857 3459 Apheta‚
892 3381 921 3441 b.
946 3401 972 3444 e.
998 3381 1131 3442 decernit
1162 3399 1255 3441 annos
1280 3380 1361 3442 vitae
1392 3389 1425 3442 et
1447 3380 1537 3445 robur

183 3470 257 3550 ejus.
306 3465 446 3529 Ceterum
469 3470 570 3546 plures
595 3487 663 3529 esse
685 3478 813 3549 possunt
831 3470 961 3548 aphetae
984 3469 1082 3532 simul.
1129 3469 1322 3532 Ptolemaeus
1341 3469 1405 3544 (De
1419 3470 1533 3533 Astro-

182 3576 247 3619 mm
265 3557 390 3637 judiciis
415 3558 462 3618 vel
486 3556 762 3636 Quadripartitum)
787 3558 890 3618 delinit
914 3558 1077 3636 „aphetica
1100 3558 1204 3632 loca,“
1228 3557 1256 3618 in
1282 3558 1388 3638 quibus
1411 3557 1536 3639 reperiri

181 3665 307 3708 necesse
331 3654 379 3707 est
402 3664 477 3720 eum,
503 3647 553 3726 qui
576 3647 652 3708 velit
675 3647 755 3707 vitae
779 3646 991 3726 gubernandae
1007 3647 1218 3726 jurisdictione
1242 3647 1342 3727 potiri.

270 3734 379 3795 hlodus
403 3734 612 3814 „dirigendi,“
636 3736 665 3795 h.
691 3755 717 3796 e.
743 3735 890 3797 referendi
916 3735 975 3796 vim
998 3738 1188 3816 planetarum
1212 3736 1283 3798 dato
1307 3744 1443 3814 ternpore
1467 3752 1536 3799 cer·

181 3822 221 3885 tis
245 3823 319 3885 locis
340 3825 574 3885 constitutorum
604 3824 643 3885 ad
679 3824 747 3885 loca
780 3824 940 3885 eorundem
969 3827 997 3886 iu
1023 3825 1143 3905 genesi,
1173 3824 1249 3885 alius
1279 3834 1327 3886 est
1354 3824 1435 3905 apud
1459 3824 1538 3887 alios

184 3912 364 3988 astrologos.
410 3911 604 3974 Ptolemaeus
629 3932 754 3992 eumque
781 3923 902 3972 secutus
918 3911 1077 3975 Cardanus
1102 3922 1232 3994 quatuor
1245 3920 1417 3994 proponunt
1438 3912 1537 3975 ratio·

185 4018 248 4061 nes.
296 3996 447 4078 Origanns
476 4000 530 4062 hos
558 4002 699 4081 proponit
727 4001 821 4060 duos:
860 4000 891 4072 l)
917 4000 1111 4083 Significator
1141 4021 1195 4082 per
1225 4012 1328 4082 partes
1361 3998 1538 4082 aequaturi!

184 4086 345 4150 secundum
370 4087 522 4167 signorum
547 4090 768 4152 successionem
791 4090 961 4164 deducitur,
994 4092 1088 4152 donec
1117 4090 1244 4152 similem
1273 4092 1301 4153 iu
1327 4090 1423 4171 figura
1445 4088 1538 4153 situm

184 4196 249 4239 cum
273 4177 455 4256 promissore
479 4179 633 4251 obtineat;
667 4177 702 4250 2)
727 4176 920 4254 Significator
948 4181 1066 4241 inverso
1097 4180 1216 4253 ordine,
1251 4188 1357 4242 contra
1384 4180 1539 4261 signorum

185 4266 405 4328 successionem
431 4265 458 4326 iu
483 4268 580 4328 locum
604 4267 796 4347 promissoris
825 4267 990 4330 deducitur.
1039 4269 1096 4330 llla
1124 4268 1248 4331 directio
1277 4270 1418 4333 tribuitur
1446 4268 1538 4331 boro-

185 4375 293 4434 scopo,
322 4355 419 4416 medio
443 4357 534 4430 coeli,
567 4358 695 4435 aphetae
716 4357 744 4416 in
770 4375 944 4436 quocunque
969 4360 1034 4419 loco
1059 4357 1223 4420 constituto
1252 4368 1283 4420 et
1306 4359 1444 4422 omuibus
1466 4358 1537 4437 pls-

186 4445 264 4505 netis
288 4444 402 4505 directo
427 4453 508 4505 motu
534 4445 755 4518 incedentibus,
780 4444 854 4506 haec
877 4447 955 4525 parti
981 4447 1119 4524 fortunae
1143 4456 1173 4508 et
1192 4446 1324 4527 planetis
1342 4444 1538 4527 retrogradis.

186 4534 332 4610 Dirigitur
361 4552 390 4592 v.
415 4554 440 4594 c.
465 4536 593 4595 medium
621 4535 695 4594 coeli
730 4534 768 4593 ad
797 4553 882 4593 suum
911 4535 1122 4613 promissorem
1157 4536 1332 4616 inquirendo
1361 4535 1539 4599 distantiam

186 4623 339 4701 utriusque
364 4622 392 4682 in
418 4631 581 4701 aequatura
606 4624 667 4694 (vel
694 4623 722 4682 in
747 4622 913 4701 ecliptica).
962 4621 1099 4694 Quilibet
1121 4624 1233 4704 gradus
1253 4624 1418 4687 distantias
1442 4622 1539 4703 sigui·

186 4711 252 4772 licat
279 4730 386 4771 annum
411 4711 541 4783 aetatis;
571 4711 697 4792 quinque
722 4710 836 4772 minuta
859 4730 1006 4785 mensem,
1031 4713 1122 4777 horas
1150 4712 1198 4776 10.
1224 4709 1295 4789 30’;
1328 4732 1418 4777 unum
1441 4712 1539 4775 urin-

184 4813 247 4862 turn
270 4798 290 4863 o
313 4802 377 4862 dies
402 4797 423 4861 2
446 4800 509 4862 hor.
535 4797 583 4873 6‘3
607 4801 709 4862 dacem
733 4800 865 4863 secunda
888 4802 966 4863 diem
989 4822 1089 4865 uuum.
1118 4802 1269 4885 Keplerus
1291 4802 1349 4867 sibi
1372 4802 1440 4889 ipss
1461 4804 1541 4867 bunc
