3428 5542
701 342 858 411 sseuauu
879 344 1032 397 asarenam.
1475 343 1540 413 435

181 501 342 578 frumenti,
366 498 446 579 vini,
471 501 548 579 olei,
573 500 666 566 tritici
690 510 747 567 etc
768 504 841 567 item
862 503 987 567 Jovis
978 522 1008 566 ιι
1037 504 1133 586 figora
1155 503 1301 568 cardinali
1325 502 1540 584 dispositiones

179 591 348 653 vanissima
370 591 487 654 somnia
510 597 588 663 suut.
617 588 747 663 Quaeris
771 610 823 655 cur
843 592 946 656 vinum
969 593 1026 655 boc
1049 613 1128 656 anno
1151 612 1209 657 non
1232 593 1427 675 provenerit?
1460 592 1540 666 Quia

181 672 309 761 frigidus
339 689 371 743 et
402 680 540 744 humidus
569 698 664 742 annus
688 678 753 746 fuit.
801 681 861 753 Qui
884 682 941 744 hoc
963 682 1133 764 praevidit,
1165 703 1203 745 ex
1234 683 1291 745 boo
1319 682 1383 744 solo
1412 689 1444 745 et
1465 682 1540 748 iliud

180 768 311 831 habuit?
344 766 406 834 Gur
428 788 549 831 annona
572 768 687 849 reliqua
710 768 795 833 dives
818 770 892 834 alibi
915 769 982 843 fuit,
1005 770 1079 834 alibi
1101 770 1225 834 tenuis?
1262 768 1343 843 Quia
1365 789 1404 833 ex
1421 768 1540 834 interna

179 856 292 939 aliqua,
316 858 361 920 uti
383 872 476 939 supra
496 858 658 947 dirputavi,
682 865 715 921 ιι
738 856 834 922 adhuc
857 859 978 922 occulta
1000 859 1112 923 Terrae
1135 858 1331 943 dispositione
1353 866 1458 940 partes
1480 860 1539 923 ali-

179 964 257 1027 quae
281 946 440 1009 Terrarum
463 936 603 1010 humidae
631 948 732 1024 fuere,
761 955 793 1011 et
822 955 925 1010 aeetae
958 956 1100 1029 quantum
1131 949 1207 1012 satis
1235 948 1292 1011 fuit
1314 967 1437 1024 serena3
1466 947 1538 1012 alibi

178 1053 251 1097 vero
274 1035 398 1099 siccitas
423 1034 512 1113 fuit,
504 1036 627 1100 mimica
642 997 794 1118 frugibus,
819 1056 908 1120 quam
923 1043 955 1099 ιι
968 1044 1068 1100 ιιιιιι
1083 1045 1182 1101 ιιιιιι
1202 1046 1323 1100 ιιιιιιι
1340 1044 1398 1100 ιιι.
1436 1038 1536 1100 Inter-

179 1123 249 1186 dum
272 1124 348 1188 bene
372 1123 491 1205 quidem
514 1125 609 1188 habet
631 1145 741 1202 annus,
772 1125 828 1188 sed
860 1126 960 1187 subito
993 1133 1025 1188 et
1054 1146 1114 1188 ιιι
1142 1126 1189 1189 dIe
1212 1127 1320 1208 pruina
1349 1127 1400 1188 vel
1421 1126 1537 1208 mando

178 1212 337 1289 montosis,
370 1222 424 1276 ant
455 1214 609 1276 inundatio
643 1214 780 1294 partibus
813 1222 903 1276 nocet
934 1215 1112 1290 humilibus;
1151 1232 1244 1297 eaque
1281 1233 1372 1277 unum
1408 1214 1538 1297 aliquem

177 1309 319 1379 tractum,
345 1320 402 1383 quo
425 1310 533 1365 ventus
559 1304 663 1379 fertur,
689 1310 825 1383 occupat.
864 1300 1123 1375 Quemadmodum
1146 1312 1177 1366 et
1199 1305 1230 1366 in
1253 1311 1410 1367 ventorum
1428 1312 1538 1366 natura

178 1409 291 1494 magna
321 1399 472 1453 momenta
503 1399 589 1461 sunt,
620 1410 743 1473 quorum
774 1392 884 1472 plagae
912 1392 958 1454 his
986 1393 1098 1455 nostris
1121 1392 1292 1474 regionibus
1315 1392 1536 1456 inconstantis-

177 1478 273 1542 simae
309 1487 380 1542 sunt
417 1487 452 1542 ut
482 1479 648 1560 plurImum.
704 1480 924 1544 Stultissimum
955 1481 1061 1561 igitur,
1095 1482 1197 1543 horum
1232 1488 1391 1545 eventuum
1427 1501 1536 1544 causas

94 1631 99 1639 ,
178 1567 256 1631 alias
285 1586 429 1651 quaerere
457 1569 488 1631 in
515 1566 617 1650 figuris
642 1569 859 1643 cardinalibus,
892 1588 960 1632 oum
982 1568 1161 1632 manifestas
1183 1590 1293 1648 causas
1317 1588 1473 1634 cernamus
1497 1569 1535 1633 ob

177 1655 292 1720 oculos.
338 1658 386 1720 Ac
410 1677 447 1720 ne
470 1676 565 1720 novus
588 1659 677 1720 homo
701 1666 797 1722 artem
820 1657 989 1722 convellere
1013 1658 1126 1736 videar,
1152 1660 1190 1723 ad
1207 1658 1340 1724 Uardani
1364 1666 1396 1720 et
1413 1658 1535 1744 lycho-

176 1744 225 1809 nis
248 1747 463 1809 auctoritatem
484 1758 625 1829 provoco.

446 1890 452 1899 .
719 1834 854 1898 Thesis
878 1834 991 1898 LXVI.

268 1920 401 1986 Causam
416 1995 418 2000 ,
432 1942 521 1985 unam
552 1942 607 2004 ego
641 1923 848 2000 considerabo,
882 1929 1095 2005 tempestates;
1124 1943 1190 1986 cum
1214 1923 1251 1986 de
1275 1923 1385 1987 ceteris
1405 1924 1536 1987 nondum

176 2017 306 2076 constet
353 2010 420 2074 Ver
449 2020 598 2074 maturum
626 2012 655 2074 in
679 2011 926 2076 meridionalibus
955 2013 1029 2074 locis
1053 2032 1188 2094 gemmas
1211 2013 1352 2077 arborum
1378 2013 1537 2095 protmdet
1593 2073 1595 2078 ,
1664 2065 1666 2069 .

176 2100 249 2165 ante
271 2108 402 2181 tempus,
426 2101 531 2182 quibus
555 2100 653 2163 adhuc
677 2101 791 2164 teneris
815 2100 1029 2182 superveniens
1052 2101 1270 2182 intemperatus
1293 2101 1424 2165 Martius
1447 2102 1535 2165 dam·

120 2265 122 2268 .
175 2208 247 2254 num
270 2186 390 2251 inferet.
436 2190 471 2252 In
504 2198 608 2252 nostro
641 2189 761 2252 climate
794 2209 830 2252 ιο
862 2199 998 2269 tempore
1027 2191 1065 2252 ob
1095 2190 1188 2271 frigus
1213 2190 1335 2256 solitum
1359 2198 1391 2254 et
1413 2190 1537 2252 boream

176 2277 309 2341 nondum
341 2277 499 2360 quicquam
532 2286 636 2340 extare
670 2278 759 2342 solet.
812 2279 878 2341 Ver
908 2277 1095 2341 commodum
1123 2279 1273 2360 frugibus,
1308 2279 1362 2342 sed
1397 2275 1447 2343 10.
1487 2276 1535 2341 11.

179 2363 229 2431 12.
253 2365 331 2447 Maji
354 2365 385 2428 in
408 2367 541 2447 periculo
570 2375 632 2443 est,
664 2374 698 2430 ut
730 2385 822 2449 sopra
849 2367 971 2429 dictum.
1017 2367 1125 2429 lunius
1158 2368 1276 2431 florenti
1309 2366 1364 2430 viti
1396 2369 1536 2438 minatur,

176 2473 248 2517 narn
278 2463 310 2518 et
341 2453 389 2518 bic
419 2462 449 2519 et
483 2455 533 2536 qui
563 2454 698 2538 sequitur
718 2454 818 2518 Julius
843 2464 897 2518 aut
919 2455 1009 2518 nimio
1032 2455 1154 2518 humore
1178 2464 1231 2518 aut
1253 2455 1398 2537 grandine
1421 2455 1541 2537 passini

176 2543 289 2619 damna
312 2542 436 2606 dabunt.
483 2545 650 2625 Augustus,
675 2542 865 2624 September,
890 2543 1024 2606 October
1047 2545 1116 2607 vino
1140 2545 1278 2609 videntur
1301 2546 1414 2620 favere,
1439 2558 1535 2626 quen-⁴

174 2641 239 2703 tum
264 2633 393 2695 restat
385 2652 413 2707 ιι
436 2633 581 2715 palmite,
611 2632 760 2714 etiamque
785 2634 945 2696 frumento
991 2631 1054 2695 Sed
1082 2641 1184 2696 tamen
1213 2643 1245 2697 et
1269 2631 1323 2699 20.
1348 2631 1537 2747 Septembris

170 2721 206 2785 in
231 2721 342 2784 ricinia
365 2740 421 2784 sua
441 2721 607 2804 periculum
630 2721 730 2785 habet.

716 2808 848 2871 Thesis
871 2810 999 2872 LXVII.

266 2895 357 2970 Quod
379 2898 499 2961 morbos
523 2897 650 2976 attinet,
674 2899 749 2961 illud
773 2898 982 2961 universaliter
1010 2918 1112 2961 verum
1142 2898 1241 2961 sciunt
1264 2899 1391 2975 medici,
1415 2901 1537 2965 turbato

177 2994 248 3050 aere
272 3005 399 3068 corpora
422 2987 515 3050 etiam
538 2996 643 3050 nostra
665 2987 789 3051 turbari.
836 2988 943 3069 ltaque
971 3007 1038 3050 curn
1060 2989 1165 3070 hyems
1188 2987 1356 3070 inaequalis
1383 2990 1537 3070 significe-

175 3084 236 3153 tur,
259 3076 347 3138 multi
370 3074 462 3138 etiam
485 3076 581 3139 morbi
600 3085 704 3152 erunt,
728 3077 889 3159 praecipue
916 3075 945 3138 in
969 3074 1115 3158 principio
1140 3076 1243 3139 Martii
1271 3084 1303 3140 et
1325 3078 1411 3158 Maji.
1460 3077 1537 3144 Cum

178 3172 279 3228 autern
304 3173 336 3228 et
358 3171 463 3228 aestas
487 3174 634 3246 appareat
655 3165 785 3238 turbida,
810 3171 969 3228 autumnus
993 3184 1122 3247 sequens
1146 3164 1184 3227 ob
1204 3184 1399 3246 congressum
1414 3166 1537 3232 Saturni

177 3262 211 3317 et
241 3253 353 3317 Martis
385 3253 544 3316 admodum
577 3253 636 3315 erit
658 3253 809 3335 putridus,
833 3254 920 3316 multi
947 3254 1042 3317 morbi
1067 3254 1272 3331 autumnales,
1297 3255 1407 3320 alicubi
1429 3258 1535 3337 pestis,

177 3361 237 3427 quo
260 3350 370 3406 ventus
393 3342 500 3404 noxius
524 3343 617 3418 feret3
645 3342 825 3423 praesertim
854 3342 880 3405 si
909 3343 975 3424 quis
1004 3343 1131 3423 eclipses
1155 3361 1191 3404 eo
1215 3362 1272 3424 quo
1297 3343 1426 3407 diximus
1449 3346 1537 3408 modo

177 3429 359 3496 consideret.
406 3431 441 3493 In
465 3449 584 3512 genere,
617 3450 808 3512 quoscunque
832 3430 898 3493 dies
926 3431 1029 3494 notavi
1053 3431 1228 3512 aspectibus
1261 3432 1374 3495 crebris
1398 3432 1535 3510 infestos,

178 3520 202 3585 ii
226 3528 259 3583 et
280 3518 400 3583 morbos
424 3520 506 3583 cient
527 3518 557 3582 in
581 3519 727 3601 subjectis
749 3518 876 3595 idoneis,
892 3519 998 3601 etjam
1017 3519 1246 3601 aegrotantibus
1262 3520 1444 3583 difficiliores
1460 3531 1538 3584 sunt.

180 3607 259 3674 curn
283 3617 384 3672 autern
408 3608 497 3671 homo
521 3609 629 3689 aliquis
649 3609 716 3688 jam
741 3608 907 3685 decumbit,
932 3616 986 3671 aut
1009 3629 1075 3671 curn
1099 3609 1239 3672 humores
1263 3608 1366 3672 vitiosi
1380 3610 1446 3689 jam
1461 3612 1536 3674 fluc-

178 3698 299 3762 tuant'
291 3717 321 3760 ιιι
345 3716 484 3778 corpore:
509 3705 579 3760 tunc
602 3717 676 3760 sane
700 3716 758 3759 non
783 3696 920 3777 amplius,
945 3705 979 3761 ιι
1001 3699 1147 3761 hactenus
1173 3717 1228 3780 ego
1253 3697 1320 3773 feci,
1346 3699 1458 3778 negligi
1480 3700 1536 3761 de·

177 3786 253 3850 bent
260 3784 526 3875 ,configurationes
551 3786 655 3848 Lunae
686 3785 923 3866 complanatis,
956 3785 1315 3868 praecipuecumSole
1362 3787 1441 3849 Nam
1465 3807 1544 3868 par-1

179 3862 336 3939 ticularios
360 3874 543 3957 disponunt,
573 3881 605 3935 ιι
627 3882 749 3936 movent
771 3875 911 3938 humores
943 3875 1037 3957 (quod
1065 3882 1199 3939 testatur
1221 3894 1361 3956 magnum
1384 3875 1456 3939 illud
1480 3878 1537 3940 hu-

179 3957 296 4027 morum
320 3963 414 4027 cbaos
438 3965 584 4036 oceanus)
607 3983 662 4025 ιιι
686 3964 832 4044 negarim,
854 3964 885 4026 in
899 3963 1047 4027 medicina
1062 3962 1201 4028 facienda
1214 3964 1329 4028 utiliter
1343 3965 1537 4030 considerari.

178 4051 294 4116 Parcet
317 4071 409 4134 aegro
432 4052 565 4115 medicus
592 4050 787 4114 vehementer
814 4052 991 4128 debilitato,
1025 4052 1052 4115 si
1083 4061 1203 4134 potest,
1235 4053 1360 4117 Luna
1352 4074 1382 4116 ιι
1413 4064 1539 4136 aspectu

180 4140 253 4204 forti
276 4148 428 4205 versante.
475 4141 554 4204 Nam
579 4140 704 4224 quilibet
727 4149 870 4222 aspectus
897 4161 951 4222 per
979 4162 1012 4205 se
1036 4151 1163 4206 naturae
1186 4143 1326 4224 purgatio
1351 4150 1407 4207 eet
1444 4143 1538 4207 Atei

179 4228 291 4293 validis
322 4229 552 4312 purgationibus
584 4248 659 4310 opus
692 4237 758 4303 est,
790 4229 887 4311 eligat
913 4230 1048 4294 vicissim
1071 4231 1165 4294 fortes
1189 4234 1450 4313 configurationes.
1496 4230 1539 4295 Et

179 4337 254 4382 sane
278 4325 376 4382 totum
398 4318 519 4381 crisinm
542 4317 696 4400 negotium
718 4338 738 4380 a
761 4319 864 4382 Lunae
888 4320 987 4383 reditu
1010 4329 1042 4384 ιι
1064 4321 1298 4402 configuratione
1322 4321 1537 4404 complacetis

180 4407 341 4491 dependet,
366 4406 536 4490 frustraque
560 4405 632 4471 alibi
655 4406 816 4489 quaeritur.

706 4495 838 4559 Thesis
861 4497 1008 4560 LXVIII.

269 4585 305 4649 lo
329 4582 419 4648 rebus
443 4583 575 4667 politicis
599 4588 631 4647 et
653 4582 771 4648 bellicis
795 4587 966 4667 astrologus
990 4605 1063 4648 sane
1086 4589 1191 4649 votum
1214 4587 1335 4670 aliquod
1357 4587 1459 4664 habet,
1478 4607 1537 4670 po-

180 4672 249 4737 sitis
271 4672 320 4745 iis,
345 4691 422 4756 quoe
446 4692 538 4757 supra
561 4673 747 4737 fundamenti
779 4675 846 4736 loco
870 4674 933 4737 dixi
956 4672 993 4736 de
1017 4674 1184 4738 animorum
1208 4696 1354 4740 consensu
1377 4696 1443 4740 curn
1461 4696 1556 4740 oona
1633 4676 1635 4683 '

179 4760 408 4845 figurationibus
423 4761 617 4827 coelestibus.
657 4762 841 4843 Vigentibus
855 4763 935 4827 enirn
950 4762 1058 4827 validis
1072 4765 1254 4846 aspectibus,
1271 4785 1357 4828 omne
1373 4765 1538 4829 animomrn

180 4869 285 4933 genus,
321 4850 478 4934 quodlibet
508 4850 540 4915 iu
572 4871 626 4915 suo
658 4869 748 4931 opere
771 4852 952 4916 naturaliter
973 4861 1116 4934 vegetum
1139 4861 1188 4917 est
1210 4862 1241 4916 et
1263 4855 1378 4931 alacre,
1406 4854 1537 4918 maxime

1263 4959 1324 5011 28·
