3428 5542
230 309 293 378 lte
739 315 850 380 Mystem
870 306 1070 382 οωωοςηριιίοι

228 471 429 536 inermem
453 473 521 535 usin
547 474 586 535 au
611 473 735 539 saturni
767 475 1011 555 amplitudinem,
1047 485 1079 538 o
1106 477 1145 538 aa
1171 477 1229 538 aas
1253 433 1291 538 au
1316 476 1440 539 mamm
1464 473 1593 536 insess-

227 560 370 624 mabilem
394 561 585 624 altitudinem
610 565 712 625 oculos
736 564 873 639 intende,
900 572 931 626 et
954 565 1081 646 denique
1106 567 1265 640 conclude,
1296 574 1396 627 utrum
1419 565 1501 626 lactu
1525 582 1594 625 cre·

227 649 350 731 dituqiue
375 649 506 726 facilius,
531 653 705 732 punctulum
731 653 803 714 illud
821 653 909 715 intra
927 653 956 714 A
975 655 1137 729 circellum,
1163 664 1194 718 et
1217 655 1261 716 sic
1277 654 1427 716 Tellurem
1451 653 1480 713 in
1505 671 1594 714 unam

226 738 351 821 plagam
374 739 480 815 rotari,
506 760 542 801 an
568 759 639 801 vero
663 750 760 803 toturn
784 743 924 805 muudum
948 742 1051 804 decem
1067 743 1218 806 distinctis
1234 743 1365 806 motibus
1389 741 1477 823 (quia
1491 742 1595 803 decern

228 824 419 891 abinvicem
443 828 536 891 soluti
559 831 663 903 orbes)
688 831 812 893 inlanda
834 831 998 911 rapiditate
1021 833 1064 893 ire
1089 833 1118 893 in
1142 832 1263 912 plagam
1283 833 1420 905 alteram,
1446 849 1502 892 nec
1517 847 1594 910 quo-

228 932 318 998 quam
340 915 399 978 nisi
423 918 462 979 ad
486 919 559 982 illud
583 921 771 998 punctulum,
796 921 926 982 Telluris
950 920 1187 1000 imagunculam,
1218 939 1343 1001 eamque
1366 921 1464 982 solam
1487 919 1595 980 immo-

229 1002 335 1080 bilem,
360 1004 527 1085 respicere,
553 1008 624 1087 quia
647 1016 733 1070 extra
756 1009 830 1070 nihil
854 1018 910 1071 est.

704 1184 748 1246 IN
774 1182 914 1248 CAPUT
939 1185 1115 1248 PRIMUM.

757 1305 871 1357 noras
891 1305 1068 1358 rumonus.

307 1409 336 1479 a)
361 1412 487 1467 Occurrit
509 1412 572 1467 huic
586 1415 717 1484 scrupulo
732 1415 901 1486 Copernicus
917 1417 976 1487 ipse
999 1417 1025 1469 iu
1049 1415 1224 1485 praelatione
1247 1416 1283 1468 ad
1297 1413 1415 1468 Paulum
1428 1413 1475 1467 ΠΙ.
1488 1398 1594 1467 Pontii.

227 1490 355 1556 binim,
381 1495 428 1546 sed
452 1493 537 1563 paulo
560 1493 751 1564 rigidiuscule:
767 1495 846 1565 cuijus
871 1496 1004 1550 orationis
1027 1512 1132 1565 poenas
1154 1495 1207 1548 luit
1226 1494 1356 1567 denique,
1381 1493 1444 1564 plus
1459 1509 1541 1564 quarn
1557 1495 1594 1548 ‘10

227 1573 306 1628 aunis
322 1575 358 1626 ab
373 1573 492 1627 editione
509 1573 571 1628 libri
586 1591 656 1645 aque
671 1582 758 1629 morte
773 1593 825 1629 sua
845 1577 964 1646 elapsis:
992 1592 1159 1645 ,suspensus
1174 1575 1245 1629 enim
1261 1575 1333 1637 est,“
1361 1573 1594 1645 inquitccusura,

230 1654 334 1716 „donec
347 1654 528 1724 corrigatur,“
553 1653 649 1723 opinor
663 1662 755 1709 autern
770 1656 854 1709 etiam
868 1658 920 1710 hoc
935 1655 1117 1726 subintelligi,
1137 1656 1245 1709 donec
1266 1654 1484 1724 explicetur.
1520 1655 1593 1716 Quo·

228 1735 307 1788 modo
320 1734 392 1787 enim
407 1751 460 1788 non
474 1733 511 1786 sit
525 1735 680 1803 scripturae
697 1737 861 1798 contrarius,
884 1736 985 1807 quippe
996 1737 1023 1789 in
1038 1735 1180 1805 proposito
1195 1735 1356 1805 longissima
1371 1735 1488 1798 diverso,
1510 1750 1593 1788 ccam

228 1819 273 1869 tus
288 1829 348 1867 sum
363 1816 511 1868 ostendere
525 1814 679 1868 rationibus
702 1820 731 1868 et
750 1817 886 1887 exemplis
910 1817 937 1870 iu
952 1815 1153 1870 introductione
1167 1816 1195 1869 in
1211 1813 1414 1869 commentaria
1427 1815 1460 1868 ds
1473 1813 1593 1868 motibus

228 1893 337 1949 Martie.
379 1894 469 1964 Ipsius
493 1894 577 1948 etiam
592 1895 736 1965 Copemici
759 1899 846 1951 rerba
876 1897 1015 1966 explicari
1037 1895 1180 1950 dilucidius
1204 1895 1232 1948 iu
1254 1896 1308 1949 fine
1332 1894 1394 1949 libri
1408 1894 1430 1949 1.
1451 1894 1595 1964 Epitomes

227 1975 435 2031 Astronomiae:
460 1974 558 2045 quibus
580 1975 646 2029 locis
661 1993 742 2045 spero
756 1977 895 2048 religiosis
920 1977 1096 2031 satisfactum
1117 1976 1163 2030 iri:
1194 1977 1336 2030 dummodo
1359 1984 1390 2028 et
1410 1975 1552 2045 ingenium
1564 1980 1593 2028 el

228 2054 412 2127 cognitionem
427 2055 613 2110 astronomiae
637 2057 722 2111 talem
735 2058 837 2111 adhoc
854 2057 987 2125 judicium
1003 2059 1130 2119 afferant,
1157 2063 1189 2110 ut
1202 2056 1295 2126 gloria
1317 2055 1469 2109 divinorum
1483 2071 1597 2123 operum

153 2178 157 2184 ,
228 2134 378 2189 visibilium
391 2135 512 2205 ipsorum
536 2135 689 2205 patrocinio
711 2144 772 2190 tuto
787 2138 860 2191 credi
882 2138 978 2208 possit.
1024 2138 1077 2191 Est
1092 2153 1159 2190 sane
1174 2137 1269 2206 aliqua
1291 2135 1391 2206 lingua
1403 2134 1465 2197 Dei,
1490 2136 1598 2188 sedeat

229 2214 314 2270 etiam
330 2215 430 2285 aliquis
444 2214 549 2286 digitus
564 2215 626 2270 Dei.
668 2217 707 2270 Et
721 2217 781 2287 quis
797 2225 882 2288 neget
896 2218 1020 2289 linguam
1035 2217 1088 2271 Dei
1103 2235 1165 2269 esse
1180 2223 1395 2286 attemperatam
1410 2222 1440 2268 et
1453 2214 1596 2284 proposito

229 2311 280 2349 suo
294 2302 324 2348 et
339 2297 374 2349 ob
389 2295 415 2348 id
430 2295 545 2366 linguae
560 2295 689 2366 populari
714 2297 872 2351 hominum?
914 2299 944 2351 ln
964 2299 1046 2351 rebus
1061 2297 1147 2367 igitur
1168 2296 1377 2350 euidentissimis
1399 2301 1529 2366 torquere
1542 2294 1595 2349 Dei

229 2374 363 2447 linguam,
390 2382 422 2428 ut
436 2375 487 2430 iila
501 2375 617 2447 digitum
633 2376 685 2429 Dei
701 2377 728 2430 iu
744 2385 845 2432 natura
858 2378 971 2441 refutet,
998 2377 1024 2431 id
1039 2376 1262 2448 religiosissimus
1278 2376 1392 2446 quisque
1415 2374 1534 2429 maxime
1550 2390 1596 2428 ca·

230 2454 315 2509 sebit.
351 2455 455 2526 Legat,
472 2455 516 2508 cui
532 2472 615 2509 curae
631 2463 696 2509 sunt
710 2458 807 2511 laudes
824 2457 963 2512 Creatoris
978 2464 1007 2511 et
1022 2457 1131 2511 Domini
1146 2457 1241 2519 nostri,
1257 2455 1346 2527 legat,
1362 2454 1481 2525 inquam,
1497 2454 1596 2508 librum

228 2550 318 2590 meum
333 2534 456 2606 quintum
471 2536 712 2590 Harmonicorum:
737 2545 767 2591 et
787 2545 921 2608 percepta
941 2543 1061 2591 motuum
1081 2537 1181 2607 politia
1201 2535 1414 2606 exquisitissime
1439 2535 1597 2589 harmonica

229 2615 367 2670 deliberet
381 2633 481 2679 secum,
503 2617 584 2670 satin'
595 2616 702 2685 justae.
728 2619 811 2673 satin’
827 2625 1016 2689 praegnantes
1031 2634 1132 2671 causae
1149 2618 1250 2670 fuerint
1264 2616 1410 2686 quaesitae
1425 2615 1595 2669 conciliatio·

229 2695 271 2751 nis
295 2696 367 2750 inter
390 2696 513 2768 linguam
537 2704 566 2751 et
580 2697 696 2767 digitum
710 2699 777 2760 Dei;
802 2715 874 2753 anne
895 2698 1035 2767 expediat,
1060 2714 1096 2751 ea
1118 2697 1311 2751 conciliatione
1332 2696 1481 2765 repudiata
1494 2695 1595 2748 laruam

228 2777 300 2832 hauc
325 2794 438 2846 operum
458 2777 608 2831 divinorum
633 2778 844 2846 pulchritudinis
869 2779 1017 2832 immensae
1042 2778 1163 2831 censuris
1183 2777 1355 2846 opprimere;
1378 2792 1449 2845 quae
1474 2776 1550 2830 sama
1562 2784 1594 2829 ut

232 2857 267 2910 ad
281 2857 356 2910 rudis
370 2857 474 2926 populi,
490 2857 555 2926 quin
574 2857 626 2910 imo
641 2865 673 2910 ut
687 2859 722 2910 ad
736 2860 814 2929 vulgi
829 2859 1001 2912 literatorum
1022 2858 1147 2911 notitiam
1162 2856 1206 2909 rel
1222 2857 1310 2910 levem
1333 2855 1487 2926 perveniat,
1509 2855 1592 2910 nullis

231 2951 353 3005 unquam
367 2936 489 3005 imperiis
503 2936 576 2990 effici
589 2937 687 3006 possit.
729 2938 833 2992 Renuit
854 2938 963 2993 inscitia
986 2938 1123 3007 respicere
1138 2936 1165 2990 in
1186 2936 1389 2999 auctoritatem,
1413 2937 1448 2989 ad
1472 2951 1596 3007 pugnarn

231 3015 310 3071 ultra
320 3016 459 3084 prouolat,
482 3016 555 3070 freta
568 3016 742 3070 multitudine
766 3026 795 3072 et
817 3026 895 3072 scuto
916 3016 1119 3072 consuetudinis
1143 3016 1205 3070 telis
1228 3016 1355 3070 veritatis
1379 3014 1595 3085 impenetrabili.

311 3094 394 3148 Acies
409 3112 474 3149 uero
488 3097 621 3150 dolabrae
637 3095 664 3150 in
680 3096 780 3152 ferrum
795 3098 870 3152 illisa
891 3107 992 3167 postea
1006 3116 1055 3152 nec
1070 3097 1097 3150 in
1113 3097 1218 3167 lignum
1233 3096 1311 3150 valet
1326 3095 1453 3166 amplius,
1496 3095 1597 3164 Capiat

233 3173 286 3228 boc
309 3174 387 3242 cuijus
411 3175 537 3229 interest.
557 3167 591 3241 ¹¹)
701 3174 704 3181 “

311 3249 344 3322 b)
367 3256 491 3309 Eandem
512 3255 672 3310 instantiam
694 3257 721 3311 in
746 3258 908 3327 particulari
931 3257 1016 3311 etiam
1035 3256 1185 3326 hypothesi
1209 3254 1425 3309 eccentricitatis
1439 3253 1555 3307 discussi
1570 3253 1596 3307 in

232 3333 440 3391 Commentariis
455 3336 554 3391 Martis
568 3353 628 3406 cap.
645 3330 692 3391 21.
715 3339 885 3408 ostendique,
911 3353 966 3407 qua
979 3339 1012 3390 de
1028 3352 1114 3390 causa
1130 3345 1160 3391 et
1175 3343 1311 3407 quatenus
1336 3336 1409 3389 falsa
1431 3333 1596 3405 hypothesis

232 3414 368 3471 interdum
390 3433 483 3470 rerum
505 3418 614 3487 prodat.

312 3491 341 3562 c)
362 3497 487 3551 Nondum
510 3497 640 3561 sciebam,
666 3499 736 3567 quod
758 3505 858 3567 postea
880 3497 908 3551 in
923 3497 1073 3551 Commeat.
1088 3497 1188 3551 Martis
1202 3493 1404 3552 demonstrari:
1429 3493 1596 3548 accusabam

230 3577 305 3634 orbis
327 3577 421 3648 magni
445 3594 496 3631 seu
519 3578 755 3640 commutationis,
781 3595 853 3648 quae
875 3577 1129 3647 retrogradationes
1151 3584 1299 3639 causatur.
1323 3574 1434 3630 restitui
1457 3573 1596 3644 adipsum

231 3673 325 3713 rerum
339 3657 411 3712 Solis
426 3665 530 3713 motum
544 3666 574 3711 et
589 3658 684 3710 locum.
721 3658 751 3711 ld
766 3675 831 3712 vero
846 3658 874 3713 in
887 3658 975 3711 reteri
991 3658 1176 3712 astronomiae
1196 3658 1284 3712 forma
1299 3654 1385 3710 multo
1400 3655 1490 3709 adhuc
1504 3654 1595 3725 magis

234 3737 325 3795 mirari
349 3745 495 3809 coguntur,
521 3738 566 3808 qui
590 3755 651 3791 eam
674 3737 804 3792 retinent
847 3742 978 3808 Adeoque
1002 3756 1038 3791 ex
1059 3739 1111 3792 hoc
1132 3738 1191 3807 ipso
1208 3736 1426 3791 demonstrativa
1442 3741 1596 3789 nascuntur

232 3825 406 3889 ammenta
429 3819 687 3890 retrogradationes
703 3836 756 3872 non
772 3819 835 3872 oriri
851 3818 995 3887 abaliquo
1011 3826 1085 3872 motu
1100 3818 1169 3872 reali
1184 3813 1229 3871 rel
1243 3818 1427 3886 planetarum,
1448 3815 1492 3868 rel
1508 3814 1595 3869 tedas
1618 3820 1635 3851 θ

232 3897 394 3969 systematis
418 3899 564 3960 coelestis,
595 3900 642 3951 sed
666 3917 703 3952 ex
725 3907 800 3952 motu
823 3899 942 3952 Telluris
965 3898 1063 3952 unicae
1089 3916 1139 3968 per
1162 3896 1387 3969 imaginationem
1412 3895 1439 3949 in
1463 3895 1594 3964 planetas

232 3991 324 4031 omues
340 3977 494 4032 transferri.
537 3979 622 4033 Porro
637 3978 779 4033 sententia
794 3997 926 4050 sequens:
954 3978 1077 4040 „Quibus
1092 3979 1210 4032 omnib.“
1227 3985 1280 4032 etc.
1305 3976 1458 4029 oscitanter
1471 3981 1516 4028 est
1530 3992 1593 4028 con·

232 4061 329 4127 cepta;
365 4057 418 4110 hoc
438 4058 509 4111 euim
532 4059 622 4113 dicere
646 4060 787 4113 volebam:
820 4076 879 4112 cum
904 4058 931 4112 in
955 4058 1105 4128 Copernico
1136 4065 1274 4128 appareat
1296 4058 1361 4110 ordo
1384 4054 1594 4125 pulcherrimus,

233 4135 324 4208 qualis
347 4144 392 4191 est
414 4137 487 4192 inter
510 4154 621 4193 causam
645 4146 675 4193 et
698 4156 762 4192 suos
787 4141 910 4203 effectus,
936 4155 1049 4194 necesse
1068 4156 1138 4202 esse,
1164 4145 1195 4192 ut
1213 4137 1284 4192 haec
1298 4136 1493 4207 ipsasitrera
1506 4150 1595 4189 causa

230 4217 513 4288 retrogradationnm,
529 4235 611 4290 quarn
621 4219 788 4289 Copernicus
803 4219 877 4283 dicit,
893 4227 925 4274 ut
939 4236 977 4273 sc.
991 4219 1157 4289 hypothesis
1171 4218 1228 4272 ista
1241 4235 1295 4272 non
1309 4216 1347 4270 sit
1359 4215 1460 4270 fictitia
1474 4221 1593 4270 tantun.

312 4296 343 4360 d)
368 4297 448 4362 Quia,
473 4306 505 4353 ut
522 4299 583 4369 jam
597 4299 730 4370 sequitur,
756 4318 809 4355 non
828 4307 861 4355 ut
882 4319 918 4355 ex
943 4299 1057 4369 speciali
1081 4316 1176 4354 earam
1197 4296 1422 4358 conformatione,
1447 4297 1496 4350 sed
1510 4302 1594 4350 utax

231 4378 368 4451 generali,
395 4396 466 4450 quae
490 4387 535 4434 est
549 4380 700 4450 Copernico
724 4398 784 4435 cum
799 4381 909 4436 Braheo
930 4380 1088 4443 communis,
1112 4381 1280 4450 quorundam
1297 4393 1385 4432 causa
1397 4376 1537 4437 redditum
1563 4382 1596 4430 at

231 4460 424 4513 nonnullorum
448 4467 546 4515 tamen
564 4477 650 4515 causa
672 4479 709 4515 ex
733 4461 775 4524 iis,
800 4469 832 4516 ut
853 4480 890 4516 ex
912 4461 1028 4531 speciali
1052 4459 1195 4531 Copernici
1217 4459 1356 4518 redditurt
1381 4457 1455 4519 item,
1480 4456 1547 4526 quia
1568 4455 1593 4509 si

230 4539 492 4608 particularissimas
508 4540 703 4611 hypothesium
714 4541 857 4611 Copernici
872 4541 1041 4599 conditiones
1052 4541 1286 4612 dimensionesque
1303 4537 1492 4608 respiciamus,
1507 4551 1594 4590 causa

233 4619 411 4674 minutiarum
424 4622 617 4676 nonnullarum
633 4621 659 4674 iu
675 4622 914 4677 observationibus
935 4622 1011 4676 reddi
1031 4640 1084 4676 non
1108 4621 1213 4692 potuit,
1236 4637 1326 4693 eaque
1340 4622 1373 4674 de
1388 4633 1476 4670 causa
1489 4615 1593 4687 Caper·

232 4698 348 4753 nicanac
372 4701 544 4770 hypotheses
569 4701 642 4754 circa
664 4702 848 4771 particularia
872 4709 928 4756 tam
953 4704 1041 4773 quoad
1062 4702 1184 4765 formam,
1209 4718 1291 4773 quarn
1306 4699 1395 4772 quoad
1410 4695 1593 4751 dimensiones

232 4794 250 4832 a
273 4796 314 4832 mc
339 4780 439 4851 corrigi
464 4783 499 4833 ad
520 4781 720 4851 praescriptum
744 4783 966 4837 observationum
990 4784 1153 4837 debuerunt.
1194 4781 1256 4837 Etsi
1277 4797 1348 4853 quae
1373 4777 1400 4832 in
1424 4777 1513 4832 forma
1535 4776 1593 4830 dixi

231 4862 403 4914 emendanda
425 4859 519 4927 trisse,
544 4860 596 4915 illa
617 4861 690 4917 talia
703 4868 776 4929 sunt,
800 4864 880 4918 atad
894 4861 1091 4935 perlectionem
1115 4861 1208 4934 ροιίιιι
1229 4857 1425 4936 hypothesium
1437 4855 1592 4929 copsraici,
