3428 5542
659 272 661 276 ’
728 303 922 370 aaaxvnn
1437 304 1500 375 ror

137 463 291 526 tricitam
313 482 333 526 a
356 462 468 538 Terra,
497 481 575 543 qnae
599 462 765 528 Perenni
797 466 898 528 seculo
925 473 959 527 et
985 483 1063 546 quae
1089 469 1194 528 nnstrn
1223 464 1361 540 hernus,
1392 468 1499 533 ennea

137 552 285 617 deducere
308 560 401 633 atque
424 570 463 615 err
483 553 620 633 utrisque
644 553 771 616 eandem
785 574 804 615 a
819 553 890 616 Sole
905 553 1162 617 eccentricitateru
1178 554 1367 618 concludere.
1400 555 1498 637 Atqui

137 641 285 703 calculum
307 640 451 714 consule,
478 640 597 703 videbis
619 642 676 703 hnc
699 661 777 716 nnn,
808 651 841 705 ut
862 661 919 722 par
941 651 1024 717 erat,
1055 642 1129 704 deri.
1176 642 1394 723 Discrepantes
1416 645 1498 709 eninr

136 729 265 791 invicem
297 729 476 809 provenient
507 729 602 792 etiam
633 727 751 806 taqua
783 731 1037 794 eccentricitates.
1083 731 1168 793 Idem
1195 731 1234 793 de
1260 731 1336 794 locis
1366 728 1498 810 donicae

137 817 355 887 distamusto,
380 817 549 898 quiaheec
572 826 675 881 mutuo
699 837 835 882 connexa
858 828 939 882 suut.
985 822 1088 899 Atque
1111 818 1167 880 hoc
1191 838 1279 882 uuum
1302 827 1360 883 est.

223 905 341 968 Deinde
366 904 456 968 facile
479 906 631 986 colligitur
653 926 691 969 err
714 917 839 988 aspectu
862 908 995 981 tabulae,
1020 926 1086 970 curu
1109 907 1308 987 inaequaliter
1329 884 1498 989 procedant

136 1000 169 1055 et
191 992 303 1072 ripalta
324 1001 357 1057 et
379 992 510 1074 ἀπογιια,
535 1012 676 1076 magnam
698 996 769 1058 inde
792 1015 934 1059 successu
957 996 1126 1058 seculorum
1149 995 1365 1059 exstituram'
1350 1017 1497 1077 εκιωηρο·

135 1103 230 1159 nram
259 1082 479 1146 diversitatem.
531 1084 629 1146 Hodie
659 1082 784 1149 Saturni
815 1095 848 1148 et
875 1084 1005 1148 Telluris
1037 1084 1159 1147 absides
1191 1102 1284 1166 prope
1317 1087 1496 1167 conjunctae

134 1179 216 1244 snut,
241 1188 333 1250 qnare
356 1171 477 1250 integra
499 1172 630 1235 Telluris
653 1173 880 1236 ccceutricitate
903 1173 1000 1236 minor
1023 1182 1072 1236 est
1096 1172 1220 1236 Saturni
1244 1193 1262 1235 a
1286 1183 1389 1237 centro
1413 1172 1495 1239 orbis

134 1258 312 1332 Terrestris,
336 1278 425 1340 quam
449 1280 468 1321 a
490 1257 574 1334 Sole,
599 1261 755 1325 distantia.
801 1262 861 1326 Ubi
885 1263 1052 1343 quadrante
1076 1260 1253 1336 distiterint,
1278 1262 1413 1342 aequalis
1437 1263 1496 1327 erit

134 1355 262 1427 unaque
285 1354 318 1409 et
343 1367 363 1412 a
386 1346 458 1410 Sele
485 1353 519 1410 et
545 1368 564 1409 a
587 1350 695 1424 Terra,
728 1359 846 1413 crescet
872 1370 979 1432 nempe
1003 1349 1170 1430 (lopernico
1198 1369 1256 1412 sua
1282 1351 1493 1415 eccentrinites

133 1435 281 1498 Saturnia
303 1454 399 1516 usqne
421 1436 491 1498 dnm
514 1447 705 1516 opponentur
727 1438 855 1501 invicem
875 1438 997 1502 Saturni
1021 1447 1053 1500 et
1071 1437 1201 1501 Telluris
1225 1437 1357 1501 absides.
1396 1437 1495 1510 Quem

134 1525 175 1586 ad
197 1532 338 1587 eventurn
361 1524 420 1587 etsi
443 1525 570 1587 mundus
594 1545 651 1589 nnn
675 1527 815 1590 durabit:
845 1536 945 1591 tamen
975 1529 1001 1589 si
1028 1528 1166 1607 perfecta
1188 1535 1273 1588 esset
1295 1527 1492 1605 astronomia

133 1613 212 1675 tales
236 1612 368 1675 debebat
393 1613 577 1695 hypotheses
605 1633 766 1693 usrrrpare,
801 1635 877 1696 quae
906 1616 992 1696 quasi
1019 1625 1144 1679 aeterno
1172 1615 1282 1677 ruundo
1309 1615 1491 1679 sufficerent

130 1700 229 1781 Atqui
251 1700 326 1763 nihil
348 1702 453 1764 hornrn
476 1710 579 1764 monet
600 1723 696 1783 neque
720 1702 903 1784 Oopernicus
927 1723 1022 1785 neque
1045 1704 1266 1768 Rheinholdus.
1308 1703 1377 1765 Nou
1400 1703 1493 1783 igitur

131 1789 346 1868 perfectissimi
369 1798 440 1852 sunt
463 1809 565 1854 eorum
587 1790 715 1866 numeri,
746 1811 841 1874 neque
865 1793 999 1873 integras
1023 1794 1212 1872 planetarum
1235 1791 1382 1871 sphaeras
1405 1792 1493 1857 uobis

132 1877 300 1958 explicant,
325 1877 433 1959 quibus
455 1878 525 1941 illos
547 1898 632 1942 seros
656 1889 755 1945 motus
778 1882 916 1944 accidere
937 1900 1029 1960 posse
1052 1882 1268 1961 intelligamus.

221 1967 306 2029 Haec
327 1976 362 2028 et
382 1967 552 2047 hujusmodi
579 1967 690 2031 similia
716 1987 784 2031 cum
811 1989 857 2032 ure
885 1971 1017 2033 nonnihil
1049 1970 1282 2040 conturbarent,
1315 1975 1406 2048 atque
1435 1986 1491 2048 ego

132 2056 287 2117 haererem
313 2056 401 2136 inops
429 2056 559 2131 consilii,
593 2057 679 2137 quasi
712 2059 763 2139 qui
795 2059 940 2137 disjectas
969 2058 1132 2120 autumatis
1163 2058 1279 2121 rotulas
1302 2057 1333 2118 in
1357 2055 1492 2119 ordinem

131 2143 270 2222 redigere
293 2145 405 2218 nescit,
436 2144 619 2207 Maestlinns
643 2165 689 2207 me
712 2149 900 2222 consolatus,
930 2147 987 2209 iuro
1011 2149 1188 2209 dehortatus
1212 2154 1260 2207 est
1282 2144 1321 2206 ab
1344 2145 1391 2205 his
1415 2144 1490 2207 eub-
1596 2159 1600 2163 ·

130 2231 316 2295 tilitatibus:
345 2233 412 2295 Nou
431 2252 523 2313 posse
542 2252 606 2308 uns,
630 2235 743 2314 ajebat,
769 2255 871 2299 omnes
895 2245 1022 2298 naturae
1046 2237 1205 2301 thesauros
1228 2233 1407 2296 exhaurire:
1431 2250 1490 2295 non

130 2320 309 2382 movendum
333 2340 401 2383 eree
425 2322 536 2384 malurn
559 2323 635 2384 bene
663 2323 836 2387 conditum:
861 2332 893 2385 et
915 2325 1102 2386 tolerandam
1127 2323 1227 2404 potius
1251 2329 1341 2401 atque
1365 2328 1489 2383 susten-

129 2407 254 2471 tandam
277 2410 475 2472 levamiuibus
498 2410 677 2490 quibusdam
701 2411 777 2474 hanc
800 2413 893 2475 veluti
916 2421 1070 2492 rupturam
1089 2411 1209 2474 humaui
1228 2409 1374 2489 corporis,
1400 2427 1491 2489 quam

130 2506 163 2560 ut
186 2505 251 2559 tarn
273 2498 424 2579 exquisita
447 2507 588 2561 anatome
615 2499 794 2579 conjiciatur
820 2520 913 2580 aeger
940 2503 968 2563 iu
997 2500 1277 2581 praesentissimum
1299 2498 1382 2559 vitae
1405 2497 1488 2577 peri-

127 2586 237 2668 pnlnm.
275 2586 455 2670 Prndmebat
477 2586 548 2650 mihi
572 2590 740 2667 exemplum
763 2588 894 2662 Rhetici,
918 2609 1078 2670 curamque
1102 2589 1166 2667 eJ'us
1190 2590 1229 2651 ud
1252 2605 1381 2666 unguem
1404 2603 1489 2647 meae

128 2672 269 2735 similiter
297 2675 447 2738 curiosam
475 2683 508 2737 et
534 2675 741 2755 increpantem
771 2697 824 2756 pro
853 2697 886 2740 se
911 2676 1119 2758 Cepernicum.
1165 2676 1308 2755 Epistola
1331 2681 1380 2736 est
1400 2673 1489 2736 Rbe-

129 2762 182 2824 tici
204 2762 397 2841 Ephemeridi
426 2764 497 2827 anni
525 2758 604 2827 1551
637 2765 785 2842 praefixa,
817 2786 892 2846 qnae
921 2767 992 2846 quia
1018 2785 1077 2828 non
1104 2765 1220 2846 passim
1247 2772 1297 2826 est
1324 2761 1429 2836 obvia,
1457 2768 1490 2823 et

128 2859 228 2912 totunr
250 2852 306 2914 lroo
330 2860 421 2932 caput
443 2852 547 2913 multis
571 2853 644 2915 locis
673 2853 794 2917 mirifice
818 2856 925 2934 juvat,
958 2856 1121 2934 praecipua
1147 2854 1217 2916 inde
1244 2870 1299 2931 pro
1323 2850 1488 2930 colophone

129 2938 197 3001 hnic
220 2939 312 3018 capiti
337 2939 527 3018 subjungam.
565 2939 618 3003 Sic
637 2942 729 3021 igitur
741 2943 891 3007 Rheticus
910 2945 950 3006 ad
973 2946 1118 3006 lectorem
1136 2944 1214 3005 inter
1232 2950 1355 3003 cetera:
1387 2935 1489 3012 „Suae

127 3035 231 3090 autern
254 3026 471 3107 (Oopernicne)
494 3029 710 3107 exquisitiones
733 3033 910 3102 mediocres,
934 3051 992 3094 non
1017 3032 1123 3095 nimias
1148 3050 1215 3093 ease
1236 3029 1341 3092 voluit.
1379 3029 1488 3107 Itaque

127 3117 284 3189 consulto,
311 3134 371 3179 non
402 3116 513 3179 inertia
546 3124 600 3179 aut
626 3119 728 3181 taedio
757 3120 985 3200 defatigationis
1014 3141 1067 3182 eas
1094 3119 1342 3182 comminationes
1366 3113 1487 3188 vitavit,

127 3223 203 3286 quas
225 3205 358 3267 nonnulli
382 3205 474 3267 etiarn
497 3206 697 3282 affectarunt,
727 3217 758 3269 et
784 3217 854 3270 suut
878 3211 927 3288 qui
955 3209 1099 3288 exigant,
1128 3207 1226 3288 qualis
1250 3215 1299 3268 est
1323 3202 1485 3267 Purbachii

126 3295 155 3355 iu
176 3293 332 3372 eclipsium
356 3293 468 3356 tabulis
488 3295 652 3358 subtilitas.
688 3295 804 3357 Videas
824 3305 926 3360 autem
949 3298 1096 3377 quosdam
1119 3297 1148 3358 in
1173 3295 1219 3356 his
1243 3312 1361 3356 ornnem
1385 3310 1486 3353 curam

126 3400 246 3461 ponere,
271 3389 306 3443 ut
327 3384 416 3461 plane
440 3384 614 3463 scrupulose
638 3385 706 3447 loca
728 3384 859 3447 siderum
879 3393 1060 3460 scrutentur,
1085 3386 1133 3465 qui
1158 3385 1227 3445 durn
1251 3381 1431 3443 secundariis
1455 3389 1487 3442 et

127 3469 278 3544 tertianis,
302 3471 468 3550 quartanis,
494 3472 646 3551 quintanis
669 3473 801 3537 minutiis
824 3474 952 3549 inhiant,
977 3473 1112 3552 integras
1126 3472 1247 3534 interim
1266 3478 1370 3550 partes
1393 3487 1486 3548 prae-

126 3565 248 3619 tereunt
277 3577 372 3639 neque
397 3559 579 3639 respiciunt3
613 3561 697 3624 etin
721 3560 879 3624 momentis
902 3585 961 3624 scor
984 3583 1168 3639 φαινομιιωι
1190 3578 1282 3638 saepe
1306 3558 1401 3631 boris,
1426 3575 1486 3617 ucn

126 3646 219 3707 etiam
240 3664 391 3728 nunquam
414 3647 519 3710 diebus
546 3650 621 3711 totis
650 3650 803 3712 aberrant.
850 3651 915 3712 Hoc
944 3650 1081 3713 nimirum
1109 3656 1175 3719 est.
1208 3647 1288 3727 quod
1315 3647 1346 3707 in
1375 3643 1486 3706 fabulis

125 3733 285 3816 Aelopicis
308 3735 343 3799 dt
365 3737 404 3798 ab
427 3755 472 3811 ec,
497 3738 547 3816 qni
570 3741 670 3819 iussus
693 3738 801 3801 bovem
824 3740 967 3802 amissum
990 3739 1148 3811 reducere,
1173 3736 1243 3797 dnm
1266 3734 1392 3795 aviculis
1415 3732 1484 3812 qui·

123 3821 251 3899 busdam
275 3825 435 3904 captandis
458 3826 578 3902 studet,
613 3846 708 3907 neque
736 3827 784 3889 his
814 3828 928 3908 potitur
961 3835 993 3890 et
1025 3827 1101 3889 bove
1132 3825 1224 3887 etiarn
1230 3823 1314 3927 ’ipso
1337 3821 1484 3901 privatur.

124 3912 281 3976 Recordor
303 3933 371 3976 curn
394 3913 458 3976 et
449 3934 513 3995 rpse
533 3915 661 3994 juvenili
685 3915 863 3978 curiositate
885 3917 1072 3996 impellebar,
1098 3923 1129 3977 et
1152 3910 1239 3993 quasi
1263 3911 1293 3973 in
1316 3908 1486 3991 penetralia

124 4001 257 4065 siderum
282 4001 439 4083 pervenire
468 4004 636 4083 cupiebam.
682 4005 789 4086 Itaque
822 4005 859 4066 de
890 4005 947 4067 hac
980 4003 1178 4084 exquisitione
1209 4000 1360 4063 interdurn
1393 3998 1486 4061 etiam

125 4089 248 4152 rixabar
270 4110 339 4153 curn
361 4092 472 4172 optimo
497 4100 530 4155 et
552 4092 682 4156 maximo
696 4095 761 4156 viro
777 4091 953 4173 Ceperuicc
991 4092 1054 4155 Sed
1077 4093 1139 4162 ille,
1162 4109 1230 4152 curn
1252 4088 1372 4169 quidem
1395 4085 1487 4149 animi

126 4179 185 4241 mel
208 4179 337 4243 honesta
359 4181 524 4260 cupiditate
550 4182 768 4256 delectaretur,
799 4182 882 4245 molli
910 4182 1032 4243 brachio
1057 4182 1216 4262 objurgare
1239 4197 1287 4241 me
1316 4187 1348 4239 et
1369 4175 1486 4239 hortari

124 4267 259 4344 solebat,
290 4277 324 4331 ut
346 4287 468 4331 manum
490 4270 583 4331 etiarn
606 4269 643 4331 de
667 4272 774 4332 tabula
801 4272 908 4333 tollere
933 4271 1097 4332 discerem:
1135 4267 1222 4348 Ego,
1251 4265 1367 4346 inquit,
1396 4265 1423 4327 si
1447 4263 1486 4325 ad

125 4365 293 4428 sextantes.
317 4374 394 4462 quae
418 4366 490 4420 sunt
512 4360 652 4437 scrupula
675 4360 789 4433 decern,
814 4361 974 4422 veritatem
994 4359 1142 4421 adducere
1164 4364 1281 4438 potero,
1305 4373 1364 4415 nnn
1388 4350 1486 4414 minus

126 4447 268 4509 exultabo
293 4446 409 4522 animis,
434 4466 522 4529 quarn
547 4448 663 4510 ratione
687 4467 810 4510 normae
835 4456 956 4528 reperta
974 4448 1180 4528 Pythagoram
1204 4444 1384 4524 accepimus.
1422 4439 1486 4501 Mi-

126 4543 213 4599 raute
246 4555 293 4597 me
321 4543 353 4597 et
382 4535 577 4599 annitendum
605 4555 673 4599 esse
702 4537 740 4598 ad
764 4538 896 4599 certiora
918 4537 1057 4612 dicente,
1090 4537 1148 4598 huc
1171 4533 1289 4616 quidem
1314 4549 1380 4592 cnm
1404 4528 1485 4591 diffi-

126 4624 240 4686 cultate
263 4625 355 4686 etiarn
379 4624 588 4703 perventum
580 4627 616 4687 rri
640 4627 878 4700 demonstrabat,
903 4646 970 4688 curn
994 4625 1071 4701 aliis,
1097 4633 1160 4688 turn
1176 4622 1271 4686 tribus
1295 4619 1485 4701 potissimum

126 4713 164 4774 de
188 4712 298 4774 causis.
336 4711 452 4775 Harum
474 4713 603 4794 primam
627 4734 695 4776 esse
720 4716 832 4795 ajebat,
858 4716 936 4795 quod
957 4714 1219 4787 animadverteret,
1243 4710 1404 4790 plerasque
1428 4705 1484 4769 nb-

127 4801 467 4865 servationesveterum
486 4803 623 4867 sinceras
643 4822 794 4880 nonense,
819 4805 874 4867 sed
897 4805 1142 4867 accommodatas
1166 4801 1205 4863 ad
1229 4818 1297 4863 eam
1319 4796 1486 4861 doctrinam
