3428 5542
923 172 952 212 Ὀ
1038 196 1040 199 ,

676 335 799 402 Apologia
815 335 948 399 'l'yebonla
1431 332 1495 399 237

135 490 277 552 emittere
300 492 487 570 profiteatur,
513 492 583 553 dnm
606 511 709 554 omnes
734 500 765 554 et
788 494 944 557 evidenter
966 493 1126 555 Dominum
1140 494 1313 577 Tycbonem
1334 492 1435 554 Brabe
1458 493 1496 554 de

133 579 235 658 palma
269 580 503 660 magisterioque
535 581 751 643 mathematico
780 582 811 644 in
839 590 991 644 certamen
1015 590 1121 644 vocat:
1155 581 1366 662 percommode
1399 599 1496 643 meam

133 668 295 747 epistolam
324 669 354 729 in
383 668 491 752 libello
509 689 563 730 cen
590 670 746 749 cujusdam
768 671 879 751 judicis
903 672 968 733 loco
997 671 1174 745 introducit,
1210 691 1285 752 qnae
1313 671 1408 732 talem
1437 671 1497 732 lert

106 768 108 774 ’
133 757 326 832 sententiam,
350 765 383 819 nt
401 758 480 819 Urso
504 758 606 837 palma
628 759 682 820 illa
705 759 783 821 citra
797 759 1034 822 controversiam
1056 760 1212 822 debeatur.
1261 759 1397 838 Denique
1413 759 1496 819 fece-

133 865 198 909 ram
221 865 278 926 ego
303 846 331 907 in
356 847 461 908 eadem
485 847 539 909 illa
563 847 694 926 epistola
716 848 898 909 mentionem
916 849 1067 930 Tycbonis
1085 847 1342 929 perhonorificam,
1367 847 1496 909 Ursum·

133 953 199 1016 qne.
214 954 382 1010 oraveram,
406 943 441 997 ut
463 936 541 998 hanc
565 955 662 998 meam
688 937 890 999 inventionem
915 938 954 998 ad
978 937 1074 1017 ipsum
1089 938 1119 999 in
1134 937 1263 999 Daniam
1283 937 1494 1017 perscriberet.

132 1023 254 1085 Placuit
276 1023 368 1105 igitur
390 1024 485 1094 Urso,
514 1043 572 1086 non
597 1026 687 1087 aliter
709 1044 757 1088 me
782 1026 819 1087 de
843 1027 900 1088 bac
928 1027 957 1088 in
983 1025 1155 1107 Tycbonem
1178 1024 1386 1087 adversarium
1410 1043 1495 1087 snum

133 1113 292 1174 affectione
316 1112 431 1192 optima
459 1112 578 1189 ulcisci,
613 1133 701 1194 quam
733 1114 759 1176 si
782 1114 943 1194 epistolam
972 1134 1085 1188 meam,
1119 1115 1233 1177 extrita
1255 1114 1406 1185 mentione
1430 1113 1494 1196 Ty-

133 1200 247 1275 cbonis,
272 1221 339 1263 enm
361 1201 392 1263 in
411 1200 544 1264 libellum
567 1203 729 1276 insereret,
760 1205 810 1284 qni
839 1223 898 1266 non
922 1205 961 1265 ad
991 1204 1073 1265 alind
1106 1224 1195 1285 quam
1219 1204 1259 1265 ad
1283 1202 1495 1265 lancinandam

133 1291 243 1351 famam
266 1290 417 1371 Tychonis
441 1299 633 1374 comparatus
657 1300 689 1354 et
712 1292 811 1355 editus
835 1301 898 1356 est:
921 1293 1043 1363 atita,
1079 1294 1129 1373 qni
1152 1293 1324 1375 lpcbonem
1352 1291 1496 1371 privatim

130 1379 210 1441 Urso
234 1379 437 1454 laudaveram,
462 1398 577 1459 poenae
601 1381 667 1442 loco
691 1380 923 1443 convitiatorem
947 1381 1097 1464 'lychouis
1120 1382 1239 1461 publice
1263 1380 1399 1442 omnibus
1423 1381 1494 1443 lau·

36 1469 44 1478 ‘
133 1468 206 1529 dare
230 1486 363 1547 cogerer.
411 1468 470 1531 Tot
502 1469 671 1531 nominibus
699 1489 766 1532 cum
789 1470 869 1532 Urso
900 1470 1020 1532 libuerit
1048 1470 1132 1532 abuti
1160 1490 1228 1532 mea
1258 1469 1398 1549 epistola,
1427 1469 1494 1549 jam

131 1557 245 1618 clarum
272 1564 337 1633 est,
370 1576 423 1619 cnr
455 1557 520 1620 lnce
549 1558 671 1637 diguam
698 1558 892 1638 judicaverit.
938 1559 1018 1621 Nam
1047 1560 1125 1643 quod
1158 1558 1362 1621 inventionem
1394 1576 1494 1619 meam

131 1646 251 1720 attinet,
277 1645 304 1707 si
327 1646 423 1708 lncem
447 1666 483 1707 ea
506 1655 647 1716 meretur,
667 1647 733 1726 jam
748 1667 814 1710 earn
830 1649 947 1710 latente
963 1648 1041 1711 Urso
1056 1647 1185 1722 viderat,
1211 1655 1352 1710 exstante
1369 1647 1399 1709 in
1415 1666 1493 1709 nun-

130 1734 209 1796 dinis
233 1734 350 1813 integro
374 1735 490 1810 libello,
525 1755 581 1797 nec
604 1735 752 1816 epistolae
776 1738 832 1798 hac
856 1756 931 1817 opus
961 1737 1018 1798 fnit
1041 1737 1183 1799 editione.
1231 1735 1330 1808 Quam
1358 1735 1494 1816 graviter

131 1831 233 1885 antem
256 1823 331 1885 haec
356 1824 448 1885 editio
472 1844 519 1885 me
543 1824 684 1900 haberet,
716 1844 783 1886 cnm
806 1825 903 1889 literis
927 1825 964 1887 ad
988 1826 1027 1910 D.
1053 1826 1227 1908 Tychonem
1243 1833 1283 1907 et
1306 1825 1345 1886 ad
1368 1823 1493 1887 Roesli·

130 1932 200 1973 nnm
223 1913 399 1993 perscriptis
423 1920 570 1975 testatum
594 1914 667 1976 feci:
692 1922 756 1976 tum
771 1915 849 1978 Urso
873 1915 932 1995 ipsi
955 1915 1100 1995 superiori
1116 1914 1261 1977 Januario
1286 1909 1404 1987 (1600)
1428 1913 1494 1994 pri·

130 2020 211 2062 mum
235 2009 326 2081 atque
350 2001 481 2081 Pragam
504 2004 584 2072 veni,
608 2002 638 2064 in
663 2003 770 2064 faciem
795 2003 866 2078 dixi,
892 2022 1055 2083 suppresso
1081 2012 1183 2066 tamen
1199 2021 1265 2065 meo
1281 2003 1418 2076 nomine;
1442 2021 1491 2075 ne,

130 2091 156 2150 si
182 2109 247 2151 cum
270 2100 432 2169 praesente
455 2092 588 2171 Keplero
613 2092 671 2153 sibi
694 2112 758 2154 rem
782 2112 849 2154 esse
873 2093 981 2166 sciret,
1012 2112 1075 2153 rem
1099 2093 1138 2153 ad
1165 2091 1268 2172 jurgia
1290 2091 1491 2173 protraheret.

128 2178 247 2241 Addidi
272 2186 304 2240 et
321 2179 412 2241 baec:
439 2180 557 2260 qnando
582 2181 712 2243 lnbuerit
735 2181 789 2255 illi,
814 2201 872 2255 me,
898 2182 947 2262 qui
971 2180 1110 2261 discipuli
1133 2181 1189 2242 snb
1203 2200 1334 2260 persona
1357 2179 1491 2260 scripse·

129 2286 205 2340 ram,
223 2267 254 2330 in
274 2267 385 2346 judicis
409 2269 555 2331 subsellia
578 2269 702 2331 invitum
725 2270 915 2353 protrahere,
948 2278 1106 2350 pateretur
1134 2288 1205 2351 ergo
1230 2288 1276 2331 me
1306 2268 1335 2330 in
1360 2268 1415 2331 illa
1438 2268 1491 2331 lite

129 2357 265 2418 literaria
290 2357 341 2428 (de
365 2358 505 2420 convitiis
529 2359 607 2420 enim
636 2367 667 2420 et
694 2359 809 2439 injuriis
835 2359 969 2438 politicis
998 2359 1147 2421 actionem
1170 2358 1305 2439 'lycboni
1338 2357 1490 2438 relinque·
1584 2359 1587 2364 ’

128 2446 229 2519 bam),
259 2454 351 2507 exuta
373 2447 513 2526 discipuli
536 2447 686 2508 modestia
705 2447 817 2526 judicis
837 2448 1050 2510 anctoritatem
1065 2466 1236 2522 assumere,
1260 2456 1291 2508 et
1315 2447 1393 2528 quod
1417 2465 1434 2507 e
1457 2463 1490 2508 re

128 2534 344 2597 mathematica
368 2536 431 2597 lore
454 2536 592 2597 videatur
615 2535 732 2615 publice
755 2536 888 2599 vicissim
904 2537 1073 2600 decernere.
1119 2535 1229 2616 Sitque
1245 2555 1351 2598 nomen
1367 2535 1491 2598 tandem

128 2624 283 2702 professus
305 2623 430 2704 pacifice
459 2625 497 2685 ab
521 2626 587 2704 ipso
611 2625 748 2687 discessi.

217 2710 285 2783 Quo
309 2713 405 2776 serius
419 2721 519 2776 autem
535 2712 747 2775 denunciatam
761 2715 839 2776 Urso
854 2714 1066 2776 refutationem
1090 2713 1170 2775 illius
1185 2713 1289 2794 scripti
1313 2713 1368 2774 snb
1383 2730 1490 2775 manns

128 2820 294 2876 sumerem,
310 2803 423 2865 multae
446 2822 482 2864 ac
504 2802 665 2883 praecipue
688 2803 871 2864 domesticae
895 2804 1108 2882 occupationes
1131 2801 1341 2881 impedierunt.
1387 2802 1490 2865 Inter-

128 2890 212 2952 venit
235 2900 266 2952 et
288 2910 369 2953 mors
384 2891 465 2966 Ursi,
490 2910 565 2970 qnae
580 2911 628 2953 me
642 2892 776 2954 nonnihil
800 2891 920 2955 dubium
934 2892 1054 2954 babuit:
1079 2910 1116 2953 ne
1137 2900 1228 2965 esset,
1254 2891 1303 2972 qni
1326 2891 1405 2953 banc
1423 2908 1491 2953 cum

128 2986 244 3042 mortuo
267 2998 398 3060 pugnam
421 2981 663 3043 calumniaretur.
711 2979 773 3043 Sed
797 2980 866 3061 quia
888 2981 1068 3060 promissum
1091 2999 1189 3044 meum
1212 2981 1251 3043 D.
1272 2980 1374 3061 'lycho
1389 2978 1489 3042 Braba

127 3069 271 3148 urgebat,
296 3066 421 3149 a'cujus
440 3070 571 3132 humeris
594 3071 651 3132 boc
674 3089 750 3131 onus
774 3070 924 3132 scribendi
947 3071 1042 3150 primo
1065 3070 1144 3133 ultro
1167 3069 1198 3131 in
1213 3089 1260 3132 me
1275 3087 1486 3149 susceperam:

128 3166 161 3218 et
183 3158 255 3238 qnia
276 3176 330 3236 per
353 3178 386 3220 se
408 3178 458 3220 res
482 3166 549 3221 erat
571 3159 715 3234 honesta,
747 3159 914 3239 exstirpare
939 3179 978 3221 ex
1001 3159 1108 3221 animis
1135 3159 1321 3231 ,namatium
1344 3176 1488 3220 erroneas

130 3245 302 3325 opiniones,
336 3247 498 3330 obliterare
532 3249 562 3311 in
592 3249 804 3310 Maecenatum
832 3249 1044 3329 persuasiones
1077 3249 1254 3330 impressam
1284 3246 1488 3310 inventionum

130 3335 411 3398 mathematicarnm
435 3338 630 3399 calumniam:
665 3356 720 3399 nec
744 3337 938 3413 inusitatum,
973 3339 1010 3399 de
1044 3347 1227 3400 mortuorum
1265 3337 1496 3418 quanticunque

129 3424 239 3486 fuerint
265 3425 387 3505 placitis
417 3435 448 3488 et
469 3426 598 3506 publicis
622 3427 820 3505 monumentis
844 3427 1004 3489 decernere
1028 3427 1209 3507 superstites
1230 3427 1324 3507 (qnod
1343 3425 1409 3505 ipse
1423 3424 1488 3488 Ur·

128 3533 181 3574 sus
214 3515 265 3576 fol.
295 3513 330 3576 C.
354 3512 385 3577 2.
416 3515 445 3576 in
474 3516 629 3578 demortuo
658 3516 756 3577 Ramo
787 3515 921 3578 taxando
949 3517 1142 3594 comprobat)
1175 3516 1298 3578 tandem
1329 3533 1401 3593 ergo
1435 3512 1488 3575 din

128 3602 275 3681 agitatam
298 3604 376 3665 hanc
395 3604 639 3684 scriptiunculam
664 3605 764 3666 animo
788 3605 905 3666 sincero
928 3613 960 3666 et
982 3605 1027 3666 rei
1046 3605 1278 3666 mathematicae
1298 3602 1398 3664 studio
1414 3619 1487 3662 sus-

70 3755 75 3761 ,
128 3693 209 3771 cepi,
237 3701 367 3772 putoque
395 3693 529 3755 siccam
557 3695 760 3775 perterruisse,
794 3702 828 3755 ut
850 3701 882 3755 et
905 3693 943 3757 ad
967 3713 1014 3756 me
1044 3695 1188 3756 defensae
1220 3701 1252 3754 et
1280 3693 1320 3753 ad
1342 3692 1486 3753 lectorem

128 3781 250 3861 agnitae
273 3782 413 3844 veritatis
437 3782 555 3845 utilitas
579 3791 611 3845 et
633 3784 699 3844 lans
722 3781 857 3844 reditura
880 3781 930 3845 sit.
