3428 5542
607 333 732 386 sensu
750 334 911 401 mom
1377 327 1438 395 tsi

82 492 257 574 longissime
283 512 306 554 a
327 493 458 557 varimte
481 493 638 571 monere,
672 497 846 576 etquidem
876 496 991 561 solatur
1014 513 1061 558 ma
1089 503 1146 559 tua
1169 493 1249 561 aori'e
1272 491 1443 555 exhortatio
1504 529 1518 539 -

83 584 123 645 ad
146 580 325 645 elicienda·
348 583 488 645 veritatis
511 583 627 662 iguem,
653 592 685 646 ut
708 585 781 647 milui
803 586 1016 666 persuadeam,
1046 604 1104 646 non
1128 592 1160 646 te
1183 583 1257 651 mihi
1284 580 1441 643 succensi·

84 681 201 744 tumn,
226 669 253 731 si
277 670 450 735 militariter
471 691 624 752 pugnans,
649 674 822 736 militariter
845 682 995 737 attacum
1019 674 1133 754 loquor.
1185 670 1342 753 Oppressa
1365 670 1442 732 enim

85 761 144 822 bac
168 760 308 821 libertate
330 761 483 841 pugnandi
505 762 540 822 lit
563 762 684 841 ingrata
707 763 841 843 scriptio.

175 849 286 920 Jubes,
310 858 344 911 nt
366 858 450 911 taam
473 851 655 913 sententiam
679 870 745 914 cum
769 872 837 914 mea
860 851 1023 914 oonlmam.
1069 851 1115 913 'lh
1139 866 1210 929 ergo
1236 848 1315 910 lurta
1339 865 1443 909 exem·

87 937 131 1019 pli
155 937 256 1016 gratia
278 936 309 997 in
333 939 562 1001 melancholiam
586 941 720 1014 conlers3
743 960 861 1003 mecum
885 958 956 1019 ergo
981 939 1066 1014 lacis,
1090 956 1214 1019 possum
1236 937 1316 999 enim
1338 938 1445 999 eadem

89 1044 185 1106 wera
206 1044 266 1104 qua
289 1035 321 1088 tu
344 1027 575 1090 melancholiam
598 1029 756 1091 immunem
782 1052 800 1091 a
823 1029 986 1092 sceleribus
1013 1036 1045 1089 et
1066 1046 1124 1106 ego
1147 1029 1262 1089 coelum
1287 1044 1444 1087 excusare.

162 1115 350 1167 Fabricius:
376 1115 414 1167 Tu
439 1122 769 1181 temperamentorum
788 1117 1008 1168 conlcrmatlouem
1025 1116 1133 1181 planetis
1156 1117 1258 1172 tribuis,
1286 1115 1352 1165 sicut
1370 1121 1447 1165 anua

84 1187 263 1241 inoliaationee
281 1186 329 1237 illia
346 1187 506 1252 admdpsieti.
545 1187 595 1240 Sed
613 1191 668 1255 qui.
697 1204 803 1256 quusc.
832 1189 940 1241 natalith
966 1188 1085 1253 planetae
1110 1189 1192 1239 cresin
1211 1187 1309 1238 elficere
1335 1191 1446 1251 possum.

86 1274 144 1313 eum
163 1272 193 1319 eo
211 1263 352 1317 momento,
371 1273 418 1324 quo
437 1259 491 1323 qula
509 1261 633 1315 nascitur.
653 1264 730 1310 crusis
748 1261 802 1315 lieri
819 1276 870 1312 nou
889 1261 993 1324 incipiat
1010 1261 1127 1322 primum.
1154 1258 1198 1308 sed
1217 1265 1269 1308 toto
1288 1258 1445 1325 impraegua-

84 1330 161 1381 tionle
182 1333 293 1391 tempore
312 1328 478 1379 conformetur
497 1338 621 1380 anaema
639 1334 740 1381 seminia
759 1338 785 1382 et
803 1333 953 1382 nutrimento
972 1332 998 1380 iu
1017 1336 1098 1381 utero.
1136 1329 1261 1394 Astrologi
1279 1342 1335 1378 vero
1355 1342 1385 1378 ea
1397 1326 1449 1378 dne

84 1400 320 1465 impraegnatlsuis,
345 1401 387 1450 ubi
406 1401 530 1464 perlectus
546 1404 598 1464 jam
617 1403 697 1452 foetas
716 1403 798 1460 luerit,
823 1403 940 1466 judicant
957 1401 988 1451 ds
1007 1402 1224 1465 temperamentis.
1251 1415 1302 1449 non
1321 1414 1352 1449 ea
1368 1400 1448 1458 initio,

85 1473 163 1522 multe
180 1472 261 1523 dune
277 1471 360 1523 medio
377 1478 496 1535 tempore.
535 1472 562 1523 Si
580 1481 778 1536 temperamenta
802 1470 971 1523 cnuiormandl
989 1479 1142 1536 potestatem
1168 1472 1267 1521 omuino
1285 1470 1394 1535 planetis
1411 1470 1448 1519 rie

86 1543 239 1611 mediare.
266 1543 360 1593 videbis
377 1545 446 1607 ipae.
475 1558 550 1608 quem
567 1544 641 1608 plane
660 1547 781 1596 absomm
797 1544 844 1595 hoc
863 1547 904 1603 eit.
923 1544 1006 1594 iacere
1026 1560 1056 1593 ex
1074 1544 1188 1595 natalitio
1207 1550 1317 1606 tempore
1335 1542 1448 1603 criticam

86 1614 281 1678 dispositionem.
319 1611 448 1675 Quomodo
469 1613 586 1681 planetae
606 1617 688 1666 crasin
706 1619 857 1667 constituero
875 1621 986 1683 possum,
1006 1630 1062 1665 cum
1080 1615 1159 1664 nullos
1177 1612 1291 1663 humores
1309 1612 1397 1667 reales.
1417 1627 1449 1662 ex

86 1685 175 1750 qulbus
193 1689 415 1747 temperamentum
434 1688 608 1743 constituitur,
629 1687 732 1752 desuper
749 1688 884 1739 infundant
902 1685 1011 1749 corpori?
1050 1684 1112 1735 Cum
1131 1698 1189 1749 ergo
1212 1683 1326 1734 humores
1346 1697 1362 1733 a
1379 1681 1448 1733 coelo

86 1770 138 1806 aon
156 1756 214 1810 sint,
236 1768 284 1804 nec
303 1769 386 1804 sorum
404 1756 546 1821 qualltetss,
567 1758 635 1808 eides
653 1759 714 1823 lpse,
733 1759 799 1808 nullu
816 1762 872 1822 jure
889 1759 939 1807 rim
950 1756 1117 1808 constituendi
1130 1761 1330 1819 temperamenta
1348 1752 1449 1804 attribui

86 1841 169 1890 posu,
189 1826 236 1876 lsoo
253 1824 327 1876 modo
346 1833 372 1877 st
389 1829 565 1879 inclinationes
583 1837 609 1878 et
627 1837 826 1893 temperamenta
843 1836 889 1880 tua
905 1829 1049 1893 planetaria
1064 1828 1203 1878 concidere.

177 1898 381 1978 Keplsrus:
415 1900 468 1961 De
501 1903 806 1980 temperamentis
830 1902 1023 1980 peculiariter
1047 1898 1266 1979 augumentaris
1290 1914 1328 1957 ex
1350 1896 1445 1964 coelo,

88 1989 161 2069 quia
182 2006 255 2067 pars
278 2006 298 2048 a
320 1988 468 2053 matribus
491 2009 546 2074 per
569 1990 800 2070 imaginationes
825 1998 881 2052 est.
929 1991 998 2052 Nou
1013 1990 1149 2069 sequitur
1170 2007 1241 2067 pare
1257 1985 1348 2059 illinc,
1373 1983 1447 2048 ullsil

87 2097 159 2157 argo
183 2076 262 2150 hinc,
287 2075 450 2141 miscentur
474 2079 562 2153 euim,
588 2100 647 2160 qua
669 2087 757 2160 parte
781 2079 926 2142 similiora
949 2088 1034 2153 aant3
1059 2078 1139 2157 quod
1163 2085 1194 2138 et
1217 2077 1254 2137 de
1273 2074 1446 2138 inclinatio-

87 2167 176 2230 nibus
200 2166 313 2229 dictum
337 2173 413 2228 esto.
460 2167 519 2229 llla
542 2169 687 2230 coelestia
713 2169 808 2247 pallia
830 2167 986 2248 generalia
1009 2177 1093 2241 sunt,
1119 2166 1209 2227 aliter
1232 2171 1394 2245 operantur
1418 2161 1447 2225 in

87 2255 212 2319 cholera
235 2254 354 2330 innata,
389 2255 478 2319 aliter
500 2255 529 2317 in
553 2256 769 2320 melancholico
794 2258 870 2319 lato.
916 2256 953 2318 Id
977 2265 1078 2319 autem
1110 2256 1220 2318 nedum
1243 2252 1448 2332 conceptionis

88 2344 226 2418 articulo,
251 2352 304 2406 aut
318 2344 420 2416 sideri,
444 2352 498 2406 aut
516 2345 721 2425 imaginationi
737 2345 847 2420 tribuo,
865 2365 954 2426 quam
969 2344 1098 2425 tempori
1114 2341 1304 2423 gestationis,
1324 2349 1450 2421 propter

89 2432 262 2497 continuam
285 2433 540 2512 imaginationem,
565 2435 700 2515 quamvis
726 2435 828 2497 anima
853 2433 1042 2496 divinissima
1065 2434 1094 2495 iu
1112 2432 1224 2496 semine
1239 2431 1336 2510 patris
1353 2430 1449 2492 multa

89 2522 183 2585 etiam
208 2522 246 2583 de
269 2522 501 2601 cogitationibus
524 2523 623 2602 patris
646 2531 717 2586 ante
741 2531 918 2603 oonoeptum
942 2522 1061 2584 deferre
1094 2541 1196 2584 secum
1219 2519 1371 2582 credenda
1394 2518 1446 2580 sit.

91 2611 167 2673 Vita
189 2610 361 2691 embryonia
386 2611 482 2673 fumus
505 2622 562 2685 est,
589 2612 652 2675 nati
676 2615 799 2675 flamma
813 2612 999 2684 (Feruelium
1015 2603 1184 2691 sequor).¹)
1231 2607 1334 2688 Magis
1356 2606 1449 2687 igitur

91 2699 190 2764 lhsilis
219 2706 251 2760 et
283 2699 395 2760 formae
424 2700 607 2779 receptibilia
636 2702 665 2763 iu
693 2722 766 2763 suae
796 2701 923 2765 lusionis
953 2720 1007 2763 seu
1029 2697 1274 2762 inflammationis
1310 2697 1445 2759 articulo.

90 2789 209 2859 Deinde
233 2787 343 2863 sidera,
368 2787 477 2868 inquis,
500 2790 640 2852 humores
663 2811 721 2852 non
745 2790 873 2865 babent,
898 2809 952 2851 nec
975 2790 1066 2867 igitur
1090 2789 1165 2853 dant
1188 2787 1296 2850 cresin.
1338 2785 1447 2848 Usita·

93 2878 244 2942 tissimum
266 2895 364 2939 meam
388 2877 612 2958 responsionem
636 2899 673 2941 ex
696 2878 771 2941 meis
794 2879 949 2959 principiis
974 2880 1065 2959 (quae
1090 2879 1116 2940 si
1139 2895 1197 2940 nou
1221 2874 1372 2949 admittis,
1398 2892 1450 2937 cur
1474 2870 1481 2881 “

90 2986 149 3029 non
174 2967 242 3044 ipsa
264 2965 446 3044 generaliter
479 2966 634 3035 refutasti
664 2968 802 3047 ignorare
831 2988 890 3030 non
917 2977 1020 3049 potes,
1052 2976 1086 3029 ut
1108 2965 1222 3028 musica
1250 2964 1396 3026 laetificat
1419 2970 1451 3023 et

91 3063 204 3129 movet,
233 3060 267 3116 u't
290 3056 458 3134 exemplum
482 3064 537 3117 aut
565 3056 748 3139 archetypus
776 3058 918 3121 aedificat
943 3058 1060 3119 domurn
1085 3058 1155 3128 duct,
1185 3054 1228 3116 sic
1252 3053 1368 3115 coelum
1396 3052 1450 3113 dat

91 3144 204 3219 cresin,
229 3144 298 3205 dum
313 3143 429 3205 animus
443 3144 597 3206 humorum
621 3154 654 3207 et
676 3147 799 3208 seminis
813 3147 843 3207 in
860 3148 984 3208 sormam
999 3144 1131 3218 (Model)
1152 3142 1314 3224 schematis
1328 3139 1448 3204 transit.

164 3250 375 3300 Fabricius:
404 3250 443 3300 De
460 3251 550 3301 morbis
576 3257 602 3301 et
619 3253 702 3302 eausle
720 3266 804 3302 eorum
826 3253 901 3301 miras
919 3253 1112 3317 imaginationes
1133 3249 1219 3299 babes.
1257 3248 1295 3297 Ex
1310 3247 1369 3296 lorti
1386 3246 1448 3296 ima·

90 3322 220 3387 ginate'om
238 3322 318 3371 multa
334 3322 430 3386 prodire
448 3337 520 3387 posse
549 3338 598 3373 non
618 3338 691 3388 nego.
729 3321 780 3374 Sed
798 3339 848 3373 nou
866 3324 1012 3388 imaginatio
1031 3321 1160 3386 ipsahaec
1173 3317 1450 3376 insomnietate·

92 3408 123 3447 ex
143 3393 322 3459 imaginatione
341 3395 515 3457 provenientes
535 3392 568 3454 (r.
590 3410 611 3443 e.
632 3396 656 3443 in
675 3395 792 3461 gravidis,
811 3397 836 3444 in
855 3402 926 3459 peste
938 3390 1011 3454 dc),
1030 3394 1103 3458 idque
1115 3399 1215 3443 tautum
1233 3391 1259 3439 ln
1277 3390 1384 3444 lemme,
1402 3403 1449 3438 ua·

92 3465 154 3514 turis
173 3462 306 3520 debilibus,
338 3464 393 3513 viris
414 3464 562 3514 effeminatis
586 3465 729 3530 confingere
747 3472 837 3531 potest
875 3466 910 3514 st
927 3465 978 3514 tale
996 3465 1054 3528 quid
1072 3466 1097 3513 in
1116 3464 1205 3512 morbis
1224 3476 1254 3511 ex
1272 3461 1451 3527 imaginatione

92 3536 187 3585 ruboris
205 3541 251 3584 ant
268 3534 366 3597 pallorls
385 3535 410 3595 d
431 3541 457 3585 et
475 3534 490 3590 h
509 3541 631 3593 statuere,
651 3538 741 3586 radoni
759 3542 884 3601 repugnat
896 3534 1086 3599 (Ksplerns:
1104 3535 1146 3583 nbi
1157 3528 1260 3592 ratloi).
1299 3530 1365 3592 Quid
1376 3531 1451 3580 rusti·

93 3621 137 3658 eae
156 3612 204 3656 aut
220 3605 278 3664 alli.
303 3607 345 3669 qul
363 3605 389 3666 ὀ
408 3607 520 3656 ruborem
538 3621 665 3672 uunquam
686 3608 882 3663 aouddararunt.
902 3607 933 3656 de
951 3612 1043 3656 natura
1061 3604 1086 3665 0¹
1106 3603 1234 3669 cogitasti
1263 3601 1450 3666 (Keplerues

92 3690 154 3728 sane
173 3692 222 3726 nou
241 3683 280 3726 est
298 3677 443 3742 imaginatio
462 3692 506 3741 per
525 3675 671 3739 discursum)
691 3684 736 3727 aut
763 3693 837 3742 quam
865 3678 896 3728 de
915 3680 968 3740 ejus
986 3677 1105 3741 incogniti
1132 3674 1213 3725 colore
1243 3674 1449 3739 imaginationem

92 3749 223 3812 concipere
241 3746 366 3811 possunt?
403 3746 429 3797 Si
448 3748 515 3798 dicas
534 3747 735 3813 (Keplerusr
755 3764 804 3799 non
821 3749 869 3799 hoc
889 3745 956 3809 dico)
978 3745 1002 3809 ό
1025 3749 1098 3809 juxta
1117 3748 1191 3796 situm
1209 3760 1280 3795 suum
1300 3749 1367 3795 serto
1385 3750 1449 3793 tem·

92 3833 152 3884 pore
169 3834 214 3882 per
231 3819 354 3868 occultam
373 3833 443 3869 susm
470 3821 592 3869 actionem
616 3821 641 3868 in
661 3821 749 3870 animis
775 3821 883 3871 excitare
901 3819 1105 3883 imaginationem
1133 3817 1216 3873 illam,
1245 3815 1303 3879 quid
1330 3813 1398 3864 aliud
1426 3815 1451 3862 id

93 3891 149 3948 erit,
169 3904 243 3954 qnam
260 3889 400 3939 maleficam
419 3890 524 3940 uooeudi
542 3892 591 3939 dm
609 3898 695 3953 aperte
713 3890 747 3940 llli
766 3889 926 3942 adscribere?

166 3961 220 4025 Ego
239 3967 324 4011 statuo
342 3960 530 4025 (Keplsruu
555 3960 591 4010 Ut
608 3968 635 4012 et
653 3977 713 4027 ego,
738 3962 783 4012 sed
800 3969 886 4012 tamen
905 3961 984 4013 allter.
1022 3958 1129 4021 Obiecta
1147 3964 1207 4008 sunt
1224 3957 1338 4022 exempla
1356 3970 1450 4012 eomm.

92 4047 160 4098 quaa
177 4033 240 4083 lauit
257 4033 343 4085 enims
359 4033 390 4081 iia
408 4032 512 4091 mota),
531 4032 645 4096 planetes
665 4048 714 4083 aon
733 4047 824 4083 camna
842 4039 949 4097 agentes
965 4031 1103 4081 morborum
1122 4028 1183 4092 dtu,
1202 4031 1247 4080 sed
1264 4043 1336 4081 mssa
1353 4036 1452 4080 unm·

91 4103 731 4232 lutidissimifissiles,
742 4100 1453 4241 ‘lll‘ttstta‘ttt'tttussitat

93 4244 194 4296 aliunde
213 4246 350 4301 accersitis,
369 4246 413 4295 sed
431 4247 538 4296 materia
555 4248 630 4296 noxia
648 4247 777 4296 humorum
796 4247 955 4301 internorum.
977 4244 1016 4294 rel
1036 4244 1067 4294 ab
1086 4249 1156 4294 extra
1173 4243 1334 4308 petriculosum
1354 4241 1450 4291 allado-

92 4318 211 4374 mena,
228 4318 317 4383 quibua
328 4332 356 4367 ae
369 4317 481 4368 diabolus
493 4331 569 4381 saepe
581 4319 677 4374 mineat,
697 4331 744 4382 quo
756 4319 792 4367 ale
805 4330 822 4367 a
833 4317 902 4368 soelo
915 4317 1095 4383 praefiguratas
1113 4327 1207 4380 possm
1218 4314 1267 4364 Dei
1281 4315 1402 4378 perustam
1412 4315 1450 4363 ln·

92 4388 215 4443 eidam
253 4387 338 4449 Quare
354 4389 380 4438 in
399 4390 512 4441 omnibus
529 4389 567 4439 hia
587 4389 726 4441 actionibus
744 4396 770 4439 et
787 4389 1008 4453 significationibus
1026 4387 1090 4439 velle
1105 4387 1221 4451 physices
1234 4393 1278 4437 aut
1291 4384 1452 4450 astrologicae

93 4473 187 4510 causas
205 4459 284 4510 solnm
302 4461 426 4524 inquirere
445 4467 471 4510 et
484 4461 650 4517 considerare,
671 4461 743 4509 nimis
755 4460 891 4524 physicum,
912 4474 1021 4509 cumeum
1040 4465 1066 4508 et
1083 4458 1184 4508 carnale
1205 4463 1251 4507 ost
1271 4454 1452 4519 (Keplerum

93 4529 197 4668 Potegm
217 4536 242 4582 et
260 4531 285 4591 in
296 4544 363 4661 )msa
380 4531 535 4596 philosophia
554 4531 698 4597 theologum
717 4546 804 4599 agere.
842 4531 903 4580 Cum
917 4530 986 4580 Deus
999 4531 1120 4585 irascitur.
1143 4528 1263 4593 permittit
1281 4530 1453 4592 praeposteras

92 4603 126 4651 lm
171 4602 293 4653 nationes.

156 4676 325 4755 ¹Keplsrua
342 4692 369 4741 lu
386 4690 464 4741 literis
481 4691 532 4743 sais
550 4692 644 4757 pergit:

184 4761 320 4825 Tandem
343 4762 419 4825 banc
442 4761 656 4844 principiorum
680 4761 828 4826 rationem
857 4761 1031 4841 generalem
1058 4760 1087 4825 iu
1111 4759 1249 4838 exemplo
1280 4758 1317 4819 de
1340 4756 1452 4820 morbis

93 4851 264 4936 harpagans.
310 4849 402 4913 Dinis
429 4851 591 4917 animalem
613 4852 712 4916 aare
737 4849 914 4916 massan
937 4851 1092 4914 iucensam
1112 4855 1216 4912 ments
1237 4845 1362 4921 armate
1385 4863 1452 4909 oum
