3428 5542
685 342 771 388 Μ·
788 335 887 388 Um·
1400 330 1467 400 267

101 487 214 551 circulo
235 486 312 566 DG,
336 492 401 556 eive
423 493 454 555 in
477 494 643 573 angustiori
666 495 724 558 ΚΕ
747 503 913 557 moveatur.
959 492 1001 556 Ει
1024 494 1066 555 εἰι
1087 494 1117 556 H
1138 494 1231 557 stella
1259 494 1289 555 io
1313 511 1459 574 apogaeo,

103 579 162 639 erit
184 579 286 659 itaque
305 584 413 660 iuncta
435 581 509 644 Soli.
557 583 770 646 Ueneferatur
793 601 959 662 apogaeum
985 583 1109 664 ejusque
1137 584 1217 645 linea
1237 583 1305 656 ΕΗ,
1332 589 1468 645 centrum

103 686 147 728 sc.
172 669 332 731 eccentrici
356 665 400 742 N,
434 689 471 732 ex
494 688 529 732 eo
554 671 620 733 loco
644 672 673 732 in
696 671 739 745 Ε,
770 673 869 752 sitque
899 673 981 734 locus
1006 673 1133 752 apogaei
1157 672 1187 733 in
1212 673 1241 733 Δ
1268 672 1376 732 iterum
1401 688 1468 733 curu

105 755 134 817 G
158 756 205 816 vel
229 755 352 820 LSole.
399 757 500 820 Stella
521 778 593 820 vero
616 767 775 822 moveatur
799 781 818 821 a
841 762 922 822 linea
944 762 1072 840 apogaei
1096 761 1125 821 in
1147 767 1264 840 partem
1284 759 1468 821 contrariam

104 852 189 906 motu
210 846 463 920 commutationis,
489 866 527 908 ex
549 847 580 908 A
602 868 646 910 sc.
671 848 700 910 in
723 849 760 910 B.
810 850 919 922 Patet,
945 848 1023 929 quod
1047 849 1209 929 quotannis
1233 849 1295 910 iere
1319 846 1467 913 romelia

103 933 279 1012 perigaeum
302 935 424 1009 incidat,
450 937 510 997 etsi
533 955 591 997 non
616 938 655 997 ad
674 938 830 1017 oppositas
846 945 951 1017 partes
967 939 1082 999 zodiaci
1098 939 1218 1000 evadat.
1265 935 1336 1006 Qua
1349 936 1467 998 ratione

104 1023 147 1096 lit,
173 1030 207 1083 ut
230 1024 269 1084 ad
293 1042 447 1085 accessum
472 1023 553 1087 Solis
577 1025 617 1086 ad
640 1044 674 1086 ae
698 1027 824 1087 tollatur
849 1027 877 1087 in
902 1026 1005 1097 altum,
1031 1045 1097 1088 eum
1121 1026 1286 1088 decedente
1301 1023 1374 1087 Sole
1397 1042 1468 1086 eese

104 1111 193 1172 simul
217 1111 368 1174 demittat
414 1113 531 1174 Eadem
556 1132 626 1175 vero
641 1115 791 1196 Tychouis
812 1134 929 1196 quoquc
949 1115 1133 1196 hypotheses
1157 1114 1278 1176 habent
1324 1112 1377 1176 Sic
1400 1130 1468 1176 curn

105 1200 287 1278 Apollonius
311 1201 385 1262 dicit
405 1202 434 1262 D
458 1203 506 1263 vel
529 1202 573 1275 K,
595 1201 625 1262 G
648 1203 738 1264 relL
760 1201 872 1276 Solem,
898 1210 930 1264 et
953 1204 996 1276 N,
1016 1202 1043 1265 Ε
1063 1212 1198 1265 centrum
1222 1201 1383 1264 eccentrici
1399 1218 1469 1264 esse

105 1289 135 1350 in
165 1290 271 1351 eadem
298 1289 392 1361 linea,
426 1291 529 1370 'lycho
553 1290 640 1363 dicit,
667 1292 711 1363 N,
733 1291 761 1352 E
785 1300 919 1352 centrum
944 1292 1103 1353 eccentrioi
1132 1311 1200 1353 esse
1231 1292 1330 1370 ipsum
1354 1288 1468 1353 Solem.

106 1376 159 1439 Sic
182 1396 248 1439 oum
271 1379 347 1439 haec
371 1378 526 1456 Apollonii
550 1379 703 1440 sententia
726 1380 824 1442 locum
847 1380 937 1443 aliter
959 1381 1071 1442 habere
1095 1399 1152 1442 non
1177 1381 1284 1459 possit,
1309 1378 1367 1441 nisi
1382 1379 1470 1458 jueta

106 1466 147 1527 eit
171 1466 327 1549 proportio
351 1467 404 1528 FB
428 1460 666 1529 eccentricitatis
690 1467 728 1528 ad
751 1467 809 1530 EA
833 1469 949 1530 radium
973 1470 1104 1531 eccentri
1129 1470 1234 1542 (aliter
1257 1468 1343 1547 justa
1366 1474 1468 1529 retro-

107 1555 319 1635 gradatiouam
342 1555 498 1634 quantitas
521 1575 578 1617 non
602 1557 808 1630 conficietur),
837 1558 891 1618 liat
913 1558 1016 1636 utique
1040 1559 1069 1618 in
1094 1559 1186 1620 stella
1207 1557 1335 1630 Martie,
1360 1563 1394 1618 ut
1415 1555 1469 1616 ΕΡ

107 1643 295 1705 eccentrious
325 1651 412 1706 secet
434 1642 490 1714 FQ
519 1644 662 1706 circulum
689 1664 708 1705 a
739 1655 843 1706 centro
872 1648 1031 1709 eccentrioi
1057 1647 1260 1726 descriptum:
1295 1644 1325 1706 id
1350 1644 1470 1725 quidem

107 1753 145 1794 ex
169 1732 343 1812 anteposita
366 1733 572 1811 suppositione
587 1733 740 1813 Apollonii
763 1734 888 1803 firmiter
911 1734 1075 1796 deducitur.
1123 1733 1199 1797 Cum
1219 1734 1298 1795 euim
1311 1733 1366 1795 ΒΤ
1384 1739 1470 1794 recta

107 1822 199 1883 ducta
221 1821 263 1883 eit
286 1830 374 1883 extra
397 1828 532 1882 centrum
555 1822 581 1881 Ε
615 1831 646 1883 et
670 1823 731 1884 alia
754 1823 809 1885 ΔΡ
837 1841 891 1902 per
919 1830 1054 1886 centrum
1078 1824 1120 1899 Ε,
1154 1841 1246 1902 quare
1270 1822 1327 1884 ΑΡ
1351 1820 1469 1902 longior

107 1910 166 1972 erit
198 1929 288 1991 quarn
310 1910 375 1972 ΒΤ.
421 1910 482 1970 Εει
504 1919 606 1972 autem
629 1911 686 1972 ΑΡ
710 1911 809 1973 divisa
837 1912 975 1974 bilariam
999 1914 1028 1974 in
1052 1913 1080 1974 Ε
1104 1920 1222 1984 centro,
1256 1919 1288 1974 et
1310 1910 1365 1972 ΒΤ
1387 1906 1469 1971 ino

108 2018 146 2060 ex
174 1998 347 2080 hypothesi,
373 2017 464 2078 quare
487 2017 542 2077 per
565 2018 749 2061 communem
774 2001 1000 2078 conceptionem
1024 2000 1179 2063 dimidium
1200 2000 1255 2062 ΕΡ
1277 1999 1400 2062 dimidio
1413 1996 1470 2060 OT

110 2107 227 2168 quoque
257 2088 356 2166 majus
387 2095 444 2149 εει.
470 2089 650 2168 emptius,
684 2107 751 2151 curn
784 2111 803 2150 a
831 2098 941 2168 puncto
965 2091 991 2152 F
1019 2098 1106 2152 extra
1133 2096 1267 2150 centrum
1291 2088 1393 2150 circuli
1417 2083 1470 2149 ΟΡ

107 2176 256 2238 ducantur
279 2177 383 2249 binae,
418 2195 477 2238 una
500 2196 538 2237 ex
561 2185 665 2240 centro
687 2178 812 2239 veniens
835 2179 899 2253 FP,
924 2180 1020 2241 altera
1044 2199 1132 2240 secus
1155 2178 1221 2251 FT,
1246 2177 1415 2238 incidenter
1438 2174 1469 2243 in

39 2298 44 2306 ι
108 2265 384 2328 circumferentiam
403 2265 471 2339 PT3
496 2266 556 2326 erit
578 2265 630 2326 FT
652 2267 750 2346 major
773 2286 863 2346 quam
882 2268 942 2329 FP.
988 2268 1058 2330 Jam
1081 2285 1174 2346 supra
1196 2265 1317 2327 dixerat
1338 2265 1469 2344 Apollo-

108 2355 175 2415 nius
199 2352 255 2416 OT
286 2354 330 2416 sic
354 2372 423 2415 ease
455 2355 493 2414 ad
518 2355 584 2428 TF,
618 2361 651 2417 ut
678 2355 827 2417 velocitas
855 2357 951 2418 centri
979 2355 1138 2418 eccentrici
1172 2354 1313 2427 (Martis)
1340 2352 1399 2417 ΝΕ
1431 2352 1470 2414 ad

107 2443 300 2505 velocitatem
332 2443 440 2504 stellae
464 2462 516 2505 seu
549 2450 662 2505 motum
680 2443 923 2506 commutationis
947 2446 1003 2507 AB
1034 2445 1063 2508 h.
1088 2463 1116 2505 e.
1140 2450 1175 2505 ut
1197 2438 1240 2506 59
1264 2443 1304 2504 ad
1327 2439 1372 2506 28
1394 2442 1468 2504 iere.

109 2529 186 2593 Cum
213 2531 306 2611 igitur
333 2531 469 2610 ejusdem
500 2532 593 2593 totius
618 2533 656 2593 ad
681 2533 826 2612 majorem
855 2552 892 2593 ex
915 2532 936 2594 2
959 2534 1096 2614 partibus
1125 2532 1222 2593 minor
1246 2531 1289 2592 eit
1315 2529 1470 2610 proportio

109 2638 200 2700 quarn
227 2621 266 2682 ad
289 2621 446 2693 minorem,
481 2619 538 2682 erit
570 2622 666 2699 maj0r
691 2622 846 2702 proportio
871 2619 926 2683 OT
950 2623 988 2684 ad
1011 2622 1063 2703 FP
1096 2640 1183 2701 quam
1207 2618 1251 2684 59
1280 2621 1319 2681 ad
1343 2616 1404 2692 283
1437 2624 1470 2679 et

109 2728 236 2783 rursum,
262 2728 328 2770 cnm
353 2729 391 2770 ex
416 2710 532 2771 duabus
561 2710 724 2789 majoribus
754 2729 831 2788 quae
856 2710 975 2788 longior
1003 2717 1051 2772 est
1079 2710 1225 2788 majorem
1247 2706 1470 2789 proportionem

109 2798 224 2859 habeat
247 2798 286 2860 ad
305 2798 459 2871 minorem,
484 2816 575 2877 quam
598 2817 674 2879 quae
698 2799 836 2871 brevior;
870 2801 967 2879 major
989 2801 1081 2878 igitur
1105 2799 1164 2860 erit
1181 2798 1335 2878 proportio
1353 2794 1407 2857 ΕΡ
1429 2794 1469 2856 ad

111 2887 162 2948 PF
186 2906 274 2967 quam
298 2885 354 2949 OT
378 2887 417 2948 ad
440 2886 500 2949 PF.
547 2886 635 2949 Prius
657 2907 729 2950 vero
754 2895 785 2948 et
808 2886 888 2949 OT:
906 2890 1007 2962 PF>
1026 2885 1069 2951 59
1087 2885 1163 2956 τ28,
1188 2887 1280 2948 multo
1295 2884 1386 2964 igitur
1401 2902 1467 2944 ma·

106 2976 155 3053 jor
183 2983 233 3037 est
262 2976 417 3056 proportio
446 2976 499 3036 ΕΡ
515 2996 522 3037 :
539 2975 589 3037 PF
621 2996 709 3056 quam
739 2973 782 3039 59
799 2997 806 3037 :
822 2972 875 3039 28.
923 2975 1057 3057 Cumque
1086 2973 1129 3039 59
1146 2997 1153 3037 :
1170 2971 1214 3038 28
1240 2972 1395 3054 proportio
1427 2971 1471 3032 eit

109 3065 206 3143 major
229 3065 330 3144 dupla,
354 3065 450 3126 tribus
473 3064 566 3143 igitur
589 3066 757 3127 nominibus
780 3065 834 3126 ΕΡ
850 3085 858 3125 :
874 3067 925 3127 PF
947 3068 1046 3144 major
1068 3064 1260 3145 proportione
1284 3062 1385 3141 dupla.
1434 3059 1468 3123 Si

109 3152 162 3214 ΕΡ
184 3154 253 3231 plus
278 3163 327 3214 est
349 3171 438 3234 quam
463 3152 583 3232 duplum
599 3155 657 3227 PF,
684 3173 755 3234 ergo
770 3155 821 3215 PF
846 3155 941 3217 minor
956 3163 1005 3217 est
1027 3174 1115 3234 quam
1132 3152 1285 3229 dimidium
1297 3151 1352 3212 ΕΡ
1374 3150 1468 3211 semi-

109 3241 249 3303 diametri
281 3241 421 3305 eocentri.
468 3242 585 3304 Ablata
613 3243 704 3322 igitur
727 3244 779 3305 PF
809 3243 906 3304 minor
935 3245 1060 3305 dimidia
1091 3241 1235 3321 relinquit
1255 3241 1308 3303 ΕΕ
1342 3239 1392 3301 νεΙ
1413 3236 1471 3310 FQ

111 3332 267 3410 aequalem
296 3331 442 3409 majorem
472 3331 596 3392 dimidia
625 3341 723 3411 parte.
771 3333 877 3412 ltaque
900 3331 952 3394 FP
983 3333 1131 3394 distantia
1160 3331 1305 3410 perigaea
1335 3350 1355 3391 a
1376 3328 1472 3390 Terra

111 3420 209 3482 minor
240 3428 289 3482 eet
318 3418 373 3489 FQ
406 3419 630 3482 semidiametro
663 3421 782 3494 circuli,
816 3421 865 3500 qui
898 3429 1032 3483 centrum
1056 3419 1218 3482 eccentrici
1246 3418 1339 3479 vehit.
1385 3417 1471 3479 Idem

111 3515 212 3570 autem
246 3509 357 3571 asserit
383 3508 486 3589 Tycho
519 3507 555 3568 de
584 3509 695 3570 circulo
720 3517 745 3578 d
774 3516 898 3570 secante
922 3509 1066 3571 circulum
1092 3506 1142 3585 Θ.
1189 3508 1237 3569 Ex
1265 3507 1348 3569 hisce
1379 3505 1471 3584 igitur

111 3605 241 3676 apparet
264 3617 310 3670 ea,
337 3616 425 3678 quam
450 3596 522 3673 dixi,
546 3598 687 3677 coguatio
710 3597 919 3678 hypothesium
935 3598 1084 3679 Tyrhonie
1107 3615 1173 3658 cum
1197 3594 1378 3676 geometrico
1396 3610 1470 3673 pro·

110 3687 242 3748 blemate
266 3685 429 3767 Apollonii.

198 3776 245 3837 At
267 3795 306 3836 ex
327 3775 376 3836 his
398 3783 499 3836 tamen
519 3773 648 3834 nondum
672 3773 807 3852 sequitur
829 3774 874 3847 id,
904 3773 983 3852 quod
1005 3772 1034 3834 in
1059 3791 1152 3835 causa
1175 3780 1333 3834 versaturr
1367 3769 1468 3849 Apol·

112 3865 223 3926 lonium
242 3864 427 3946 hypotheses
451 3863 582 3924 edidisse
599 3863 817 3924 astronomicas
843 3863 976 3941 legitime
1000 3871 1033 3924 et
1045 3862 1164 3940 proprie
1179 3860 1223 3922 eie
1238 3860 1357 3933 dictas,
1372 3859 1468 3922 multo

112 3953 210 4014 minue
233 3972 305 4015 vero
328 3952 373 4026 id,
397 3952 475 4032 quod
494 3952 559 4013 sine
583 3952 662 4013 omni
686 3951 889 4012 haesitatione
913 3952 1117 4012 affirmaverat
1139 3950 1248 4022 Ursus,
1274 3946 1470 4028 Apollonium

113 4042 247 4103 secunda
269 4042 479 4103 immutatione
495 4040 793 4102 Aristarchianarum
816 4041 908 4114 facta,
934 4041 1009 4101 hano
1036 4040 1162 4101 formam
1184 4037 1363 4120 systematis
1382 4056 1471 4099 mun·

113 4131 194 4204 dani,
219 4150 295 4210 quae
317 4129 406 4191 hodie
431 4129 564 4211 Tychruu
587 4130 699 4208 placet,
722 4130 919 4208 expressisse.
967 4129 1099 4191 Primum
1124 4128 1202 4190 euim
1219 4127 1306 4191 initio
1330 4143 1389 4188 uon
1413 4126 1472 4188 fuir

112 4219 294 4299 Apollonius
316 4227 505 4280 astronomus
528 4218 732 4296 professione,
757 4219 812 4280 sed
831 4225 1003 4298 geometra,
1029 4219 1165 4298 quodque
1189 4214 1410 4279 demonstravit
1433 4231 1472 4275 ex

112 4307 299 4370 astronomia
322 4315 539 4369 transsamtum
562 4307 731 4386 problema,
761 4307 790 4368 id
815 4327 872 4368 non
897 4307 976 4385 ipse,
1006 4315 1040 4367 ut
1063 4306 1229 4369 astronomi
1251 4302 1376 4382 requirit
1400 4303 1469 4365 offi-

113 4397 201 4470 cium,
227 4398 266 4457 ad
289 4415 374 4457 usum
398 4395 551 4469 adhibuit,
584 4403 620 4457 ut
646 4397 703 4457 hac
728 4405 864 4457 assumta
897 4395 1057 4476 hypothesi
1085 4396 1228 4474 planetae
1251 4392 1342 4454 ullius
1370 4398 1470 4465 motus

112 4504 152 4549 ex
179 4484 441 4547 observationibus
475 4485 637 4546 deduceret
664 4492 695 4547 et
718 4485 953 4559 demonstraret,
983 4484 1037 4544 sed
1070 4482 1356 4546 demonstrationem
1388 4494 1470 4538 mere
1509 4519 1512 4527 -

113 4573 327 4653 geometricam
346 4574 384 4635 ed
409 4579 607 4647 astronomos,
633 4582 775 4651 tanquam
799 4574 925 4652 propola
947 4573 1052 4633 clavos
1075 4580 1129 4634 aut
1152 4570 1280 4632 seruum
1304 4567 1344 4628 ad
1368 4564 1470 4627 archi·

114 4670 214 4723 tectos
237 4661 349 4736 attulit,
376 4662 402 4724 si
426 4661 492 4742 quis
517 4671 609 4734 esset,
632 4662 716 4740 cujus
730 4660 834 4722 usibus
858 4662 919 4722 ista
933 4661 1092 4724 servirent.
1139 4659 1266 4730 Deinde,
1291 4674 1356 4716 cum
1370 4654 1470 4733 hypo·

114 4750 219 4813 theses
243 4750 460 4815 aemonomicas
483 4769 575 4828 supra
598 4770 664 4813 curn
688 4748 767 4812 Urso
792 4749 983 4812 definiremus
1011 4759 1125 4812 certam
1153 4749 1285 4827 aliquam
1307 4740 1471 4807 demundi

115 4842 211 4903 forms
242 4856 455 4923 corpommque
486 4839 663 4906 coelestium
695 4837 893 4925 dispositione
926 4840 1174 4925 conceptionem:
1209 4828 1363 4918 Apollonii
1394 4828 1471 4892 haec
