3428 5542
627 314 659 364 ‘¹0
675 314 928 380 ‘tim-”mm
1392 309 1457 379 359

99 471 368 547 considerandum,
405 450 551 534 distantia
574 472 786 552 significatoris
810 494 828 533 a
851 472 1013 534 meridiano
1038 471 1185 552 quomodo
1210 472 1296 534 detur
1323 473 1352 533 in
1376 479 1456 536 tem-

99 560 254 640 poralibus
280 561 364 622 boris
389 582 432 621 an.
454 562 481 622 in
506 562 692 641 aequalibus,
717 562 746 623 h.
773 582 800 622 e.
825 561 853 622 in
879 581 940 623 asc.
967 560 1071 622 recta?
1116 559 1206 622 Etsi
1231 561 1296 635 boe,
1321 560 1456 624 utbodie

98 667 221 728 semper
245 652 289 721 fit,
315 660 386 711 tunc
411 651 503 712 debes
528 671 564 711 ex
589 653 688 730 aliqua
705 650 809 712 tabula
833 669 993 729 excerpere
1016 649 1456 728 horariatemporasignifiea-
1481 694 1487 705 .

99 739 191 811 toris;
223 757 278 818 per
301 758 340 799 ea
367 738 483 800 divides
508 740 706 801 differentiam
741 758 803 800 asc.
828 747 930 801 rectae
959 738 1048 801 medii
1072 739 1146 799 coeli
1172 746 1204 797 et
1231 738 1454 817 significatoria,
1543 734 1549 741 ’

97 827 200 905 prodit
223 846 365 888 numerus
389 828 529 890 horarum
555 829 763 904 temporalium
787 828 1009 905 significatoria.
1055 827 1190 889 Habebis
1211 827 1266 888 hoc
1282 835 1372 904 pacto
1397 827 1456 891 duo

97 935 135 977 ex
159 925 247 994 parte
272 916 504 994 significatoris:
537 938 599 979 asc.
624 927 737 978 rectam
761 917 953 978 culminantis
977 916 1080 996 puncti
1105 924 1136 977 et
1159 915 1336 976 distantiam
1360 915 1457 995 signi-

95 1005 230 1065 ficatoris
255 1025 273 1065 a
297 1005 461 1066 meridiano
486 1006 515 1067 in
540 1006 621 1068 boris
645 1006 857 1086 significatoria
881 1007 1020 1086 propriis.
1068 1004 1198 1084 Oportet
1213 1024 1290 1066 nunc
1304 1004 1381 1066 talia
1395 1005 1455 1067 duo

97 1093 190 1154 etiam
214 1112 359 1171 quaerere
383 1106 530 1173 exparte
554 1093 760 1175 promissoris,
794 1095 824 1154 id
849 1103 910 1167 est,
940 1102 1060 1174 oportet
1082 1094 1165 1156 illum
1188 1093 1293 1154 eodem
1317 1093 1457 1155 horarum

95 1182 284 1261 propriarum
317 1202 439 1244 numero
473 1184 608 1246 adhiberi
641 1183 718 1245 coeli
749 1183 866 1255 medio,
905 1190 938 1244 et
974 1192 1045 1246 tunc
1078 1201 1220 1262 quaerere
1258 1181 1334 1243 coeli
1365 1181 1457 1244 medii

96 1290 161 1332 asc.
195 1280 323 1332 rectam.
376 1270 428 1332 Sic
457 1271 548 1352 igitur
577 1293 665 1351 ages:
702 1291 829 1351 excerpe
861 1273 983 1334 horaria
1015 1279 1152 1351 tempora
1183 1270 1389 1350 promissoris;
1420 1289 1458 1333 ea

95 1359 266 1437 multiplica
295 1359 323 1419 in
360 1379 510 1421 numerum
544 1361 696 1423 inventum
724 1361 863 1423 horarum
887 1360 1096 1439 temporalium
1125 1359 1350 1438 significatoria.
1383 1376 1457 1439 pro·

94 1447 217 1509 ductum
249 1449 334 1509 auser
363 1450 402 1509 ab
436 1469 498 1511 asc.
530 1461 614 1512 recta
637 1445 847 1529 promissoris,
883 1451 984 1529 prodit
1018 1469 1078 1510 asc.
1111 1459 1197 1510 recta
1227 1448 1269 1509 Μ.
1304 1447 1356 1518 C..
1390 1466 1457 1511 cnm

97 1537 266 1614 promissor
298 1544 345 1598 tot
382 1537 440 1598 tuis
479 1539 693 1618 temporalibus
726 1538 807 1600 horis
835 1539 924 1600 abest
956 1558 976 1599 a
1005 1540 1047 1601 M.
1078 1535 1130 1611 C..
1166 1544 1239 1617 quot
1272 1536 1457 1616 significator

97 1624 200 1686 itidenr
225 1625 289 1686 anis
313 1625 429 1687 aberat.
478 1626 643 1689 Subtracta
667 1627 758 1706 igitur
772 1647 835 1690 asc.
863 1636 947 1689 recta
965 1629 1008 1690 Μ.
1030 1625 1066 1690 C.
1086 1645 1140 1707 pro
1165 1625 1367 1706 significatura
1383 1625 1458 1687 data

93 1714 132 1774 ab
156 1733 220 1774 asc.
236 1721 321 1776 recta
336 1716 379 1777 M.
396 1712 432 1777 C.
459 1715 506 1778 hic
526 1717 648 1779 inventa
664 1736 717 1797 pro
736 1719 927 1798 promissore,
953 1717 1136 1798 relinquetur
1150 1734 1287 1778 numerus
1302 1714 1457 1795 quaesitus

93 1805 239 1884 graduum
267 1804 448 1866 directionis.

183 1891 269 1953 Haec
300 1892 393 1972 igitur
421 1901 469 1954 est
491 1893 681 1956 Ptolemaios
704 1896 782 1956 ratio
807 1893 970 1974 dirigendi,
1005 1894 1041 1954 de
1066 1911 1126 1972 qna
1153 1902 1254 1954 tamen
1279 1889 1453 1965 notandum,
1564 1885 1567 1889 ’

93 1981 172 2060 qnod
196 1981 391 2043 Ptolemaeus
416 2002 482 2043 eam
507 2001 565 2044 non
588 1985 724 2063 proferat
747 1985 835 2045 modo
851 1982 1103 2062 Regiornontani;
1127 2001 1197 2043 narn
1222 1980 1316 2058 primo
1341 1977 1456 2040 fatetur

93 2079 209 2151 aperte,
236 2090 304 2131 earu
328 2092 347 2130 a
370 2090 461 2150 scopo
486 2071 619 2133 nonnihil
644 2074 815 2134 deflectere.
863 2071 940 2134 Com
963 2073 1042 2134 enim
1066 2069 1240 2150 principalis
1264 2076 1348 2130 esset
1375 2067 1451 2128 Pto·

47 2155 57 2166 *
93 2161 210 2220 lemaeo
237 2178 346 2239 scopus
370 2160 448 2221 idem
472 2161 521 2240 qui
545 2168 577 2221 et
599 2161 853 2239 Regiomontano,
878 2168 910 2221 ut
925 2180 968 2223 sc.
992 2159 1157 2240 promissor
1173 2158 1289 2220 veniret
1313 2157 1340 2216 in
1357 2155 1453 2235 signi·

93 2247 226 2309 ficatoris
246 2248 387 2309 circulum
411 2248 587 2327 positionis,
613 2250 807 2312 Ptolemaeus
832 2269 889 2310 non
906 2249 993 2318 dicit,
1017 2249 1073 2310 hoc
1094 2247 1223 2309 obtineri
1237 2243 1376 2326 praecise
1400 2263 1454 2324 per

93 2338 183 2397 horas
211 2338 405 2415 temporales,
440 2339 494 2399 sed
519 2339 611 2400 utitur
635 2358 708 2399 voce
735 2340 1002 2418 „propemodum,“
1035 2346 1066 2398 et
1089 2337 1120 2399 in
1144 2335 1291 2416 exemplis
1316 2332 1452 2395 ostendit

91 2426 336 2504 discrepantiam.
372 2425 499 2495 ,Deinde
523 2427 712 2489 certitudinis
738 2439 769 2487 et
790 2427 957 2506 compendii
977 2446 1067 2488 causa
1093 2426 1218 2504 ablegat
1232 2442 1286 2485 nos
1301 2423 1341 2483 ad
1354 2420 1454 2501 ipsum

92 2515 212 2575 modurn
237 2514 486 2593 Regiomontani,
509 2515 635 2595 jubens,
662 2517 690 2577 in
715 2516 898 2577 ascendente
923 2515 1052 2594 dirigere
1077 2533 1131 2594 per
1154 2533 1216 2574 asc.
1242 2512 1396 2592 obliquas,
1422 2507 1451 2571 in

91 2604 135 2665 Μ.
162 2602 198 2667 C.
222 2622 275 2683 per
299 2612 409 2665 rectas.
457 2602 520 2665 Sed
552 2605 621 2684 quia
651 2624 704 2685 pro
733 2603 808 2666 locis
841 2605 1027 2667 intermediis
1055 2623 1112 2665 non
1142 2601 1305 2664 exstabant
1330 2598 1451 2660 tabulae

93 2693 306 2765 directionum,
343 2692 409 2753 ideo
431 2694 632 2755 ,commendat
660 2694 746 2756 nobis
771 2694 827 2755 hoc
851 2693 1073 2774 compendium,
1109 2699 1142 2752 ut
1172 2690 1336 2770 dirigamus
1360 2686 1452 2748 talern

91 2781 340 2860 significatorem,
375 2782 424 2860 qui
452 2782 631 2846 intermedio
658 2783 723 2845 loco
757 2783 861 2857 luerit,
896 2794 928 2844 et
955 2801 1008 2862 per
1037 2789 1136 2843 rectas
1169 2788 1202 2841 et
1230 2798 1284 2859 per
1312 2777 1450 2856 obliquas

91 2889 170 2943 asc,
196 2879 228 2930 et
252 2869 451 2932 differentiam
477 2871 631 2951 utriusque
655 2871 830 2933 directionis
853 2870 1120 2951 proportionaliter
1144 2868 1329 2949 applicemus
1357 2865 1450 2927 hora-

92 2958 154 3020 riae
183 2958 347 3020 distantiae
377 2959 590 3036 significatoria
623 2982 642 3020 a
665 2960 839 3023 meridiano.
886 2961 982 3040 Atqui
1012 2960 1051 3020 ad
1080 2959 1140 3019 ista
1172 2955 1284 3028 omnia,
1319 2963 1350 3016 et
1374 2971 1450 3033 qnae

90 3048 246 3128 praecepit
269 3047 463 3108 Ptolemaeus
502 3057 534 3110 et
567 3068 706 3128 quorsum
736 3049 846 3123 tendit,
880 3050 992 3111 rectius
1022 3047 1213 3128 pervenimus
1241 3063 1295 3124 per
1328 3041 1450 3105 tabulas

92 3136 290 3209 directionum
309 3135 554 3213 Regiomootani,
580 3139 628 3199 vel
653 3139 718 3217 ipso
738 3139 913 3200 Ptolemaeo
937 3146 1029 3200 teste.
1076 3135 1161 3197 Haec
1186 3132 1277 3214 igitur
1301 3134 1338 3194 de
1361 3130 1450 3193 modo
1495 3214 1500 3223 .

93 3224 243 3304 dirigendi
258 3219 491 3299 Ptolemaieo.')

181 3314 252 3375 Jam
285 3314 363 3393 qnod
396 3315 546 3393 negotium
581 3316 692 3377 attinet
728 3314 895 3391 erigendi
933 3314 1055 3374 domos
1093 3312 1303 3382 coelestes,
1343 3307 1451 3369 Ptole-

68 3419 196 3464 ‘maeus
225 3403 306 3463 nullo
336 3403 424 3481 plane
454 3422 490 3462 ue
520 3404 641 3466 minimo
671 3404 790 3482 quidem
813 3402 937 3464 verbulo
969 3402 1050 3463 illam
1081 3401 1130 3462 laic
1160 3399 1239 3460 inter
1271 3396 1451 3457 directiones

94 3491 229 3572 attingit.
278 3489 411 3570 Curaque
445 3511 510 3552 earn
536 3512 572 3553 ne
600 3493 719 3573 quidem
748 3492 818 3553 alibi
843 3491 993 3564 docuerit,
1029 3490 1085 3552 hoc
1108 3487 1304 3550 fortissimum
1328 3494 1377 3545 est
1400 3488 1472 3547 ar·'

93 3589 280 3659 gumentum‚
316 3580 382 3659 ejus
414 3601 525 3648 renova
557 3582 639 3642 nulla
668 3582 800 3658 indigere
834 3579 1039 3658 inquisitione,
1073 3597 1109 3638 ac
1136 3574 1260 3657 proinde
1280 3573 1352 3635 nibil
1384 3591 1451 3635 esse

94 3670 191 3745 aliud,
221 3669 278 3730 nisi
304 3669 548 3730 dodecatemoria
565 3670 685 3749 integra
708 3669 831 3731 zodiaci.
878 3667 930 3730 Sic
959 3668 1056 3728 sensit
1079 3664 1276 3727 Reinholdus.
1314 3659 1453 3732 Quodsi

94 3759 243 3821 rationem
276 3757 410 3843 erigendi
443 3759 546 3818 domos
576 3759 694 3820 omnino
724 3759 813 3819 aliam
838 3758 921 3837 sequi
950 3757 1091 3830 velimus,
1125 3753 1291 3815 derivatam
1316 3768 1352 3810 er
1376 3749 1452 3811 doc-

93 3848 175 3910 trina
198 3847 384 3909 Ptolemaios
408 3846 620 3920 directionum,
660 3848 779 3909 ridiculi
803 3866 923 3920 sumus,
958 3847 983 3906 si
1007 3864 1065 3906 non
1093 3843 1195 3923 potius
1219 3837 1454 3917 Regiomontani

93 3938 262 4016 perlectam
293 3936 440 3997 rationem
470 3935 634 4017 sequimur,
671 3956 758 4017 quam
782 3937 976 3997 Ptolemaeus
1005 3933 1070 4013 ipse
1093 3929 1330 3999 commendavit,
1364 3945 1454 4008 quam

94 4025 262 4089 Ptolemaei
286 4024 429 4086 vicariam
455 4024 671 4103 imperfectam,
697 4045 756 4105 qua
779 4024 951 4086 necessario
976 4030 1135 4095 contentus
1156 4019 1212 4081 fuit
1235 4026 1357 4099 propter
1371 4014 1452 4077 indi-

94 4117 228 4193 gentiam
263 4112 414 4186 melioris,
448 4122 479 4174 et
507 4133 595 4194 quam
627 4116 688 4193 ipse
718 4115 913 4175 Ptolemaeus
947 4114 1060 4173 fatetur
1090 4110 1307 4189 imperfectam.
1362 4104 1452 4167 Adde

95 4205 174 4285 quod
199 4203 333 4269 Cardani
356 4201 445 4278 ratio,
470 4223 560 4284 quarn
583 4202 770 4265 Reinholdus
794 4202 921 4265 ascribit
944 4199 1119 4263 Alchabitio
1144 4208 1175 4260 et
1197 4195 1307 4259 Joanni
1333 4194 1370 4256 de
1390 4192 1452 4256 Sa-

94 4295 199 4369 xonia,
234 4312 292 4354 non
320 4300 369 4354 est
391 4300 598 4354 consentanea
622 4293 826 4354 Ptolemaicae
851 4291 1027 4365 directioni,
1061 4288 1131 4370 quia
1155 4285 1312 4350 Cardenus
1346 4282 1453 4345 iisdem

96 4381 314 4464 temporalibus
339 4381 419 4440 horis
449 4379 528 4442 binis
552 4381 712 4460 distinguit
739 4381 899 4449 domicilia.
946 4380 992 4441 At
1013 4377 1181 4440 Ptolemaei
1206 4373 1330 4437 directio
1359 4379 1452 4434 natu-

93 4491 160 4534 ram
183 4480 314 4552 spectat,
338 4469 409 4530 aliis
434 4469 506 4531 locis
530 4471 647 4532 zodiaci
671 4471 748 4532 alias
772 4470 954 4549 temporales
978 4468 1080 4540 horas,
1105 4466 1209 4546 cuique
1225 4483 1307 4534 suas,
1331 4480 1452 4522 accom-

94 4563 237 4635 modans;
261 4561 339 4640 qnod
355 4558 490 4620 imitatur
505 4559 623 4639 quidem
639 4560 744 4621 tabula
758 4559 884 4638 Mamm,
902 4558 956 4619 sed
970 4559 1108 4636 ingressu
1124 4553 1304 4616 inartificiali
1319 4559 1352 4615 et
1364 4550 1453 4612 iden·

60 4667 62 4671 ·
94 4650 189 4713 tidem
208 4648 394 4729 corrigendo,
420 4647 479 4709 etsi
493 4647 585 4709 horae
599 4649 671 4711 illae
686 4667 743 4709 non
759 4656 830 4710 sunt
844 4649 933 4728 plane
950 4646 1053 4725 cuique
1073 4664 1146 4706 suae
1171 4643 1199 4706 in
1224 4660 1277 4704 sno
1292 4637 1453 4720 positionis

95 4739 216 4814 circulo,
234 4740 287 4803 sed
303 4746 418 4827 tautum
442 4737 471 4798 in
490 4739 639 4799 communi
654 4738 818 4800 horizonte.
855 4736 933 4798 Hinc
949 4736 991 4809 fit,
1017 4742 1050 4796 nt
1065 4731 1205 4796 (lardano
1219 4731 1291 4802 XII.
1309 4737 1340 4791 at
1354 4730 1378 4793 1.
1396 4727 1453 4789 do-

97 4848 165 4893 mus
192 4828 312 4893 ,oriente
347 4826 448 4890 cancri
481 4825 629 4909 principio
652 4824 1028 4909 fiant-inaequalissimae,
1062 4822 1133 4903 qnia
1155 4839 1247 4900 supra
1269 4818 1455 4883 horizontem
