3428 5542
666 352 753 396 contm
771 344 870 397 naun.
1384 342 1448 408 225

89 499 169 560 dere.
216 497 289 560 Stat
316 499 417 580 itaque
447 501 575 563 assertio
599 502 671 564 Ursi
699 502 784 564 firma
812 511 844 563 et
870 500 1030 565 immobilis
1063 511 1097 563 ut
1124 521 1228 565 currus
1258 503 1347 565 unica
1376 515 1445 566 rota

87 587 206 648 scilicet
232 587 387 650 subnixus.
433 589 514 651 Nam
541 591 566 650 si
599 598 716 670 partem
739 598 850 665 toturn,
883 589 909 651 si
933 590 990 651 duo
1014 590 1120 669 viginti
1149 611 1216 653 esse
1245 594 1443 669 persuaserit,

88 676 145 736 hoc
174 692 289 756 quoque
318 676 395 755 quod
429 678 625 740 contenderat
657 679 815 740 obtinebit.
861 679 998 757 Denique
1027 679 1106 740 siout
1133 688 1227 740 autea
1247 679 1445 759 Apollonium

88 764 197 844 negavi
226 763 412 843 professione
441 766 534 827 fuisse
562 774 780 840 astronomum,
820 786 911 846 quare
940 785 1035 845 neque
1063 785 1118 846 pro
1147 776 1269 829 anctore
1301 786 1446 829 novarum

53 909 59 914 .
89 852 302 934 hypothesium
324 850 493 915 habendum
517 856 676 916 contendi:
707 856 751 916 ita
774 855 821 917 hic
845 856 923 917 idam
948 857 1042 915 multo
1067 855 1185 934 quidem
1208 856 1372 917 efficaciori
1395 878 1446 918 ar*

89 948 232 1019 gumento
256 959 359 1020 urgeo.
406 942 485 1003 Nam
515 943 573 1004 etsi
592 944 746 1023 Apollonii
773 943 931 1022 problema
954 944 991 1003 de
1025 943 1099 1004 solis
1127 944 1310 1005 stationibus
1337 945 1444 1024 plar're·⁴

90 1039 191 1090 tarum
216 1029 286 1104 fuit,
317 1030 420 1090 horum
443 1049 514 1092 vero
539 1040 695 1093 auctorum
720 1032 921 1111 cogitationes
950 1031 1070 1092 intuta
1097 1032 1254 1094 machinae
1278 1034 1444 1094 mundanae

92 1117 188 1179 forma
212 1125 380 1196 vagantur:
410 1119 461 1179 ille
490 1128 592 1180 tamen
618 1139 690 1180 suae
721 1120 902 1188 inventionis
927 1122 1085 1198 (quantum
1116 1120 1172 1181 sibi
1197 1130 1350 1199 geometra
1373 1141 1443 1200 pro-

90 1209 248 1284 posuerat)
273 1215 377 1266 auctor
399 1207 512 1285 primus
537 1208 643 1269 merito
669 1208 850 1269 celebratur:
880 1208 911 1268 hi
936 1208 1051 1268 alienas
1076 1208 1112 1268 de
1136 1210 1246 1269 mundo
1270 1210 1444 1289 conceptio-

89 1314 144 1355 nes
169 1295 205 1354 de
228 1294 379 1355 industria
402 1296 616 1357 consarcinant
639 1295 733 1375 iisque
758 1317 814 1357 sua
838 1315 930 1374 opera
955 1305 1113 1368 exornant,
1138 1315 1193 1357 nec
1213 1297 1270 1358 sibi
1290 1307 1443 1377 arrogant,

89 1382 116 1443 si
139 1401 238 1460 pauca
260 1383 290 1444 iu
313 1383 411 1444 Plinio
436 1384 590 1463 excipias,
620 1404 696 1464 quae
721 1385 771 1446 ille
796 1405 815 1445 a
838 1385 979 1445 Vitruvio
1004 1392 1141 1445 mutuata
1164 1403 1222 1445 non
1246 1404 1357 1464 magna
1381 1388 1445 1466 ejus

88 1471 201 1549 injuria
223 1471 402 1545 dissimulat,
427 1490 492 1532 cum
517 1481 641 1552 uterque
665 1473 821 1534 erraverit.
869 1473 1048 1551 Apollonius
1068 1473 1188 1533 laudern
1203 1472 1316 1551 ingenii
1340 1483 1372 1536 et
1387 1476 1444 1537 ad·

88 1559 280 1620 mirationem
304 1560 434 1620 omniurn
458 1560 654 1622 subtilissima
678 1569 710 1622 et
733 1561 893 1622 verissima
909 1561 1114 1640 speculatione
1130 1562 1253 1622 memit:
1278 1562 1307 1622 hi
1324 1571 1446 1624 scatent

89 1647 241 1708 erroribus
265 1654 296 1708 et
319 1647 449 1727 gratiam
473 1649 591 1729 quidem
614 1649 728 1711 habent
755 1649 1003 1711 transmissarum
1033 1649 1073 1709 ad
1095 1666 1150 1709 nos
1174 1648 1223 1710 vel
1247 1656 1445 1713 conservata-

89 1755 156 1798 rum
179 1735 297 1797 illarum
319 1736 571 1816 speculationum:
602 1737 785 1817 peculiarem
804 1756 875 1798 vero
899 1736 1027 1816 gloriam
1051 1756 1106 1799 nec
1130 1736 1188 1799 sibi
1210 1756 1267 1799 nec
1289 1738 1445 1819 magistris

90 1823 153 1884 suis
177 1824 379 1885 redemerunt.
425 1825 507 1886 Male
532 1825 686 1887 nobiscum
710 1834 834 1905 agatur,
865 1826 890 1886 si
915 1827 1078 1887 etiamnum
1101 1826 1287 1888 astronomia
1309 1828 1338 1888 in
1358 1836 1447 1890 tenu

89 1913 302 1973 incertitudine
326 1919 472 1983 versetur,
496 1914 522 1974 si
546 1922 663 1976 tantum
688 1915 850 1975 etiamnum
874 1914 903 1975 in
927 1914 981 1976 illa
996 1913 1229 1989 desideraretur,
1255 1914 1280 1976 si
1305 1916 1444 1977 latitudi-

90 2020 175 2075 num,
209 2000 235 2061 si
265 2000 477 2079 evagatiouum
506 2002 636 2063 Veneris
671 2011 703 2063 et
731 2003 872 2063 Mercurii
905 2002 1037 2081 cognitio
1066 2022 1124 2063 non
1153 2002 1280 2064 certior:
1313 2004 1339 2064 si
1362 2003 1445 2066 Solis
1528 2001 1531 2007 ’

90 2088 246 2150 circuitum
269 2089 432 2150 etiamnum
455 2091 596 2153 inflexum
620 2099 652 2151 et
674 2099 843 2152 contortum
867 2097 1021 2172 putemus:
1047 2091 1072 2150 si
1088 2110 1197 2151 causas
1221 2109 1318 2152 rerum
1342 2101 1445 2155 astro·

90 2177 275 2238 nomicarum
299 2196 357 2238 non
381 2178 520 2238 meliores
543 2178 717 2258 habeamus,
742 2199 831 2258 quam
853 2179 890 2238 ab
906 2179 967 2240 illis
983 2178 1149 2239 didicimus.
1196 2180 1244 2239 Ac
1268 2179 1325 2240 nisi
1341 2180 1444 2261 Tycho

89 2265 148 2338 his,
174 2285 248 2344 quas
272 2266 329 2326 sibi
353 2265 459 2327 merito
482 2267 626 2339 vindicat,
652 2266 868 2348 hypothesibus
893 2267 1109 2327 astronomiam
1133 2267 1220 2327 nobis
1235 2269 1445 2345 perfectiorem

92 2353 263 2427 tradiderit,
289 2373 377 2433 quam
400 2354 444 2414 illi
469 2355 633 2433 reliquere:
666 2374 723 2416 non
748 2356 925 2434 deprecatur
953 2355 1088 2433 quamvis
1112 2363 1206 2416 totum
1230 2355 1280 2415 ille
1303 2358 1445 2420 mundum

92 2443 266 2520 complexus
289 2443 339 2514 sit,
365 2441 433 2522 quin
458 2444 671 2504 meditationes
696 2462 767 2504 suae
791 2443 870 2503 inter
892 2443 1032 2503 Pliniana
1055 2444 1198 2521 figmenta
1221 2443 1390 2506 referantur
1413 2455 1446 2508 et

93 2529 218 2611 indigna
240 2530 418 2603 habeantur,
444 2531 550 2610 quibus
574 2531 779 2612 hypotheseon
804 2532 1070 2592 astronomicarum
1095 2549 1202 2592 nomen
1226 2531 1384 2594 tribuatur.

182 2617 244 2680 Sed
268 2618 344 2679 alios
368 2619 488 2698 insuper
512 2620 649 2700 producit
672 2628 811 2681 auctores
835 2619 1046 2699 Tychonianae
1070 2619 1287 2700 hypotheseos;
1310 2639 1368 2680 non
1389 2640 1441 2682 so-

93 2708 139 2768 los
162 2707 207 2769 illi
230 2715 411 2785 geometras,
435 2709 585 2788 physicos,
611 2708 804 2779 architectos,
829 2707 973 2768 historiae
993 2708 1111 2768 navalis
1127 2708 1299 2787 scriptores,
1323 2716 1440 2787 pectas,

91 2795 316 2874 grammaticos,
342 2797 542 2856 astronomiae
566 2797 720 2875 imperitos
744 2796 864 2874 objicit:
890 2815 963 2874 quos
979 2804 1084 2856 contra
1104 2795 1346 2858 dissimilitudine
1370 2818 1442 2878 pro-

90 2884 233 2944 fessionis
262 2883 411 2962 excipiat:
442 2885 577 2964 sequitur
605 2894 638 2945 et
661 2893 916 2958 astronomus,
952 2894 1190 2945 astronomorum
1210 2884 1340 2946 omniurn
1371 2896 1443 2965 post

91 2973 300 3034 Ptolemaeum
324 2971 550 3047 celeberrimus,
578 2993 631 3034 nec
657 2972 784 3034 scientia
802 2980 938 3044 tautum,
971 2974 1024 3033 sed
1050 2980 1080 3033 et
1104 2981 1213 3033 eventu
1237 2974 1337 3035 clarus
1361 2977 1442 3037 edito

90 3061 377 3122 Revolutionum
405 3061 626 3122 coelestium
650 3080 755 3140 opere,
783 3062 860 3121 unde
889 3061 1011 3122 tabulae
1042 3061 1197 3122 derivatae
1222 3070 1305 3135 sunt,
1334 3065 1441 3142 quibus

90 3150 180 3211 hodie
205 3150 234 3209 in
259 3170 330 3211 usus
353 3149 587 3229 Ephemeridum
612 3150 742 3229 receptis
765 3149 896 3228 priorum
915 3150 1037 3211 tabulae
1053 3150 1228 3229 antiquatae
1244 3158 1322 3211 suut.
1361 3154 1439 3231 Age,

89 3239 178 3312 Ursa,
201 3238 297 3299 vimm
321 3245 352 3298 te
375 3245 514 3316 praesta:
543 3246 656 3300 rectam
681 3239 759 3299 enim
781 3238 860 3298 viam
885 3239 1011 3299 insistis.
1058 3239 1129 3313 Dic,
1155 3258 1225 3317 age,
1252 3238 1345 3300 fuitne
1371 3240 1440 3302 Co-

90 3327 268 3405 pernicns
297 3326 430 3407 Tychoni
466 3335 723 3406 praemonstrator
756 3345 827 3386 suae
862 3327 1083 3405 hypotheseos?
1129 3326 1190 3388 Sed
1223 3346 1289 3388 curn
1320 3329 1440 3403 dixeris,

89 3415 275 3490 memineris,
308 3425 408 3476 tecum
436 3416 507 3476 mihi
536 3435 598 3476 rem
626 3417 756 3476 futuram
784 3415 902 3494 tuisque
935 3434 1002 3476 curn
1026 3416 1142 3483 verbis,
1176 3434 1235 3476 non
1266 3435 1332 3476 curn
1361 3419 1439 3481 aliis.

89 3505 169 3565 Nam
193 3513 340 3582 utsupra
363 3521 478 3583 quoque
503 3504 603 3565 innui:
632 3512 703 3583 post
726 3504 866 3581 vulgatas
892 3501 1050 3582 Oopernici
1074 3504 1257 3585 hypotheses
1282 3524 1339 3566 nou
1363 3509 1440 3584 nego

88 3612 157 3653 esse
181 3599 213 3653 et
236 3592 328 3653 fuisse
351 3592 471 3666 multos,
497 3612 571 3671 quos
595 3592 673 3653 inter
696 3610 728 3651 se
752 3591 1031 3652 Rothomannus
1055 3593 1227 3671 profitetur:
1252 3594 1359 3670 quibus
1376 3592 1439 3654 Co·
1505 3650 1507 3657 Α

88 3681 270 3762 pernicanae
298 3680 501 3762 hypotheseos
531 3680 745 3758 contemplatio
769 3679 896 3758 digitum
925 3680 1056 3741 intendit
1079 3681 1116 3740 ad
1141 3679 1264 3739 eandem
1289 3699 1356 3740 cum
1376 3681 1439 3762 Ty-

88 3771 184 3831 chone
208 3770 290 3830 viam
313 3769 554 3849 ingrediendam:
580 3788 701 3848 quorum
725 3769 873 3829 neminem
897 3788 952 3829 sua
968 3769 1055 3828 laude
1070 3768 1244 3847 privandum
1260 3769 1439 3844 existimem,

88 3859 148 3919 etsi
172 3859 238 3938 quis
269 3858 298 3919 in
323 3857 380 3918 hoc
404 3858 545 3939 Tychone
573 3865 768 3936 praeceptore
797 3875 854 3917 non
880 3857 969 3918 fuerit
999 3876 1079 3917 usus.
1127 3854 1271 3925 Quamvis
1295 3857 1438 3938 Tychoni,

87 3966 155 4008 cum
183 3966 270 4008 suam
301 3955 459 4025 quaereret
480 3945 676 4026 hypothesin,
711 3965 768 4029 non
799 3946 889 4006 fuerit
918 3945 946 4006 in
976 3945 1074 4005 animo
1099 3943 1372 4022 Cepernicanamm
1401 3947 1438 4008 ad

86 4036 198 4097 Terrae
228 4034 466 4096 immobilitatem
493 4034 654 4106 traductio,
682 4033 726 4095 nti
750 4032 832 4107 aliis,
862 4035 916 4094 sed
944 4033 1053 4094 Martis
1083 4033 1113 4094 in
1142 4033 1328 4112 oppositione
1357 4033 1438 4097 Solis

88 4125 128 4185 ad
157 4125 282 4186 Terram
310 4123 577 4203 appropinquatio,
610 4122 810 4203 epicyclorum
842 4123 881 4183 ad
905 4121 1008 4183 Solem
1039 4121 1175 4200 alligatio
1206 4128 1238 4181 et
1265 4123 1293 4183 in
1322 4143 1438 4185 summa

88 4215 195 4274 eadem
219 4231 304 4297 pene,
330 4230 406 4290 quae
423 4210 588 4290 Cupernico
608 4203 690 4290 pilus
714 4212 832 4271 fuerant
854 4211 1018 4290 proposita.
1066 4211 1113 4271 Ac
1133 4228 1199 4270 cunr
1213 4209 1271 4288 ipsi
1295 4212 1374 4272 viam
1399 4214 1437 4273 ad

87 4322 175 4363 suam
202 4300 382 4383 hypothesin
416 4300 645 4378 intersepsisset
672 4299 785 4360 orbium
816 4301 891 4360 falso
916 4300 1037 4377 jactata
1066 4298 1217 4371 soliditas,
1252 4301 1438 4363 commodum

86 4391 275 4451 intervenere
299 4398 445 4464 cometae,
471 4389 519 4468 qui
544 4396 717 4448 transcursu
742 4407 794 4448 suo
819 4388 888 4448 illas
912 4388 1074 4448 solidorum
1090 4387 1202 4446 orbium
1223 4387 1347 4447 nebulas
1372 4388 1437 4448 dis-

86 4485 227 4540 cuterent
259 4485 290 4538 et
318 4477 531 4557 impedimenta
559 4475 771 4556 Tychoniauae
804 4476 1007 4556 hypotheseos
1040 4476 1191 4536 tollerent.
1238 4475 1326 4535 Adde
1359 4477 1436 4555 quod

84 4586 144 4629 non
178 4567 244 4628 sola
276 4566 305 4627 in
335 4560 514 4647 Tychonicis
544 4562 671 4626 mutatio
705 4572 736 4623 et
768 4565 963 4643 transpositio
994 4562 1265 4642 Cupernicanarum
1290 4572 1351 4635 est,
1383 4564 1438 4624 sed

83 4656 182 4717 multa
204 4674 283 4716 nova
304 4653 527 4735 peculiariaque
557 4673 593 4712 er
623 4652 807 4732 apparentiis
831 4653 905 4730 ipsis
934 4653 1077 4725 deducta,
1107 4651 1228 4730 quaesi
1253 4649 1437 4730 Cepernicus

85 4763 230 4824 usurpare
253 4743 336 4818 velit,
362 4762 447 4805 suam
470 4743 534 4822 ipse
559 4741 736 4823 hypothesin
762 4741 895 4820 corrigat
918 4749 949 4801 et
968 4742 1105 4802 immutet
1127 4758 1251 4800 necesse
1271 4749 1333 4814 est,
1360 4741 1436 4819 quod

84 4852 142 4914 ego
161 4832 296 4914 quidem,
321 4832 371 4913 qui
395 4830 593 4912 Cupernicum
617 4830 647 4891 in
672 4829 862 4909 capitalibus*
877 4848 993 4910 sequor,
1019 4829 1187 4890 faciendum
1206 4847 1324 4890 censeo.

1167 4929 1226 4981 18*

110 5014 126 5046 s
