3428 5542
271 327 314 395 68
503 307 506 313 ’
863 332 1025 384 moenum.

272 497 452 570 potenusam
477 489 541 551 sive
566 491 646 552 latus
671 491 774 552 decem
797 491 905 571 pedum
930 492 959 553 in
991 490 1158 572 particulas
1191 490 1329 552 minimas
1358 486 1462 563 dirisi,
1495 485 1641 569 pinnulas

268 577 357 640 alteri
379 577 508 639 laterum
534 579 615 640 circa
638 586 752 641 rectum
776 580 869 641 affixi.
917 581 1110 661 Triangulum
1143 579 1240 659 ipsum
1270 577 1352 640 nulla
1375 576 1513 641 trochlea
1537 574 1639 639 subi-

226 667 235 677 “
268 665 331 738 livi,
356 666 410 748 sed
434 666 527 728 libere
552 687 571 727 a
595 668 663 728 fune
687 669 818 747 pendere
841 669 980 748 permisi,
1015 669 1158 748 appensis
1187 668 1255 729 hinc
1284 666 1352 728 inde
1376 664 1575 746 pondusculis
1598 663 1639 727 ti-

267 754 354 817 bravi
378 754 538 834 tantisper,
563 755 632 817 dum
656 756 748 818 stella
770 758 911 835 pinnulae
936 758 1082 819 foramina
1102 756 1318 835 ingrederetur.
1364 755 1470 816 Habes
1500 770 1639 833 appare·

267 850 332 905 tum
356 844 536 904 universum.
585 845 691 923 ltaque
716 845 889 906 observatio
915 846 1056 908 instituta
1079 843 1111 906 2.
1136 843 1246 907 Octob.
1262 862 1349 915 ,anno
1377 838 1479 917 15973
1502 837 1560 906 26.
1584 838 1640 903 27.

268 928 323 993 28.
346 928 492 992 Decemb.
519 928 716 1012 ann015973
741 953 829 995 mane
854 942 885 994 et
909 935 1025 1014 vesperi
1050 931 1102 997 28.
1122 933 1227 995 Martii
1250 952 1327 994 anno
1346 929 1451 1007 15983
1471 928 1526 995 25.
1550 928 1640 1012 Sept

268 1039 346 1082 anuo
374 1016 468 1094 1598,
494 1021 586 1082 toties
610 1022 647 1082 de
671 1040 748 1082 noro
773 1022 916 1084 dimensis
940 1021 1078 1084 omnibus
1107 1021 1273 1095 lateribus;
1305 1029 1338 1083 et
1360 1019 1546 1101 deprehendi
1570 1018 1640 1100 qui·

268 1108 335 1170 dem
358 1109 562 1170 constantiam
587 1110 789 1173 instrumenti.
838 1108 916 1173 Cum
939 1130 1011 1193 ergo
1035 1119 1142 1192 quater
1165 1109 1389 1172 observaverim
1413 1108 1553 1171 omnibus
1576 1108 1641 1170 sci·

269 1197 342 1259 licet
365 1197 436 1257 anui
460 1199 713 1278 tempestatibus,
748 1200 787 1260 ad
811 1200 964 1280 negotium
988 1201 1086 1282 ipsum
1109 1200 1243 1275 idoneis,
1275 1207 1338 1260 tres
1368 1197 1493 1260 ultimae
1517 1196 1640 1279 quidem

270 1285 465 1347 consentiunt
487 1287 724 1360 observationes,
750 1288 846 1367 prima
870 1290 1072 1351 secessionem
1098 1289 1180 1351 facit.
1227 1287 1291 1349 Nec
1314 1286 1430 1361 mirum,
1455 1305 1523 1349 oum
1542 1285 1642 1366 prima

270 1382 302 1437 et
325 1372 414 1436 unica
440 1373 538 1450 luerit,
564 1396 618 1437 nec
643 1376 804 1437 admodum
829 1378 930 1457 quieto
955 1384 1040 1451 aere,
1066 1396 1132 1439 cum
1157 1378 1194 1438 ad
1218 1376 1404 1439 levissimam
1427 1376 1568 1437 aurulam
1590 1374 1640 1436 in·

268 1470 468 1525 strumentum
492 1482 588 1527 meum
613 1465 826 1544 impelleretur.
875 1465 1004 1528 Ceterae
1028 1476 1091 1527 tres
1114 1465 1291 1545 exquisitius
1315 1474 1440 1544 captae,
1465 1464 1641 1544 iteratoque

268 1552 391 1631 saepius
417 1553 608 1615 examinatae
632 1563 713 1615 sunt.
748 1552 982 1636 Comparatione
1006 1555 1089 1616 facta
1111 1555 1225 1634 primae
1249 1572 1391 1616 erroneae
1415 1572 1482 1614 cum
1505 1551 1642 1615 secunde

269 1640 469 1703 confirmabar
493 1641 522 1702 in
543 1661 610 1703 mea
634 1643 887 1718 ratiocinatione;
911 1645 1006 1724 deque
1030 1644 1087 1705 hac
1111 1643 1335 1723 comparatione
1354 1650 1466 1704 sonant
1482 1640 1641 1721 proximae

268 1747 353 1795 meae
377 1729 493 1791 literae.
543 1731 758 1793 Verumtamen
784 1732 888 1794 ultima
911 1733 1084 1795 observatio
1108 1731 1279 1811 Septembri
1303 1733 1408 1811 elapso
1436 1730 1563 1805 habita,
1588 1748 1640 1792 re·

268 1817 379 1881 tutavit
400 1818 526 1898 primam
551 1817 676 1881 Octobri
702 1821 866 1900 superioris
890 1821 960 1882 anni
984 1831 1119 1900 captam,
1156 1828 1187 1881 ot
1215 1819 1447 1882 confirmabatur
1476 1839 1497 1880 a
1519 1817 1640 1881 duabus

267 1906 400 1987 reliquis.
447 1906 495 1967 Er
519 1909 656 1969 omnibus
681 1910 776 1970 tribus
800 1911 984 1990 comparatis
1006 1928 1061 1989 pro
1086 1919 1169 1971 certo
1194 1909 1336 1989 colligere
1360 1908 1460 1989 potui,
1492 1896 1640 1969 differeu'·

269 1997 343 2058 tiam
367 1995 396 2056 in
421 1995 631 2058 altitudinibus
655 1998 769 2079 polaris
794 1999 923 2072 stellae,
956 1999 1065 2079 siqua
1089 2007 1155 2071 est,
1186 1997 1274 2059 inira·
1294 2006 1363 2060 octo
1391 1996 1537 2076 scrupula
1560 2014 1641 2058 esse.

270 2085 349 2148 Nam
374 2084 413 2145 ad
436 2084 567 2146 minores
591 2087 755 2165 particulas
780 2088 1010 2150 instrumentum
1034 2106 1132 2149 meum
1155 2106 1212 2148 uon
1233 2086 1399 2148 descendit.
1431 2085 1531 2164 Igitur
1545 2084 1641 2148 semi-

271 2173 419 2235 diameter
443 2171 539 2247 orbis,
565 2175 614 2255 qui
638 2175 763 2236 Terram
788 2178 885 2251 vehit,
910 2176 1007 2237 minus
1027 2196 1115 2256 quam
1141 2175 1383 2257 quingentesima
1411 2172 1566 2254 particula
1594 2182 1643 2235 est

272 2261 308 2324 de
333 2260 560 2324 semidiametro
591 2263 726 2324 fixarum.
780 2264 933 2337 Dimoreri
970 2275 1072 2326 tamen
1106 2284 1163 2325 non
1195 2282 1318 2344 possum
1346 2264 1385 2325 ab
1418 2282 1455 2325 ea
1488 2261 1640 2342 opinione,

269 2351 339 2432 quin
363 2350 499 2425 credam,
537 2352 659 2413 tandem
693 2353 722 2412 in
753 2353 853 2434 aliquo
881 2352 976 2433 primo
1003 2354 1050 2414 vel
1079 2352 1232 2414 luculenta
1260 2361 1348 2432 parte
1372 2350 1460 2433 primi
1485 2361 1640 2432 repertum

269 2439 305 2502 iri
329 2439 539 2502 differentiam.
587 2438 675 2511 Quod
699 2442 724 2503 si
749 2442 804 2504 hoc
829 2461 886 2503 uon
911 2443 981 2515 fiat,
1010 2450 1042 2503 et
1072 2443 1098 2502 si
1122 2442 1193 2503 mibi
1213 2442 1393 2503 credendum
1416 2440 1472 2515 sit,
1497 2440 1639 2502 omuibus

267 2529 364 2591 modis
389 2528 640 2592 inaestimabilem
664 2549 731 2591 esee
756 2531 947 2593 altitudinem
971 2532 1095 2592 lixarum
1119 2532 1156 2591 nd
1173 2529 1255 2591 Solis
1279 2530 1484 2599 altitudinem,
1500 2528 1560 2590 boc
1579 2544 1639 2589 uuo

268 2627 445 2699 argumento
473 2619 541 2696 plus
573 2620 708 2680 offendar
740 2619 768 2680 in
794 2619 968 2680 defensione
1001 2617 1174 2697 Copernici,
1215 2637 1302 2699 quam
1334 2619 1416 2680 mille
1445 2617 1640 2679 saeculorum

268 2726 428 2773 consensu.
475 2704 621 2776 Quamvis
650 2707 739 2769 unica
768 2708 928 2788 religiosae
956 2708 1065 2769 mentis
1098 2708 1249 2769 attonitae
1280 2714 1313 2767 et
1343 2706 1495 2787 stupentis
1531 2705 1638 2768 excle-

267 2796 400 2858 matione
425 2792 610 2875 Copernicus
635 2796 722 2874 hujus
746 2797 916 2858 offendiculi
946 2797 1072 2857 nebulas
1100 2796 1277 2875 dispulerit:
1303 2795 1425 2856 Tanta
1449 2794 1637 2868 nimirum,

268 2884 414 2964 iuquiens,
440 2893 500 2945 est
524 2886 611 2946 haec
636 2884 701 2945 Dei
725 2883 808 2964 Opt.
834 2886 928 2947 Mar.
954 2885 1118 2946 Fabrica.
1165 2885 1210 2945 At
1233 2883 1332 2945 hercle
1356 2891 1476 2945 recreat
1506 2900 1640 2945 menon

269 2972 387 3043 leviter,
415 2971 484 3032 dum
507 2973 669 3052 perpendo,
695 2992 753 3033 non
777 2983 839 3034 tam
863 2974 971 3035 debere
997 2993 1050 3034 nos
1075 2973 1174 3034 mirari
1198 2974 1351 3052 ingentem
1375 2981 1407 3034 et
1430 2972 1569 3034 infinitae
1594 2971 1640 3034 si·

269 3061 370 3124 milem
398 3059 496 3121 ultimi
524 3060 601 3122 coeli
636 3060 880 3139 amplitudinem,
919 3081 1007 3141 quam
1040 3081 1055 3121 e
1089 3072 1194 3122 contra
1227 3071 1362 3125 nostrum
1394 3061 1640 3136 homuncionum,

271 3159 454 3228 nostraeque
478 3149 564 3228 hujus
589 3149 771 3211 erilissimae
795 3151 943 3229 glebulae,
961 3152 1095 3229 adeoque
1111 3150 1264 3212 mobilium
1279 3151 1408 3212 omnium
1427 3149 1640 3230 exiguitatem·

270 3239 386 3316 Nempe
409 3237 475 3298 Deo
498 3238 625 3299 muudus
649 3257 707 3300 nou
732 3248 781 3300 est
803 3249 922 3313 vastus,
952 3249 986 3300 at
1009 3258 1062 3300 nos
1088 3239 1214 3312 mundo,
1248 3258 1296 3300 me
1320 3238 1463 3313 Christe,
1493 3256 1641 3320 perquam

270 3326 371 3407 exigui
399 3344 513 3388 sumus.
560 3324 641 3396 Quid
674 3327 752 3389 enim
781 3328 808 3389 ei
842 3336 946 3407 potest
975 3327 1068 3389 videri
1106 3346 1269 3406 magnum,
1304 3328 1353 3409 qui
1392 3337 1451 3388 etc.
1487 3336 1522 3389 ut
1547 3327 1641 3389 etiam

272 3414 427 3479 Ciceronis
451 3415 616 3476 autoritate
640 3424 717 3479 utar.
765 3418 869 3497 Neque
894 3437 932 3478 ex
955 3418 1032 3478 mole
1056 3415 1200 3493 judicium
1229 3424 1278 3478 est
1310 3417 1348 3477 de
1378 3416 1574 3497 praestantia
1597 3416 1641 3478 la·

271 3505 419 3568 ciendum.
466 3503 550 3566 Deus
574 3504 666 3579 enim,
693 3505 742 3587 qui
764 3505 794 3567 in
819 3507 890 3567 altis
916 3505 1048 3578 habitat,
1080 3504 1203 3565 humilia
1230 3513 1331 3566 tamen
1360 3504 1495 3584 respicit.
1543 3502 1641 3566 Etsi

271 3594 394 3656 mobilia
429 3593 497 3656 ideo
531 3593 677 3655 vilissima
713 3613 784 3673 pars
818 3595 919 3657 mundi
948 3601 1064 3666 essent,
1099 3593 1168 3672 quia
1203 3602 1299 3654 totum
1327 3603 1464 3673 systema
1498 3602 1667 3673 respectu·

272 3685 397 3747 marum
429 3701 523 3763 propo
557 3683 731 3744 evanescit:
765 3692 848 3744 esset
884 3684 988 3744 eodem
1026 3690 1202 3760 argumento
1240 3683 1328 3743 homo
1365 3684 1444 3744 iuter
1479 3690 1642 3763 postrema

272 3773 372 3835 mundi
397 3774 632 3851 rejectameuta,
670 3772 719 3851 qui
757 3774 925 3851 comparari
959 3790 1025 3832 cum
1054 3771 1161 3843 Terra,
1192 3771 1286 3831 Terra
1316 3770 1383 3850 ipsa
1411 3789 1479 3833 cum
1513 3769 1641 3835 Saturni

272 3863 356 3924 coelo
391 3861 511 3922 minime
540 3869 662 3940 potest:
697 3869 780 3921 esset
812 3860 941 3940 quinimo
975 3858 1141 3921 crocodilus
1176 3867 1229 3919 aut
1259 3860 1383 3939 elephas
1416 3860 1482 3920 Deo
1516 3858 1641 3941 majori,

273 3968 362 4028 quam
387 3953 489 4023 lromo,
524 3968 630 4019 curae,
661 3958 820 4028 propterea
850 3950 920 4029 quia
947 3948 1025 4009 mole
1050 3948 1196 4009 hominem
1221 3959 1373 4027 superant
1420 3949 1514 4010 llisce
1538 3961 1573 4012 et
1595 3948 1642 4011 ei·

275 4039 395 4100 milibus
420 4039 569 4100 rationum
594 4039 746 4112 fomentis,
772 4039 873 4099 nescio
898 4046 931 4097 ut
954 4038 1059 4115 ingens
1085 4036 1130 4097 hic
1156 4037 1240 4097 bolus
1265 4037 1408 4119 concoqui
1431 4038 1543 4116 possit.

362 4130 454 4189 l'orro
479 4128 682 4190 instrumenta
706 4146 832 4206 magna,
866 4135 989 4198 exacta,
1024 4137 1055 4186 et
1084 4125 1336 4186 rectiticatissima
1364 4137 1471 4207 optare
1505 4144 1643 4208 possum,

272 4215 418 4288 indicare,
449 4237 505 4297 quo
535 4218 616 4289 loco,
650 4236 709 4296 qua
737 4212 863 4295 pecunia
897 4224 1125 4292 comparentur,
1159 4234 1216 4274 non
1244 4233 1376 4293 possum.
1433 4216 1522 4279 Dono
1558 4215 1645 4280 dedit

272 4304 435 4367 Moestlino
460 4306 561 4387 'l'ycho
586 4306 686 4366 Brnlre
711 4323 836 4366 aeneum
861 4303 1025 4383 quoddam,
1051 4304 1241 4364 utilissimum
1266 4304 1400 4384 quidem,
1425 4305 1451 4365 si
1475 4305 1645 4370 Moestliuo

273 4394 336 4470 ejus
361 4395 528 4455 advehendi
554 4414 590 4454 ex
615 4395 697 4455 ssalti
723 4395 788 4463 (co)
813 4400 937 4463 sumtus,
964 4402 1017 4452 aut
1041 4392 1209 4470 incorrupte
1234 4403 1421 4470 portantum
1447 4394 1644 4457 intervallum

273 4483 447 4544 traducendi
472 4502 542 4562 spes
567 4494 660 4544 esset.
709 4480 807 4543 Credo
832 4500 885 4558 per
908 4480 1116 4542 Moerenatem
1140 4490 1172 4541 et
1194 4480 1380 4544 Praxitelem
1400 4483 1553 4562 Keplerus
1574 4484 1645 4559 (aut

274 4572 339 4648 ejus
365 4573 429 4632 loco
455 4573 539 4633 multi
566 4573 631 4645 alii)
658 4592 714 4632 uun
741 4570 934 4648 inelegantis,
960 4588 1014 4629 uec
1039 4569 1156 4630 inutilia
1179 4579 1320 4631 strueret.
1368 4568 1517 4641 Quamvis
1542 4574 1570 4636 si
1593 4591 1645 4635 et·

274 4661 385 4722 tiliceru
408 4661 479 4721 milri
504 4669 618 4740 optem,
659 4680 716 4720 non
747 4659 927 4720 arcularium
955 4658 1063 4728 velim,
1096 4658 1151 4718 sed
1179 4659 1340 4720 murarium
1370 4669 1402 4722 et
1430 4661 1644 4724 architectum.

274 4749 360 4810 Turri
386 4751 462 4810 euim
487 4759 518 4809 et
542 4749 763 4828 amphitheatro
788 4746 955 4808 rectissime
980 4747 1046 4824 quis
1070 4755 1180 4818 utatur,
1207 4747 1261 4807 hoc
1285 4758 1347 4824 est,
1372 4750 1591 4830 perpendiculo
1615 4761 1647 4810 et

278 4856 366 4921 aqua.
414 4836 495 4899 Sane
518 4856 572 4921 pro
597 4837 679 4899 Solis
703 4835 914 4898 observatione
938 4852 993 4896 nec
1016 4835 1115 4919 optari
1139 4835 1259 4918 quidem
1282 4839 1384 4920 aptius
1407 4839 1569 4923 quicquam
1586 4856 1646 4922 po·
