3428 5542
694 334 855 386 murum.
1387 336 1452 404 tao

97 490 133 550 de
157 490 258 551 mundi
283 491 509 574 hypothesibus,
534 512 611 572 quae
636 513 689 554 nos
713 514 805 574 supra
829 498 873 575 (p.
899 493 979 569 228)
1004 496 1199 572 exhibuimus,
1236 497 1300 558 adit
1324 507 1448 560 senteu-

97 578 170 639 tiam
204 578 326 658 Kepleri
367 580 403 641 de
437 582 536 660 spatio
570 581 647 643 inter
671 582 833 645 Saturnum
872 597 903 646 et
936 589 1010 646 lixtis
1044 587 1189 647 immenso
1223 583 1339 658 (Stella
1372 606 1451 648 nova

96 686 163 745 cap.
188 667 292 741 XVI.)
318 679 349 729 et
372 671 521 747 permulta
545 671 617 744 alia,
651 692 727 751 quae
751 672 899 752 Keplerus
929 675 957 735 iu
984 674 1057 735 libro
1082 693 1135 735 suo
1160 681 1213 735 aut
1237 673 1327 735 verbo
1352 677 1450 754 tangit
1544 722 1545 726 ,

97 766 149 816 ant
171 757 305 834 pluribus
330 757 459 836 inquirit,
485 778 619 838 quaeque
644 760 671 820 in
699 761 947 840 „Responsione“
973 782 1027 824 sna
1047 763 1125 841 jocis
1151 763 1196 824 vel
1222 763 1300 822 serio
1326 764 1448 825 refutat.

96 844 173 904 Hinc
203 847 313 907 transit
336 845 498 907 Roesiinns
529 848 566 907 ad
596 849 779 928 astrologica
807 851 1047 930 sententiamque
1077 870 1161 912 suam
1195 851 1231 910 de
1265 862 1448 914 cometarum

96 933 362 1010 significationibus
387 936 532 1014 exemplis
548 956 585 995 ex
605 937 729 998 historia
744 939 890 1000 desumtis
905 940 1064 1000 defendere
1081 950 1215 1011 conatur,
1240 959 1343 1019 eaque,
1370 960 1446 1020 quae

96 1022 244 1099 lieplerus
279 1024 343 1083 loco
373 1023 467 1084 citato
498 1026 579 1104 (cap.
606 1026 724 1099 XXX.)
756 1037 861 1088 contra
890 1028 965 1089 bane
996 1028 1178 1090 sententiam
1216 1029 1319 1097 affert,
1358 1048 1448 1108 aegre

97 1114 195 1170 hrens
231 1112 309 1171 illius
337 1112 425 1189 joca,
466 1114 624 1173 refutanda
658 1116 831 1192 aggreditur
869 1116 897 1176 in
931 1118 1030 1195 capite
1064 1117 1121 1190 V.,
1160 1117 1237 1195 quod
1271 1117 1446 1196 inscripsit:

96 1200 286 1280 Refutation
315 1200 377 1260 trid
408 1200 627 1283 Widerlequnq
654 1204 779 1276 descen,
812 1225 846 1265 ao
878 1205 968 1266 Hm
990 1206 1120 1267 Johaun
1138 1203 1321 1286 Kepplerua
1342 1206 1446 1289 Koya.

97 1288 221 1370 rhujest.
243 1288 488 1350 Mathematicus
510 1291 609 1352 wider
627 1293 708 1352 mein
725 1292 893 1355 Schreihen
915 1315 973 1355 von
996 1294 1057 1354 deu
1073 1293 1217 1357 Cometen
1234 1315 1290 1356 cor
1304 1289 1350 1354 10
1364 1294 1448 1356 Jah-

94 1398 151 1438 ren
178 1398 372 1458 uuaprrngm,
406 1379 582 1459 eirrqest'thrt
615 1381 650 1441 in
680 1383 797 1442 acinam
821 1380 990 1443 Schree‘hen
1019 1403 1087 1444 vom
1118 1403 1223 1444 nowen
1256 1382 1351 1444 saera
1378 1383 1450 1444 desa

95 1460 197 1526 1604.
223 1466 325 1527 Jahrs
383 1467 519 1540 Librum,
554 1488 641 1546 quem
669 1469 742 1529 dicit
766 1470 927 1547 Roeslinus
957 1479 1026 1531 ante
1062 1469 1099 1531 to
1128 1488 1222 1531 annos
1252 1472 1339 1549 (ergo
1369 1489 1447 1532 anno

100 1550 198 1627 1599)
228 1554 338 1633 publici
364 1556 441 1633 juris
473 1558 596 1631 iactum,
631 1557 743 1618 nullum
771 1559 1033 1636 deprehendimus,
1067 1578 1162 1639 eaque
1193 1577 1268 1638 quae
1300 1558 1448 1637 Keplerus

96 1643 310 1720 objurgaverat
339 1643 483 1705 Roeslino
517 1646 669 1724 pertinent
703 1646 741 1706 ad
774 1647 852 1707 illius
885 1647 990 1707 librum
1025 1667 1102 1706 anno
1138 1644 1219 1709 1597
1250 1648 1447 1725 (Argentor.)

94 1732 128 1815 in
156 1731 305 1808 publicum
330 1733 486 1806 emissum,
521 1753 607 1812 quem
637 1735 804 1813 inscripsit:
852 1735 1060 1817 Tractctus
1088 1734 1448 1816 Meteorcalrologr‘-

90 1820 290 1901 physicus,
323 1821 383 1882 dos
406 1823 464 1893 ist,
490 1843 566 1883 ause
588 1823 751 1904 riohtiqem
775 1824 869 1902 Lauf
887 1825 945 1885 der
970 1825 1123 1895 Ourneten,
1147 1822 1448 1886 Zuaammenleuch-

93 1916 168 1989 tang
191 1909 249 1970 der
273 1907 438 1980 Plcueten,
463 1909 591 1972 etlicher
615 1911 741 1973 Hermen
773 1913 981 1986 Nabataea,
1015 1911 1193 1977 notheliche
1221 1912 1450 1994 Vermotnnyen

93 1997 156 2059 ond
179 1998 229 2058 co‘n
255 1998 457 2081 Weioscpunp
485 2021 542 2060 uon
565 2001 829 2082 Verr'inderuagen
852 2002 909 2076 der
932 2002 1134 2082 Regimeuten
1161 2003 1193 2063 iu
1216 2001 1449 2083 Kdne'greioheu

95 2087 157 2147 ond
178 2086 462 2149 Fttrateathumbea
490 2089 547 2149 der
563 2084 650 2150 'Welt
671 2090 734 2150 cod
755 2090 877 2152 andern
899 2090 1062 2171 wicltliqen
1079 2091 1136 2164 dc.
1158 2088 1296 2163 Sachen,
1328 2109 1363 2151 ao
1381 2089 1449 2152 sich

97 2221 151 2237 ...
174 2196 232 2236 vora
246 2175 324 2259 jetat
346 2197 389 2237 cn
412 2177 475 2238 hiso
499 2172 592 2238 to'Ol
614 2179 743 2257 hegebeo
765 2179 901 2250 werdere,
928 2179 998 2238 item
1014 2179 1053 2238 ad
1068 2178 1140 2238 illud
1165 2177 1242 2256 quod
1258 2197 1349 2256 supra
1364 2178 1444 2238 dixi-

97 2284 162 2324 mus
185 2262 437 2341 „Jndz'eiamh
486 2267 551 2326 Hoc
577 2265 766 2338 ,Judicium“
797 2266 931 2327 defendit
958 2265 1119 2327 Roesiinns
1143 2285 1209 2345 cap.
1236 2266 1308 2327 VI.:
1342 2266 1448 2347 Resu-

95 2354 173 2415 totio
197 2352 259 2414 und
290 2352 509 2435 Widerlegunq
532 2355 656 2423 dassen,
687 2375 721 2415 ao
745 2355 834 2416 Herr
851 2354 1031 2436 Kepplerrts
1053 2354 1152 2415 addet·
1173 2355 1256 2415 mnu
1279 2353 1450 2415 Schret'beu
1524 2352 1526 2354 ’

96 2462 163 2503 aiom
199 2462 304 2502 neweu
341 2440 436 2504 Stern
476 2444 531 2504 des
568 2438 669 2504 1604.
704 2443 805 2505 Johra
841 2464 1051 2524 coaequemini,
1091 2443 1277 2523 eingest'lhrt.
1332 2442 1448 2502 Deinde

99 2531 198 2608 capite
224 2531 311 2591 ills
337 2532 414 2592 Dae
437 2532 490 2593 die
513 2530 696 2613 Astrolopic
719 2532 770 2593 ein
792 2533 895 2594 rechte
917 2529 1094 2592 nattlrliche
1116 2531 1177 2592 and
1201 2531 1309 2592 doces
1339 2530 1449 2593 Werck

92 2619 258 2700 preieertde
280 2620 386 2682 Kunst
415 2641 483 2702 oey,
516 2622 615 2682 acideo·
643 2620 736 2681 Jocn
763 2620 880 2682 Picum
903 2617 1183 2691 Mirandulnrmin,
1216 2620 1280 2681 ond
1308 2619 1370 2679 dos
1396 2619 1449 2679 die
1533 2652 1539 2672 ι

96 2706 320 2789 Auostheilunp
354 2709 410 2769 des
442 2709 600 2771 Himmele
632 2710 667 2770 in
697 2711 782 2770 aeine
811 2709 934 2789 prodas
965 2709 1028 2770 cad
1055 2706 1099 2767 12
1121 2707 1258 2770 Zeichen
1289 2704 1450 2769 natdrlioh

99 2797 161 2859 sind
183 2818 241 2859 von
267 2796 343 2859 Goc
365 2796 434 2859 also
455 2798 605 2879 geordnet
626 2818 690 2879 sep,
713 2797 813 2859 tuideo·
835 2797 888 2859 J0.
913 2795 1115 2879 Kepplemm.

186 2884 271 2954 Quae
297 2886 334 2945 ad
359 2886 434 2947 haec
458 2886 613 2965 respondit
628 2886 775 2964 Keplerus
800 2893 960 2965 sequentes
985 2885 1127 2946 exhibent
1150 2883 1293 2961 pagiuae;
1318 2883 1448 2945 eRoes·

96 2975 152 3038 lini,
171 2975 271 3035 libello
296 2994 349 3034 uos
373 2994 410 3034 ea
434 2984 548 3036 tautum
572 2974 755 3045 addidimus,
789 2994 863 3054 quae
888 2975 1036 3053 Keplerus
1056 2973 1084 3034 in
1109 2971 1302 3050 responsione
1332 2991 1386 3032 sua
1412 2983 1454 3032 en*
1514 3007 1519 3015 ·

97 3063 147 3124 illo
181 3063 322 3124 addenda
354 3064 455 3124 omisit
483 3074 536 3125 ant
568 3066 657 3125 verbo
686 3072 801 3125 tautum
833 3064 992 3142 significat.
1039 3062 1201 3123 Roesiinns
1231 3060 1350 3140 quidem
1391 3062 1448 3122 ob·

96 3152 218 3220 muenia,
252 3161 296 3224 et,
332 3151 437 3212 melius
466 3171 498 3213 se
527 3161 680 3214 versatum
709 3153 884 3213 existimans
913 3153 941 3213 in
964 3149 1204 3230 chronologicis,
1236 3149 1353 3210 biennio
1379 3158 1450 3227 post

34 3234 35 3237 '
95 3241 300 3320 quaestionem
335 3249 452 3302 tanturn
485 3260 606 3302 movens
647 3243 682 3301 de
717 3241 927 3302 observatione
964 3242 1146 3301 Batavorum
1183 3238 1213 3299 iu
1243 3239 1448 3316 septentrione

95 3330 179 3403 (vide
212 3349 301 3411 snpra
336 3338 368 3390 et
400 3328 539 3408 Opticam
568 3330 720 3408 Kepleri)‚
761 3329 790 3389 iu
824 3330 882 3390 alio
913 3329 1000 3402 libro,
1039 3348 1125 3407 quem
1160 3326 1333 3404 inscripsit:
1371 3327 1446 3387 Pro-

96 3420 216 3479 dromus
241 3419 488 3479 dissertationum
503 3417 814 3496 cosmographicorum
840 3420 910 3488 bc,
934 3417 1072 3478 Francos.
1100 3411 1190 3477 1612.
1237 3414 1360 3493 Kepleri
1375 3434 1447 3474 sen-

95 3507 221 3568 tentiam
246 3507 282 3567 de
307 3527 385 3567 auno
406 3505 519 3569 Christi
545 3506 683 3567 natalitio
708 3525 871 3584 aggressus
895 3514 952 3567 est.
1001 3503 1085 3574 Quae
1111 3504 1138 3564 in
1164 3503 1218 3563 hoc
1243 3504 1354 3581 scripto
1373 3520 1447 3580 pro-

98 3596 203 3656 tulerit
239 3595 415 3663 Roesiinns,
458 3616 496 3656 ea
529 3597 666 3674 leguntur
699 3595 777 3656 inter
810 3594 925 3672 scripta
957 3592 1079 3672 Kepleri
1112 3590 1338 3669 chronologica;
1372 3591 1446 3651 haec

96 3692 215 3746 tantum
239 3702 337 3762 pauca
365 3704 402 3745 ex
426 3685 476 3745 illo
502 3684 685 3745 desumenda
713 3683 896 3749 censuimus,
931 3701 946 3742 e
971 3681 1077 3761 quibus
1102 3686 1241 3758 apparet,
1275 3698 1332 3739 non
1357 3697 1447 3755 aegre

94 3773 201 3834 tulisse
226 3772 401 3833 Roesiinum
429 3773 552 3851 Kepleri
587 3771 882 3850 ,Responsione1n“:
912 3771 988 3830 Deru
1019 3769 1164 3847 Keplero,
1186 3767 1324 3856 ‘meinem
1356 3777 1447 3844 guten

95 3862 231 3923 h‘reundt
258 3861 316 3921 vnd
340 3861 534 3923 Laudsmaun
565 3862 615 3940 gib
644 3861 690 3922 ich
724 3868 810 3921 sonst
837 3860 866 3919 iu
896 3859 973 3919 allen
1003 3855 1276 3917 Mathematischen
1307 3856 1447 3917 Klinsten

95 3969 149 4010 vor
172 3951 251 4010 allen
273 3949 437 4011 Gelehrten
472 3951 499 4011 in
524 3950 576 4010 der·
600 3951 685 4010 Welt
708 3951 839 4028 palmam
868 3949 926 4008 rud
950 3949 1006 4008 deu
1031 3947 1156 4026 Preyss,
1195 3943 1253 4003 vnd
1286 3962 1329 4003 no
1354 3963 1386 4004 er
1418 3944 1447 4004 in

96 4037 233 4120 Physicis
260 4038 319 4098 vnd
350 4040 425 4100 auch
454 4039 481 4100 in
508 4037 735 4116 chronologicis
764 4036 960 4114 zugetroffeu,
991 4035 1026 4112 ja
1054 4041 1150 4094 etwau
1179 4032 1447 4111 wahrgeuommen,

95 4129 168 4189 dass
205 4127 252 4188 ich
280 4128 446 4189 vbersehen
485 4129 537 4188 het
568 4129 634 4200 hc,
669 4127 724 4186 das
755 4126 861 4185 nimme
891 4125 937 4185 ich
969 4124 1045 4183 alles
1074 4123 1127 4183 mit
1155 4121 1312 4182 sonderem
1341 4120 1447 4181 Danck

96 4235 153 4277 von
173 4215 237 4294 jhm
262 4236 310 4276 an.
356 4217 482 4289 Deinde,
508 4235 654 4296 quaerens
678 4215 714 4274 de
738 4215 926 4293 planetarum
951 4211 1081 4281 orbibus,
1106 4210 1208 4271 addit:
1234 4209 1302 4270 Kan
1327 4228 1359 4270 er
1382 4208 1447 4270 sol·

95 4306 167 4366 ches
197 4306 254 4365 olm
279 4305 436 4383 gelaehter
460 4305 541 4366 nicht
566 4305 719 4365 berichten
745 4306 793 4374 (er
816 4322 898 4363 nruss
923 4301 999 4361 doch
1024 4300 1087 4361 sein
1104 4298 1205 4359 Weiss
1227 4299 1266 4359 im
1282 4296 1448 4360 Schreibeu

95 4395 154 4456 rnd
167 4394 318 4455 Vexieren
342 4395 447 4456 immer
471 4393 598 4468 haben),
624 4393 680 4471 ligt
703 4392 786 4453 nicht
805 4411 853 4463 an,
877 4391 925 4452 ioh
940 4390 998 4451 han
1013 4388 1060 4450 ein
1075 4387 1153 4468 Spot
1168 4387 1222 4449 wol
1238 4393 1388 4466 ertragen.
