3428 5542
180 288 247 357 ttt
735 295 857 360 ΛΜΞ·
874 294 998 357 ryesnir

181 450 320 531 superior
341 451 472 512 circulus
488 451 618 512 Veneris
640 451 793 524 includat,
820 462 918 531 atque
940 453 985 512 ita
1011 453 1061 526 tit,
1086 461 1119 514 nt
1142 454 1199 516 hae
1224 457 1303 519 dnae
1328 456 1454 530 stellae,
1477 473 1545 519 oum

181 556 237 620 per
259 540 433 619 superiores
456 539 635 601 circulomm
658 558 779 600 snorum
803 541 932 601 vertices
947 550 1078 614 currunt,
1105 543 1313 623 intelligantur
1331 563 1422 626 supra
1441 541 1544 605 Solem

182 629 320 701 locatae;
351 646 420 689 cum
447 645 520 689 vero
552 645 608 706 per
638 627 783 691 interiora
813 638 984 689 commeant
1016 630 1210 704 circulorum,
1237 631 1300 701 ⁴Sol
1331 633 1376 693 eis
1407 631 1545 712 superior

181 716 394 779 aestimetnff‘.
441 714 656 794 Subintellige,
678 735 746 777 cnm
764 725 866 777 tamen
882 717 960 777 idem
975 717 1091 778 coelum
1106 719 1305 794 circumeant,
1329 720 1374 782 uti
1388 737 1481 798 supra
1493 719 1543 780 di·

181 805 282 866 cebat.
329 802 476 884 Explicat
498 814 601 866 autem
628 804 682 865 illa
703 804 798 865 verba
820 805 972 865 Platonis:
1003 807 1260 885 comprehendunt
1287 827 1356 871 sese
1383 815 1488 870 mutuo
1511 815 1544 868 et

181 893 485 972 comprehenduntur,
508 894 597 972 inque
620 893 730 972 plagas
748 892 885 966 easdem,
910 911 954 953 sc.
978 904 1059 965 ante,
1083 913 1170 974 pone,
1194 915 1295 974 supra,
1317 896 1407 958 infra.
1454 894 1542 970 „ntis

181 1000 270 1060 ergo,
294 980 344 1060 qui
368 981 517 1061 sphaeras
539 1000 644 1043 earum
667 981 722 1042 snb
746 979 818 1044 Sole
841 981 995 1052 dixerunt,
1026 982 1081 1042 hoc
1106 983 1201 1044 visum
1226 993 1331 1046 estex
1353 984 1407 1046 illo
1430 983 1542 1045 stella·

184 1089 249 1132 rum
273 1088 374 1144 cursu,
399 1070 448 1149 qni
472 1087 686 1148 nonnunquam
708 1077 743 1129 nt
765 1068 893 1129 diximus
915 1068 1036 1130 videtur
1060 1071 1197 1131 inferior:
1228 1072 1276 1152 qui
1300 1081 1333 1135 et
1354 1089 1427 1133 vere
1449 1079 1542 1133 nota-

180 1157 270 1219 bilior
299 1166 361 1231 est,
397 1159 468 1237 quia
490 1167 563 1219 tnnc
586 1158 709 1219 liberius
733 1165 870 1236 apparet.
916 1156 995 1218 Nam
1024 1178 1090 1219 cum
1119 1161 1273 1238 superiora
1298 1168 1419 1235 tenent,
1447 1159 1543 1222 radiis

183 1246 282 1325 magis
306 1247 492 1308 occuluntur.
538 1246 582 1307 Et
603 1245 672 1307 ideo
694 1245 852 1324 persuasio
875 1245 937 1305 ista
960 1246 1112 1308 convaluit
1135 1257 1167 1308 et
1189 1247 1228 1308 ab
1243 1247 1378 1310 omnibns
1401 1266 1478 1327 pene
1492 1247 1542 1309 hic

182 1335 257 1396 ordo
286 1335 317 1395 in
340 1354 429 1396 usum
451 1345 592 1412 receptus
615 1343 674 1396 est.
719 1332 929 1411 Perspicacior
958 1342 1057 1394 tamen
1082 1335 1255 1397 observatio
1283 1338 1432 1399 veriorem
1455 1335 1540 1398 ordi-

179 1442 250 1484 nem
273 1423 494 1503 deprehendit“
519 1423 574 1484 hc.
1389 1417 1395 1430 '

271 1513 356 1573 Haec
380 1530 419 1572 ex
441 1510 600 1572 Macrobio
628 1509 704 1570 lucis
726 1509 827 1586 gratia
857 1508 1055 1570 transcribere
1080 1511 1175 1581 volui,
1209 1520 1242 1571 nt
1264 1509 1402 1572 Platonis
1427 1509 1540 1574 verbo-

181 1619 246 1661 mm
270 1618 379 1662 sensns
402 1599 638 1678 intelligeretur,
668 1593 756 1677 quem
779 1597 1009 1658 commentarius
1038 1599 1076 1658 ad
1099 1597 1213 1659 Bedam
1238 1606 1338 1672 vetus,
1370 1599 1420 1679 qui
1443 1600 1538 1661 stara

181 1686 330 1768 Capellae
353 1696 486 1750 aetatem
510 1687 645 1766 proxime
664 1687 790 1746 'secutus
815 1695 872 1754 est,
896 1702 964 1764 cap.
983 1682 1032 1746 14.
1058 1705 1116 1747 nou
1136 1687 1260 1748 obscure
1279 1688 1446 1759 confirmat,
1468 1687 1539 1748 dnm

178 1777 245 1856 ipse
261 1776 381 1856 quidem
404 1776 572 1856 epicyclnm
587 1774 718 1836 Veneris
742 1773 819 1834 inter
835 1772 937 1834 Solem
959 1783 991 1833 et
1015 1773 1138 1835 Terram
1162 1776 1251 1848 locat,
1277 1776 1412 1854 ejusdem
1435 1783 1538 1839 tarum

178 1866 307 1947 epicycli
332 1865 490 1926 decursum
504 1864 626 1925 Platoni
649 1881 772 1923 cansam
798 1861 842 1923 ait
865 1861 1050 1940 praebuisse,
1074 1881 1126 1923 cur
1148 1864 1326 1943 „aliquanto
1350 1883 1440 1943 quam
1455 1862 1538 1925 Solis

179 1962 229 2015 est
252 1954 409 2015 elatiorem
434 1952 549 2015 luciferi
573 1951 695 2032 globum
718 1949 915 2011 astruxerit.“
960 1949 1002 2010 Et
1032 1950 1150 2029 quidem
1181 1952 1207 2013 si
1231 1951 1306 2012 haec
1333 1951 1415 2014 illius
1439 1951 1536 2014 inter·

177 2041 277 2123 pretis
301 2042 397 2102 verba
420 2040 608 2102 considerem
626 2039 815 2119 „proximum
839 2036 904 2099 Soli
927 2038 1021 2098 videri
1045 2040 1249 2113 excelsiorem,
1274 2041 1443 2118 proximum
1456 2039 1534 2101 Ter·

178 2150 231 2192 rae
254 2129 478 2204 humiliorem,“
501 2129 629 2209 conjicio
652 2128 683 2188 id
706 2127 785 2208 quod
808 2126 870 2187 dixi
894 2125 1056 2206 epicyclum
1073 2126 1203 2188 Veneris
1222 2137 1317 2189 totum
1337 2129 1417 2191 inira
1431 2127 1535 2191 Solem

179 2219 218 2280 ab
243 2219 295 2280 illo
318 2218 473 2280 collocari.
520 2218 566 2279 At
595 2218 622 2278 si
650 2216 773 2278 schema
799 2215 925 2274 altemm
951 2215 1014 2284 (est
1037 2221 1138 2275 autem
1162 2216 1260 2276 editus
1289 2216 1364 2278 liber
1388 2214 1536 2278 Coloniae

181 2326 260 2369 anuo
288 2305 389 2380 1537)
418 2305 564 2385 aspicias,
598 2324 672 2366 sane
695 2303 880 2383 ipsissimam
909 2301 1053 2380 Capellae
1086 2303 1268 2364 sententiam
1299 2306 1403 2367 relert.
1455 2305 1535 2366 Nam

175 2403 310 2475 punctus
343 2394 426 2456 Solis
457 2413 511 2455 sen
534 2394 665 2455 literak
693 2391 813 2472 ponitur
835 2391 917 2451 intra
940 2391 1123 2471 complexum
1148 2391 1273 2473 epicycli
1297 2392 1446 2467 Veneris,
1480 2411 1535 2453 nec

175 2485 271 2546 verba
294 2484 385 2545 modo
409 2483 546 2562 allegata
569 2488 754 2562 repugnant,
779 2478 804 2538 si
829 2479 947 2538 modica
971 2478 1217 2557 interpretatione
1238 2481 1382 2558 juventur
1405 2488 1438 2542 et
1460 2479 1534 2542 illud

177 2572 367 2652 „proximum
382 2570 472 2634 Soli“
495 2571 644 2633 referatur
666 2570 705 2630 ad
728 2569 836 2636 risum,
865 2567 1050 2645 „proximum
1070 2568 1204 2629 Terrae“
1228 2569 1266 2629 ad
1290 2579 1460 2631 centrorum
1485 2568 1534 2630 di·

176 2661 333 2722 etantiam·
380 2661 474 2721 Porro
503 2660 625 2722 schema
655 2657 738 2739 prius
762 2666 813 2716 aut
839 2656 977 2716 vitiosum
1008 2665 1069 2729 est,
1104 2666 1157 2716 aut
1183 2657 1222 2717 ad
1246 2658 1534 2737 repraesentandam

175 2768 278 2812 earum
302 2748 485 2811 seutentiam
510 2758 661 2829 aptatum,
693 2744 741 2824 qni
772 2743 936 2824 epicyclnm
960 2743 1089 2806 Veneris
1118 2763 1209 2824 supra
1232 2744 1335 2807 Solem
1363 2745 1534 2807 constitue·

390 2861 435 2909 me.
453 2857 472 2898 a
687 2842 770 2895 runt:
791 2831 943 2911 posterius
963 2832 1084 2893 inscitia
1099 2833 1316 2913 descriptorum
1335 2835 1534 2912 depravatum

686 2922 730 2982 sic
745 2921 871 2981 restituo
887 2920 951 2999 (fig.
969 2919 1018 2992 7):
1046 2921 1146 3000 itaque
1170 2923 1225 2984 hoc
1245 2923 1346 2984 confer
1370 2941 1438 2985 cum
1452 2921 1534 2984 illius

686 3008 894 3071 commentarii
919 3009 1046 3070 lectione
1076 3010 1103 3071 si
1126 3010 1219 3072 lubet.
1266 3010 1374 3073 Obiter
1398 3011 1479 3073 enim
1503 3020 1533 3072 te

684 3100 788 3177 juvare
812 3097 902 3160 volui.

774 3183 837 3247 Sed
865 3185 905 3246 ad
932 3204 994 3246 rem
1024 3185 1182 3247 redeamus
1205 3194 1236 3246 et
1264 3186 1336 3247 illud
1366 3188 1534 3250 denostra

684 3274 869 3336 liberalitate
883 3273 954 3336 Ursi
977 3273 1071 3352 copiis
1093 3293 1147 3354 per
1161 3294 1229 3335 sese
1243 3275 1443 3337 imbecillibus
1456 3276 1532 3337 snb·

685 3364 762 3424 sidio
785 3362 954 3423 mittemus:
987 3363 1167 3424 senteutiam
1185 3364 1276 3436 hauc,
1309 3363 1388 3442 quod
1412 3363 1468 3426 Sol
1491 3364 1533 3425 sit

686 3459 819 3512 ceutmm
842 3451 955 3512 orbium
980 3449 1109 3511 Veneris
1132 3457 1163 3512 et
1186 3452 1341 3525 Mercurii,
1376 3471 1436 3514 non
1459 3460 1532 3514 tau·

685 3549 748 3601 tum
764 3536 918 3618 Capellae,
943 3538 996 3598 sed
1021 3538 1112 3600 etiam
1135 3539 1380 3602 commentatoris
1405 3541 1445 3603 ad
1468 3541 1532 3603 Be-

686 3629 763 3700 dam,
789 3626 948 3701 Macrobii,
974 3626 1080 3701 Plinii,
1105 3628 1247 3702 Vitruvii,
1272 3628 1414 3692 Platonis
1436 3630 1532 3691 adeo·

685 3735 741 3796 que
764 3716 895 3794 ipsorum
909 3714 1128 3796 Aegyptiorum
1143 3716 1244 3778 fuisse.
1290 3715 1372 3786 Quid
1391 3719 1462 3779 hinc
1480 3737 1532 3779 se·

685 3805 805 3882 quitur?
834 3804 913 3865 Num
936 3804 993 3864 hoe
1016 3806 1094 3883 quod
1117 3805 1213 3868 Ursus
1237 3806 1385 3868 exstruit?
1423 3808 1532 3889 Hypo-

685 3893 787 3952 theses
821 3892 1009 3972 Tychonicas
1046 3912 1113 3953 esse
1151 3894 1189 3955 ab
1225 3894 1292 3967 his,
1330 3914 1405 3975 quos
1443 3898 1533 3958 modo

174 3978 333 4053 nominari,
371 3983 458 4061 longe
483 3991 552 4042 ante
578 3983 750 4062 Tychonem
774 3982 958 4057 usurpatus?
990 3981 1129 4055 Minime;
1163 4001 1231 4043 nam
1263 3982 1357 4062 primo
1382 3993 1534 4067 utsupra

173 4083 291 4144 quoque
315 4070 343 4128 in
368 4070 522 4149 Apollonii
548 4070 744 4148 problematis
774 4069 1013 4130 consideratione
1032 4089 1097 4130 sum
1117 4079 1355 4150 argumentatus,
1379 4072 1457 4135 haec
1473 4094 1534 4136 una

171 4160 288 4214 tantum
320 4175 390 4234 pars
420 4165 467 4218 est
498 4160 612 4218 formae
642 4158 742 4219 mnndi
767 4157 992 4236 Tychonianae,
1026 4176 1118 4237 quare
1141 4177 1194 4238 pro
1220 4160 1307 4237 justa
1334 4171 1366 4223 et
1388 4161 1531 4241 legitima

176 4241 338 4322 hypothesi
362 4247 576 4315 astronomica,
602 4266 679 4326 quae
703 4245 847 4306 distincta
870 4246 911 4306 sit
934 4267 953 4306 a
976 4247 1094 4320 ceteris,
1120 4247 1224 4309 haberi
1247 4268 1306 4310 nou
1328 4258 1443 4330 potest
1482 4254 1531 4315 Aa

174 4347 210 4388 ne
236 4331 302 4408 quis
325 4334 504 4411 suspicetur,
531 4334 699 4413 Capellam,
726 4334 907 4407 Vitruvium,
931 4334 1073 4403 Plinium,
1097 4336 1283 4399 Macrobium
1307 4339 1356 4400 vel
1379 4358 1530 4421 quemque

172 4417 262 4478 alium
291 4429 411 4481 ceteras
434 4423 528 4482 etiam
551 4423 754 4503 hypotheseos
779 4423 988 4504 Tychoniauae
1016 4433 1119 4502 partes
1154 4425 1332 4504 adjunxisse
1354 4426 1426 4490 huic
1452 4448 1530 4492 con·

171 4507 319 4582 ceptioni,
352 4527 484 4587 provoco
514 4511 551 4570 ad
581 4513 712 4588 ipsorum
741 4531 833 4591 opera
857 4531 932 4590 quae
957 4523 1092 4587 exstant,
1127 4514 1176 4574 ubi
1203 4516 1234 4576 iu
1255 4515 1366 4576 ceteris
1390 4518 1531 4583 omnibus

172 4594 310 4670 partibus
329 4597 511 4659 contrarium
536 4619 554 4658 a
578 4599 718 4678 Tychone
748 4609 779 4660 et
803 4601 881 4660 idem
900 4621 966 4661 cum
989 4603 1179 4682 physicorum
1203 4602 1363 4684 hypothesi
1389 4606 1441 4677 (ut
1462 4626 1531 4671 cnm

172 4679 251 4741 Urso
277 4681 447 4763 loquamur)
471 4687 573 4747 serbis
598 4688 797 4761 evidentibus,
823 4689 914 4750 claris
940 4699 972 4751 et
987 4691 1163 4752 indubitatis
1187 4692 1300 4753 sentire
1323 4711 1357 4754 se
1381 4696 1531 4776 profiten-

139 4783 151 4802 ·
171 4779 236 4829 tur:
262 4791 338 4850 quae
358 4775 478 4854 quidem
503 4775 597 4836 verba
620 4777 710 4838 nimis
734 4779 854 4856 longum
879 4777 957 4838 soret
971 4778 1114 4858 allegare,
1140 4780 1250 4842 sullioit
1272 4780 1406 4860 digitum
1427 4784 1532 4849 inteu-
