3428 5542
727 333 892 428 ,casarum
1420 329 1487 398 ate

127 491 198 552 tiae.
254 491 334 554 Nam
367 512 405 554 ex
437 492 623 555 correctione
657 493 870 557 distantiarum
906 513 962 575 per
997 513 1124 574 corpora
1155 493 1289 575 sequitur
1321 493 1492 557 differentia

125 580 445 660 proethaphaeresium
472 601 674 663 apogaeomm
702 602 760 643 non
789 585 899 663 major,
934 603 1023 663 quam
1050 584 1080 644 in
1109 580 1129 659 li
1161 582 1226 659 12⁴,
1255 582 1285 643 in
1308 581 1339 656 ll
1361 579 1431 655 25¹,
1458 583 1489 645 in

126 677 152 739 ἀ
178 663 289 742 10458
313 670 342 730 in
368 671 393 745 Ω
421 667 465 745 1⁰,
493 673 521 733 in
545 673 567 748 li
590 667 654 733 41’.
703 672 795 734 Plura
818 692 875 733 non
900 674 1008 748 scribo,
1030 672 1174 751 judicium
1197 680 1279 734 tuum
1298 679 1489 751 exspectans,

127 758 206 838 quod
231 778 289 820 non
312 759 491 836 gravaberis
515 760 544 822 in
564 760 693 841 gratiam
719 762 925 841 conjuraris
949 763 987 824 D.
1014 761 1046 824 S.
1066 761 1214 840 Wagaui,
1238 760 1323 840 cujus
1345 760 1490 823 instinctu

127 848 241 921 scribo,
276 848 333 909 hac
356 848 405 910 vel
434 849 572 927 proxima
595 849 753 911 occasione
778 852 816 912 ad
840 871 895 913 nos
920 849 1136 912 transmittere.
1184 850 1264 911 Vale
1287 848 1436 912 sideribus
1458 856 1492 913 et

127 943 252 998 nostrae
275 937 432 1010 scientiae,
458 939 549 1000 decus
574 937 769 1002 Germaniae.

217 1023 317 1087 Gratii
342 1027 370 1089 d.
399 1024 552 1090 15.1t'0v.
581 1023 675 1091 1595.
1039 1026 1114 1088 Exe.
1140 1034 1211 1088 tuae
1236 1026 1400 1106 discipulus

1113 1116 1146 1180 J.
1170 1115 1337 1198 Kepieae.

197 1289 293 1352 Quibus
311 1290 438 1356 respondit
455 1289 553 1340 Ursus
576 1305 631 1342 sero
650 1291 800 1341 admodum:
827 1292 864 1341 Ex
888 1293 1010 1358 catalogis
1032 1293 1208 1344 nundinalibns
1233 1295 1352 1357 apparet,
1378 1292 1413 1341 ml
1430 1291 1490 1342 clu.

127 1369 153 1413 et
172 1362 239 1412 char.
259 1362 292 1411 Ι).
312 1362 435 1426 Keplere‚
463 1367 562 1411 marum
585 1362 764 1426 cogitationum
787 1366 1008 1414 astronomicarum
1030 1367 1156 1428 specimen
1174 1365 1297 1429 quoddam
1316 1378 1370 1413 esse
1390 1365 1491 1414 editum.

128 1434 239 1495 Quarum
257 1434 356 1498 quidem
375 1448 455 1483 rerum
478 1432 537 1482 mihi
561 1435 795 1496 iucundissimarum
818 1439 844 1485 et
866 1436 1062 1499 gratissimarum
1088 1442 1260 1501 argumentum
1283 1435 1408 1500 quoddam
1432 1440 1492 1485 ants

127 1506 254 1555 biennium
270 1508 324 1567 jam
343 1506 395 1556 iera
413 1505 526 1568 elapsum
543 1505 602 1554 mihi
621 1507 790 1562 transmisisti,
817 1507 931 1557 videlicet
949 1508 976 1556 in
994 1508 1071 1557 literis
1089 1508 1137 1557 illis
1155 1509 1217 1569 tuis,
1235 1508 1399 1571 instigatione
1416 1512 1491 1570 stqns

126 1577 247 1627 instinctu
265 1576 299 1626 Ι).
318 1576 433 1641 Waganii
452 1575 484 1625 ad
503 1590 543 1626 me
561 1576 635 1626 datis.
673 1577 712 1627 hd
740 1592 802 1641 quas
829 1585 914 1628 mmen
940 1579 1005 1642 quod
1027 1579 1150 1629 hactenns
1168 1579 1228 1630 nihil
1248 1580 1347 1628 omnino
1366 1591 1383 1628 a
1399 1592 1441 1628 mo
1458 1577 1493 1627 sit

125 1663 284 1712 responsum,
310 1649 337 1698 in
356 1661 434 1698 cauas
451 1647 551 1697 luerunt
569 1649 702 1699 continuae
723 1663 752 1699 ac
771 1657 906 1712 perpetuas
929 1664 1001 1700 meae
1024 1652 1201 1713 occupationes
1225 1652 1252 1700 in
1270 1651 1343 1700 rebus
1360 1648 1492 1699 chronolo-

125 1720 196 1785 gicis,
215 1732 352 1783 perennes
367 1722 420 1782 jam
433 1718 527 1782 aliquot
539 1719 636 1783 elapsos
649 1721 802 1777 exantlatas,
821 1736 925 1784 quarum
944 1722 1068 1785 exemplar
1086 1721 1130 1771 tibi
1142 1723 1213 1772 mitto
1222 1718 1254 1781 ¹),
1274 1729 1391 1785 tuumque
1410 1721 1442 1771 da
1460 1733 1492 1770 aa

125 1791 298 1855 politissimum
314 1791 435 1853 judicium
454 1798 572 1853 expecto:
600 1791 680 1841 ultera
702 1807 760 1842 vero
782 1807 861 1843 causa
885 1795 935 1843 mei
957 1794 1048 1843 silentii
1072 1801 1099 1843 et
1115 1792 1180 1856 qnod
1198 1792 1259 1843 nihii
1277 1793 1399 1842 hactenus
1418 1805 1492 1842 ama

124 1877 269 1927 responsum
289 1864 336 1923 sit,
357 1863 453 1918 extitit,
473 1863 538 1925 quod
554 1863 681 1926 meusque
699 1878 731 1912 ea
749 1864 779 1913 de
798 1878 839 1924 re,
859 1865 890 1915 de
908 1879 958 1928 qua
976 1880 1017 1915 me
1034 1865 1151 1914 monuisti
1169 1870 1196 1914 et
1214 1865 1246 1914 de
1264 1879 1313 1928 qus
1331 1879 1413 1914 meum
1432 1878 1491 1914 con·

125 1935 207 1983 silium
225 1935 339 1998 exploras
356 1947 445 1996 meque
464 1934 604 1984 consultum
623 1949 678 1984 esse
701 1936 785 1998 cupis,
812 1935 896 1986 debita
918 1936 1042 1986 decisione
1064 1935 1174 1984 nondum
1192 1937 1263 1986 iacta
1281 1934 1362 1985 adbuc
1382 1935 1489 2000 ambigo.

126 2005 237 2068 Reliquit
254 2006 353 2069 quidam
371 2005 430 2054 mihi
449 2019 519 2053 mene
544 2006 569 2054 in
594 2006 668 2056 rebus
691 2008 862 2057 astronomicis
886 2014 1033 2070 praeceptor
1054 2007 1141 2057 Justus
1159 2007 1249 2072 Byrgi,
1272 2008 1309 2054 sir
1334 2007 1409 2068 plane
1436 2018 1493 2056 ama

126 2077 276 2127 Euclidaeus
295 2083 348 2127 tum
368 2075 574 2133 Archimedaens,
600 2084 659 2125 ante
679 2078 737 2125 anni
759 2078 898 2135 dimidium,
918 2079 960 2127 ubi
977 2079 1017 2129 hic
1036 2078 1135 2142 Pragae
1154 2078 1219 2142 apud
1239 2078 1311 2127 Caes.
1332 2077 1394 2139 Mai.
1414 2081 1491 2134 asam

126 2162 189 2198 casn
207 2149 288 2212 potius
307 2162 382 2213 quam
399 2146 522 2197 industn'a
540 2149 633 2198 iactam
653 2147 852 2213 delineatamquo
865 2150 990 2214 quandam
1005 2150 1262 2214 consignatiuneulam
1282 2146 1322 2210 (ut
1340 2151 1378 2198 ita
1396 2143 1490 2208 dicam)

126 2219 315 2283 chomicanae
332 2218 499 2282 hypotheseos
517 2225 627 2268 mearum
647 2220 805 2269 coelestium:
832 2234 936 2283 eamque
957 2227 1046 2284 postea
1063 2222 1197 2283 inspiciens
1217 2236 1272 2270 cum
1290 2222 1339 2269 tuis
1359 2219 1490 2287 cogitatm-

126 2292 199 2340 nibns
218 2291 248 2340 de
268 2291 393 2340 distantiis
411 2290 478 2338 inter
495 2305 522 2339 se
541 2291 572 2339 ab
591 2291 696 2340 invicem
715 2290 870 2353 planetarum
896 2292 993 2342 orbibus
1017 2292 1122 2349 contuli,
1148 2299 1175 2342 et
1198 2306 1249 2341 non
1271 2291 1375 2341 multum
1398 2290 1491 2340 disurs'·

126 2363 232 2425 pantiae
251 2363 317 2412 inter
334 2362 411 2426 ipsius
430 2360 672 2416 delineatiunculam,
684 2368 710 2411 ct
728 2369 785 2412 tuas
804 2365 981 2413 manationes
1001 2376 1018 2413 a
1035 2378 1075 2413 me
1093 2377 1155 2413 sane
1175 2361 1250 2428 (quod
1269 2363 1429 2413 vehementer
1446 2361 1489 2411 sd·

125 2435 230 2483 muratus
249 2430 316 2495 sum)
336 2437 487 2495 compertum
507 2438 553 2482 cst.
592 2431 676 2492 Quare
695 2447 750 2485 cum
769 2433 814 2482 has
833 2439 891 2482 tuas
908 2435 939 2484 de
957 2435 1044 2484 iisdem
1057 2435 1129 2484 rebus
1146 2434 1331 2485 dissertationes
1352 2432 1391 2493 (ut
1408 2433 1492 2483 vocari

36 2505 45 2522 ⁹
126 2501 175 2566 vis)
191 2508 245 2567 jam
263 2506 290 2554 in
302 2505 384 2555 lucem
397 2504 477 2554 editas
491 2519 545 2554 esse
557 2504 736 2563 intellexeram,
756 2520 805 2553 non
822 2507 889 2568 potui
908 2506 1078 2567 intermittere,
1099 2506 1157 2569 quin
1176 2521 1193 2556 s
1209 2511 1236 2555 te
1255 2504 1390 2554 earundem
1408 2518 1490 2554 exem-

126 2576 181 2641 plar
198 2577 298 2626 unicum
316 2583 416 2641 petam:
436 2574 505 2624 nulla
523 2577 588 2626 anim
608 2574 640 2624 ad
659 2591 704 2624 nos
716 2575 824 2641 Pragam
844 2572 916 2636 (casu
935 2583 979 2626 aut
996 2577 1151 2642 negligentia
1168 2592 1217 2641 qua
1229 2575 1324 2627 nescioi
1343 2591 1387 2638 per
1404 2574 1489 2624 biblio·

126 2648 198 2711 polas
215 2654 311 2698 nostros
330 2646 408 2712 (quod
426 2643 504 2708 dolui)
524 2647 610 2696 delata
627 2653 691 2696 sunt.
729 2647 781 2696 Pac
799 2648 883 2711 itaque
902 2662 993 2712 quaeso
1020 2662 1052 2698 ea
1068 2650 1095 2697 in
1114 2649 1198 2698 recula
1215 2661 1255 2697 me
1274 2648 1323 2696 soti
1342 2651 1491 2710 computem,

127 2725 156 2769 ut
174 2724 243 2769 tuam
262 2733 295 2769 ea
312 2720 343 2770 de
361 2733 388 2768 rs
406 2721 557 2768 sententiam
575 2718 654 2768 latam
673 2716 797 2782 (quaeque
813 2721 866 2782 jam
879 2720 970 2782 publici
985 2721 1046 2783 juris
1062 2720 1132 2769 iacta
1144 2716 1194 2781 est)
1213 2720 1309 2783 plenius
1328 2724 1403 2783 atque
1420 2718 1491 2782 peul-

128 2792 192 2848 tius,
221 2799 248 2840 et
272 2804 305 2841 an
328 2790 409 2841 adhuc
432 2790 471 2840 vel
496 2790 596 2844 eadem.
624 2790 663 2839 vel
687 2789 867 2853 aliquantulum
890 2791 952 2841 iorte
975 2792 1108 2841 immutata
1131 2793 1245 2855 opinione
1269 2796 1379 2854 perstare
1405 2789 1492 2854 cupias

128 2876 277 2928 cognoscam
296 2868 370 2926 atque
388 2861 534 2925 intelligam.
572 2858 645 2910 Vale.
684 2860 781 2927 Pragae
801 2860 816 2909 1
836 2860 890 2911 Cal.
910 2862 969 2912 Jun.
992 2858 1067 2911 1597.

199 2932 269 2992 Quas
287 2932 343 2983 Ursi
361 2933 447 2983 literas
464 2935 486 2981 si
504 2932 684 2996 comparaveris
704 2947 760 2982 cum
777 2934 920 2996 praemissis
932 2933 1035 2996 Kepleri
1053 2933 1131 2983 literis
1154 2933 1253 2982 biennio
1272 2932 1323 2982 iere
1342 2937 1402 2981 ante
1415 2929 1490 2990 datia,

127 3004 196 3054 haud
216 3005 317 3054 obscure
340 3003 560 3068 patebit‚'Ursum
582 3002 657 3066 plane
680 3004 818 3068 neglexisse
842 3018 889 3061 ea,
917 3019 981 3069 quae
1002 3006 1049 3068 ipsi
1067 3004 1191 3068 Kepierua
1210 3004 1350 3068 scripserat,
1369 3000 1441 3066 quasi
1458 2998 1492 3051 ab

127 3076 227 3125 homine
245 3076 330 3142 ignoto
349 3075 423 3133 data,
443 3081 469 3124 et
487 3081 538 3124 tum
558 3074 669 3132 demum,
689 3091 763 3139 quum
782 3076 991 3126 animaduerteret
1015 3076 1053 3125 vel
1073 3076 1104 3125 ab
1123 3075 1177 3125 aliie
1196 3075 1368 3139 comperisset,
1386 3071 1492 3136 Koplari

129 3147 273 3209 opusculum
290 3162 340 3196 non
360 3146 434 3209 plane
453 3160 508 3195 esse
527 3146 700 3208 rejiciendum,
720 3148 810 3207 uirum,
837 3149 875 3196 cui
894 3148 1066 3210 responderet,
1086 3147 1187 3219 dignum
1205 3146 1329 3196 habuisse.
1368 3144 1440 3204 Quae
1459 3144 1490 3194 ds

129 3220 314 3282 comparatione
332 3218 396 3267 illius
417 3217 697 3283 ,consignatinnculae'
718 3232 774 3267 cum
792 3218 894 3282 Keplen'
915 3219 1140 3283 ,cogitationibus“
1158 3219 1298 3272 fabulatur,
1320 3230 1405 3267 merae
1423 3221 1491 3266 certe

129 3304 212 3354 nugae
230 3296 295 3340 sunt.
325 3290 375 3341 Sed
392 3289 494 3339 ulterius
512 3303 654 3353 progressus
672 3289 744 3339 homo
762 3290 855 3354 gloriae
874 3290 976 3352 cupidus
994 3290 1108 3353 praefixit
1127 3289 1255 3353 epistolam
1272 3288 1383 3351 Kepleri,
1402 3289 1492 3339 nimiu

130 3363 240 3412 certain
259 3363 339 3425 ipsum
357 3361 444 3410 laudes
464 3368 646 3426 congerentem,
666 3361 784 3410 tractatui
805 3361 852 3418 ,de
872 3362 1042 3411 astronomicis
1059 3359 1252 3424 hypothesibusl
1273 3356 1384 3424 (Pragae
1404 3353 1494 3419 tter),

131 3448 178 3498 quo
202 3432 268 3482 lecto
287 3431 404 3495 Tyoho‚
431 3432 472 3497 qui
492 3435 546 3494 iam
571 3431 662 3481 dudum
681 3432 772 3481 Ursum
795 3431 852 3480 hirti
878 3433 1013 3497 arguebat.
1039 3433 1150 3481 intensus
1173 3432 1237 3482 haee
1256 3430 1364 3494 Keplcro
1382 3430 1495 3493 scripsit:

201 3504 292 3554 Nescio
305 3519 353 3569 quo
366 3517 428 3553 casu
446 3504 577 3560 acciderit,
596 3511 626 3552 ut
638 3503 704 3553 idem
716 3502 874 3563 tabellarius,
894 3504 934 3568 qui
947 3504 1007 3552 mihi
1020 3510 1077 3552 tuas
1090 3503 1245 3553 Helmstadio
1260 3503 1356 3557 attulit,
1375 3502 1496 3550 famosum

130 3590 226 3641 queque
244 3581 271 3626 et
286 3576 407 3626 netarium
418 3577 535 3638 seriptum
549 3575 678 3637 cujusdam
690 3576 735 3624 ieri
754 3575 803 3622 ursi
817 3575 907 3638 potius,
926 3589 1000 3639 quam
1014 3575 1064 3624 veri
1083 3575 1188 3623 hominis
1202 3574 1259 3624 inde
1278 3572 1336 3621 mihi
1356 3572 1428 3621 simul
1447 3572 1496 3620 tuis

131 3646 260 3712 alligatum
275 3647 420 3711 adportant.
453 3646 534 3709 Hujus
553 3661 609 3696 cum
626 3646 782 3708 impudentes
801 3645 938 3694 calumniae
958 3651 984 3694 et
1000 3645 1105 3695 infanda
1122 3646 1257 3695 mendacia
1275 3650 1350 3706 atque
1373 3641 1494 3701 convicia,

131 3719 218 3782 quibus
235 3733 311 3782 supra
327 3717 427 3766 modum
446 3723 472 3767 et
490 3718 554 3768 citra
571 3731 669 3767 omnem
687 3716 861 3767 verecundiam
873 3723 964 3772 scatet,
983 3717 1063 3766 obiter
1074 3728 1250 3780 percurrerem,
1269 3714 1350 3777 reperi
1368 3713 1444 3762 etiam
1461 3712 1496 3761 ibi

131 3796 202 3840 tuum
219 3789 343 3855 quoddam
361 3789 514 3853 epistolium,
535 3804 582 3853 quo
600 3803 627 3838 se
646 3803 734 3839 ornare
754 3794 779 3838 et
797 3801 844 3838 sua
861 3788 958 3853 flagitia
976 3794 1062 3852 tegere
1080 3789 1174 3837 nititur.
1212 3786 1284 3847 Quod
1304 3800 1360 3835 cum
1376 3781 1496 3849 perlegis·

132 3876 193 3919 sam,
212 3862 316 3911 miratus
334 3875 388 3909 sum
406 3867 432 3910 te
451 3875 508 3910 eum
526 3861 591 3910 tanti
610 3860 701 3911 iacere.
732 3858 782 3910 Sed
795 3874 901 3909 errorem
914 3860 1038 3914 excusari.
1057 3859 1122 3923 quod
1141 3859 1239 3908 nonnisi
1256 3857 1344 3908 auditu
1362 3863 1388 3906 et
1405 3854 1496 3919 scripto

132 3935 193 3988 isto.
217 3933 283 3997 quod
301 3931 500 3981 Fundamentum
518 3938 593 3981 vocat
611 3933 823 3989 astronomicum,
847 3931 894 3981 hoc
912 3931 1022 3981 iaceres:
1049 3933 1074 3980 in
1094 3946 1141 3994 quo
1159 3930 1211 3980 iere
1234 3928 1295 3980 nihil
1316 3927 1407 3985 habet,
1432 3924 1497 3992 quod

132 4020 203 4054 sunm
219 4010 266 4054 est.
296 4002 387 4053 Omnia
401 4005 482 4068 potius
502 4004 556 4054 aliis
574 4009 688 4067 surrepta
700 4011 725 4054 et
742 4009 881 4067 praerepta,
901 4003 1069 4065 proutiacere
1082 4003 1217 4052 consuerit.
1244 4000 1278 4050 Et
1295 3999 1413 4065 plagium,
1432 3994 1498 4065 quod

134 4092 180 4142 ego
198 4077 245 4140 ipsi
264 4076 358 4139 imputo
376 4075 403 4124 in
420 4077 482 4124 meis
500 4073 684 4138 hypothesibus,
704 4090 754 4124 non
772 4074 861 4124 saltem
880 4088 946 4124 error
963 4087 1075 4130 cracem,
1094 4088 1167 4137 mem
1184 4074 1210 4123 in
1229 4073 1396 4123 defluentione
1413 4069 1498 4120 Martii

133 4148 197 4198 orbis
216 4147 346 4203 commisit,
366 4147 410 4197 sed
429 4151 455 4196 et
471 4146 551 4196 multa
570 4146 628 4206 alia,
649 4161 713 4210 quse
731 4162 776 4196 suo
794 4152 905 4211 tempore
923 4145 1041 4210 pandam.
1062 4147 1218 4196 convincunt
1249 4145 1342 4209 Estque
1361 4143 1499 4193 etiamnum

134 4221 201 4285 apud
219 4233 259 4269 me
278 4217 411 4269 fasciculus
430 4219 530 4283 quidam
549 4233 647 4275 eorum,
676 4233 740 4283 quae
758 4219 857 4283 quando
875 4218 950 4267 nobili
974 4219 1074 4268 cuidam
1092 4216 1165 4268 Dauo
1191 4217 1262 4269 affini
1278 4230 1334 4266 meo
1352 4214 1497 4270 inserviam,

134 4306 199 4341 anno
219 4288 254 4338 81
273 4304 330 4340 cum
349 4290 436 4340 eedem
448 4289 598 4355 Urauiburgi
617 4289 725 4349 adesset,
746 4290 811 4340 dam
830 4290 972 4356 descripsit:
991 4290 1017 4338 in
1036 4288 1122 4353 quibus
1141 4303 1190 4338 non
1208 4288 1337 4338 diseimlia
1356 4285 1414 4353 egit.
1442 4282 1497 4351 Ego

134 4376 195 4413 sane
213 4363 279 4413 hanc
298 4360 471 4425 hypothesium
489 4363 611 4411 rationem
627 4363 680 4424 iam
703 4361 776 4428 longe
801 4367 878 4411 antes
901 4361 1083 4426 excogitarem,
1108 4374 1156 4411 nec
1182 4373 1238 4410 eam
1261 4358 1321 4408 libro
1345 4356 1376 4406 de
1400 4358 1499 4406 comata

135 4448 158 4484 a.
179 4431 249 4483 1677
268 4434 435 4490 inseruissem,
454 4433 503 4482 nisi
521 4433 585 4483 tales
603 4433 746 4498 plagiarios,
766 4433 854 4496 quibus
871 4432 935 4482 haec
954 4433 1020 4496 apud
1031 4447 1072 4481 me
1090 4434 1259 4490 innotuerant,
1280 4430 1371 4478 veritus
1389 4427 1497 4478 iubeam

135 4504 219 4565 Quare
238 4512 264 4556 et
280 4504 328 4554 hec
346 4505 436 4560 miror,
461 4504 525 4568 quod
549 4508 602 4567 ejus
625 4519 699 4555 voces
722 4503 882 4568 hypothesin,
909 4519 966 4553 cum
989 4511 1016 4555 et
1031 4505 1057 4553 in
1075 4503 1136 4553 libro
1154 4510 1197 4553 tuo
1216 4509 1243 4553 at
1259 4502 1336 4551 literis
1354 4499 1424 4549 mace
1442 4510 1499 4547 eam

134 4577 194 4627 inihi
213 4575 273 4640 (neo
289 4572 424 4637 immerito)
445 4577 575 4627 attribuas.
603 4575 706 4626 interim
720 4577 795 4626 etiam
808 4589 902 4640 magna
914 4578 968 4637 ejus
980 4575 1112 4640 praedicas
1124 4575 1213 4640 degis,
1232 4576 1329 4624 utinam
1341 4585 1391 4620 non
1407 4570 1497 4633 hyper·

134 4648 222 4700 bolies.
259 4645 289 4697 In
309 4647 381 4697 titulo
400 4661 475 4698 secas
494 4663 550 4698 eum
568 4647 774 4698 mathematicum
792 4648 985 4706 nobilissimum
1004 4646 1083 4712 qualis
1098 4644 1342 4699 sitmathematicus,
1361 4657 1410 4691 non
1430 4640 1496 4690 dixe-

135 4721 188 4775 rim.
206 4718 323 4770 nobilitas
337 4720 398 4781 qus,
418 4720 440 4769 si
458 4733 538 4784 genus
550 4724 657 4784 spectes,
677 4725 758 4769 estex
770 4719 868 4768 rusticis
880 4717 1038 4778 Dithmarsis,
1058 4718 1099 4783 qui
1118 4732 1174 4768 eum
1193 4718 1269 4768 mam
1288 4713 1425 4764 fastidiunt.
1453 4711 1498 4760 Ata

136 4790 238 4846 deinde.
262 4790 451 4841 illustrissimam
474 4793 528 4853 eins
546 4791 650 4857 gloriam
668 4792 748 4855 ipsum
766 4793 811 4841 tihi
829 4795 915 4840 notum
939 4790 1039 4845 lechas,
1068 4801 1118 4854 qua
1139 4788 1330 4840 mathematicos
1352 4784 1425 4846 hujus
1444 4782 1498 4832 sari

136 4869 235 4915 tantum
251 4861 390 4931 praecedat
406 4877 479 4919 unm.
498 4869 617 4929 quantum
629 4863 769 4919 Phoebeius
788 4863 853 4915 orbis
870 4863 968 4917 minuta
985 4862 1074 4915 sidera
1103 4860 1181 4915 Plura
1198 4858 1345 4916 eandm,
1361 4857 1384 4907 si
1401 4861 1499 4920 tampua
