3428 5542
172 322 240 393 378
592 326 1106 391 marufflaliormquamntaaa

172 485 216 551 tit
238 491 358 566 potest,
391 494 426 546 ot
449 485 479 547 in
504 485 652 546 infinitum
686 485 839 564 progressi
870 503 991 562 semper
1012 483 1136 563 propius
1159 481 1354 551 accedamus,
1388 493 1447 537 neo
1469 470 1541 552 plu

171 592 232 636 una
260 574 379 635 unitate
408 573 581 636 deficiamus
614 574 644 634 in
679 574 747 652 ipsa
770 573 911 651 quadrati
944 572 1155 633 delineatione.
1201 569 1388 648 Incipiamus
1414 562 1500 624 euin
1520 579 1542 620 ο

172 663 321 723 minimis:
346 662 389 725 eit
411 681 550 724 numerus
574 661 734 723 divisibilis
758 662 896 723 minimus
919 659 954 735 2,
978 670 1083 740 partes
1106 659 1222 720 habens
1248 657 1263 718 1
1290 665 1323 717 et
1347 654 1383 722 1,
1413 665 1540 750 quw!

172 770 235 812 una
253 752 320 829 jam
344 751 492 812 habeatur
514 769 569 830 pro
592 750 715 820 minori,
743 750 842 811 altera
864 769 918 830 pro
942 749 1057 827 majori.
1103 746 1156 808 Sic
1188 747 1281 825 igitur
1303 752 1396 805 erunt
1416 750 1541 802 termam

176 838 210 912 1,
234 839 268 912 l,
295 836 327 898 2.
374 837 409 900 Si
433 840 570 917 perfecte
592 848 678 901 esset
700 857 846 917 expressa
868 838 1023 919 proportio
1047 835 1162 905 divina,
1191 842 1347 914 oporteret
1369 837 1539 903 reetaugu·

174 928 235 988 lum
265 938 471 988 extremorum
504 926 627 1007 aequari
660 928 809 1006 quadrato
832 927 936 1002 medii,
970 935 1004 987 at
1031 925 1152 985 excedit
1173 925 1306 993 unitate,
1337 929 1376 982 ut
1396 915 1471 990 [D
1490 914 1541 988 03

173 1033 267 1094 pergo
290 1016 399 1092 igitur.
423 1034 607 1095 componens
630 1024 748 1094 partem
768 1017 915 1093 majorem
944 1016 958 1077 1
985 1032 1052 1075 cnm
1080 1021 1145 1073 toto
1168 1010 1204 1085 2,
1235 1021 1270 1072 nt
1290 1010 1357 1071 sint
1379 1003 1417 1079 3,
1451 1010 1541 1103 eruat

173 1104 293 1164 termini
317 1105 364 1166 sic
393 1103 424 1176 1,
449 1102 484 1177 2,
508 1101 546 1177 3;
580 1103 628 1163 hic
651 1105 858 1181 rectangulum
882 1114 1083 1166 extremorum
1102 1111 1152 1161 est
1173 1097 1210 1173 3,
1240 1100 1425 1178 quadratum
1447 1091 1539 1154 meda

172 1188 264 1254 esti
302 1194 384 1263 (Pu,
410 1191 473 1266 Ἦ).
519 1193 618 1270 Pergo
650 1211 785 1257 rursum.
818 1197 962 1271 majorem
993 1189 1014 1252 2
1046 1190 1162 1251 addens
1195 1190 1253 1249 toti
1285 1183 1325 1258 3,
1359 1194 1397 1246 nt
1427 1197 1539 1244 uorum

172 1289 270 1342 totum
292 1280 333 1340 sit
356 1279 394 1353 5;
420 1282 538 1343 termini
562 1280 593 1350 2,
618 1278 648 1349 3,
673 1278 704 1342 5.
751 1279 972 1360 Rectangulnm
990 1288 1189 1339 extremorum
1214 1275 1245 1348 2,
1270 1276 1290 1339 5
1314 1270 1438 1346 est10,
1459 1287 1539 1348 qua·

173 1412 292 1473 dratum
316 1413 406 1473 medii
430 1410 522 1476 est9
549 1378 655 1529 (Q
692 1374 794 1528 ΞΓ)
856 1411 1001 1476 Similiter
1034 1415 1111 1474 adde
1144 1409 1164 1474 3
1197 1419 1229 1470 et
1263 1409 1303 1479 5,
1340 1416 1377 1466 nt
1409 1401 1474 1462 sint
1506 1395 1537 1461 8.

173 1584 685 1665 5><5=25,3.8=2t,
708 1591 799 1671 pingo
822 1592 914 1672 igitur
937 1592 980 1652 sie
1027 1557 1137 1698 (Ξ
1173 1551 1293 1694 ᾗ)
1351 1582 1420 1653 sta,
1460 1575 1538 1657 nuel

173 1719 223 1787 uni
246 1720 344 1785 deest,
368 1720 458 1781 alteri
482 1720 620 1783 abundat
642 1738 798 1801 perpetuo.
844 1724 913 1785 Non
936 1736 1019 1802 puto,
1044 1743 1091 1785 me
1114 1741 1205 1799 posse
1229 1719 1343 1781 clarius
1367 1722 1402 1775 et
1422 1710 1538 1791 μάμ-

173 1809 262 1869 bilius
286 1827 349 1867 rem
372 1809 533 1886 explicare,
559 1829 648 1888 quarn
671 1811 698 1871 si
720 1812 829 1883 dicam,
854 1822 885 1870 te
909 1813 1010 1873 videre
1034 1812 1182 1890 imagines
1206 1809 1269 1870 illio
1292 1803 1466 1873 mentulae,
1490 1796 1539 1859 tria

173 1891 291 1957 ruitae.
338 1896 441 1956 Ellicit
466 1897 558 1975 igitur
580 1900 629 1960 bic
653 1919 796 1960 excessus
820 1901 1004 1977 alternisque
1028 1900 1164 1960 delectus
1187 1893 1373 1972 rectanguli‚
1400 1897 1436 1951 ‘¹‘
1459 1905 1540 1947 Μ·

173 2003 262 2063 qnam
286 1986 418 2062 perfecte
443 1985 645 2063 exprimamus
668 1988 798 2048 numeris
821 1990 1043 2066 proportionem
1066 1986 1211 2048 divinam.
1257 1984 1300 2045 Et
1322 1991 1430 2042 tamen
1453 1993 1540 2036 sem-

173 2092 229 2152 per
250 2074 373 2152 propius
396 2074 436 2133 ad
460 2075 558 2153 ipsam
581 2077 773 2147 accedimns,
808 2096 865 2155 qno
898 2077 1019 2154 saepius
1047 2077 1265 2153 componimus:
1299 2082 1335 2131 ut
1362 2068 1391 2128 si
1415 2065 1437 2129 5
1462 2060 1541 2127 et8

172 2179 345 2238 componas.
370 2170 458 2221 erunt
486 2160 542 2234 l3;
564 2165 629 2241 jam
658 2162 695 2225 13
720 2165 748 2225 in
773 2165 793 2226 5
817 2165 1016 2242 multiplicata
1040 2164 1114 2224 dant
1136 2159 1190 2235 65,
1214 2159 1322 2222 8vero
1345 2157 1449 2219 octies
1468 2161 1540 2214 amit

175 2245 220 2311 64
252 2260 323 2321 (en,
349 2250 541 2328 supradixi,
572 2249 699 2313 8annis
726 2251 765 2314 13
789 2254 962 2331 contingere
985 2253 1197 2313 conversiones
1221 2249 1380 2316 Veneris).
1428 2245 1540 2339 Itaque

174 2338 311 2398 defectus
341 2340 427 2398 unius
460 2342 628 2418 rectanguli
661 2342 796 2420 proxime
820 2352 996 2419 compensat
1020 2359 1176 2401 excessum
1208 2338 1344 2418 proxime
1368 2340 1541 2413 sequent&

174 2438 208 2486 nt
230 2428 275 2485 ita
297 2426 328 2486 in
352 2427 469 2487 duabus
485 2429 600 2488 vicibus
622 2429 760 2508 proxime
784 2430 830 2489 bis
855 2443 973 2490 utamur
996 2430 1189 2508 proportione
1212 2427 1324 2488 diviua.
1371 2423 1425 2484 Ad
1450 2419 1543 2497 cujus

173 2515 217 2576 rei
240 2514 482 2588 similitudinem,
503 2517 528 2576 si
553 2536 591 2576 ex
614 2517 715 2596 aliquo
738 2516 850 2598 Satyro
873 2519 1025 2578 rusticano
1048 2537 1193 2596 quaeras,
1221 2535 1283 2595 qna
1304 2513 1335 2575 in
1358 2531 1393 2574 re
1417 2509 1544 2572 distorti

173 2602 331 2682 generatio
355 2604 478 2681 plantae
502 2626 521 2664 a
544 2607 738 2682 generatione
761 2605 899 2680 hominis,
923 2607 1134 2683 respondebit,
1165 2606 1193 2665 in
1218 2606 1291 2672 boc,
1325 2601 1409 2680 quod
1431 2599 1544 2678 planta

174 2692 288 2752 babeat
319 2711 423 2752 semen
448 2693 549 2766 inse,
583 2695 685 2772 itaque
709 2714 798 2755 unam
821 2695 957 2755 sufficere
981 2696 1020 2754 ad
1042 2696 1150 2755 similis
1173 2692 1417 2772 generationem,
1452 2693 1490 2748 at
1512 2683 1544 2744 itt

172 2781 292 2841 bomine
316 2781 479 2840 mentulam
504 2796 535 2840 et
560 2784 680 2842 nuliam
703 2784 861 2844 contenire
885 2802 1008 2843 necesse
1032 2803 1115 2853 esse,
1149 2793 1197 2854 ut,
1222 2781 1302 2859 quod
1325 2780 1377 2840 nni
1401 2775 1489 2838 desit
1511 2780 1545 2832 et

174 2869 254 2939 bier,
288 2869 378 2928 alteri
401 2870 534 2929 abundet
558 2881 590 2929 et
612 2872 818 2948 propendeat,
853 2872 1026 2949 duobusque
1051 2871 1220 2930 bominibus
1238 2869 1356 2947 junctis
1391 2880 1424 2927 et
1449 2863 1544 2942 bujut

173 2976 301 3016 excessu
325 2958 355 3016 in
379 2957 460 3017 illins
484 2958 636 3018 delectum
659 2960 784 3030 inserto,
808 2961 916 3019 tertius
940 2959 1046 3020 similis
1070 2969 1224 3020 nascatur.

262 3049 365 3123 Atque
390 3045 437 3104 bic
460 3065 604 3106 excursus
627 3061 703 3119 esto,
729 3067 816 3127 quem
839 3049 910 3107 mibi
934 3049 1061 3108 extorsit
1084 3048 1215 3126 prurigo,
1240 3067 1259 3105 a
1273 3042 1447 3104 Reinbardi
1469 3059 1545 3121 spo·

173 3134 376 3193 solutionibus
399 3134 564 3194 concitata.
613 3137 698 3195 Ludo
722 3138 830 3214 quippe
853 3151 884 3195 et
908 3155 965 3214 ego
984 3137 1129 3216 symbolis
1153 3149 1184 3195 et
1198 3133 1377 3212 opusculum
1396 3129 1543 3192 institui:

173 3222 355 3294 „cabbalam
369 3223 618 3299 geometricam“,
653 3244 730 3303 qnae
754 3238 802 3283 est
817 3225 853 3283 de
869 3225 943 3283 ideis
968 3244 1066 3285 rernm
1089 3225 1271 3285 naturalium
1294 3223 1325 3280 in
1349 3221 1546 3298 geometria

175 3311 231 3370 sed
253 3311 299 3370 ita
322 3309 408 3377 ludo,
441 3323 474 3370 ut
499 3331 545 3370 me
569 3313 673 3372 ludere
697 3332 755 3371 non
778 3313 951 3372 obliviscar.
998 3312 1082 3372 Nihil
1106 3314 1184 3372 enim
1208 3311 1356 3389 probatur
1380 3309 1546 3388 symbola,

174 3399 248 3459 nibil
271 3399 404 3458 abstrusi
426 3400 542 3459 eruitur
564 3401 595 3460 in
620 3400 750 3459 naturali
774 3401 964 3478 philosophia
987 3419 1041 3479 per
1055 3402 1209 3479 symbolas
1224 3399 1443 3476 geometricas,
1470 3410 1545 3459 tau·

173 3498 237 3548 tum
259 3498 332 3547 ante
356 3500 428 3546 nota
452 3490 728 3559 accommodantur,
754 3489 810 3547 nisi
834 3490 925 3548 certis
950 3489 1117 3548 rationibus
1142 3490 1308 3557 evincatur,
1334 3506 1396 3547 uon
1420 3478 1548 3549 tantum

172 3595 242 3636 esse
266 3574 443 3655 symbolica,
467 3577 521 3635 sed
545 3597 614 3636 esse
637 3577 809 3653 descriptos
832 3577 1025 3636 connexionis
1050 3577 1093 3636 rei
1118 3577 1274 3654 utriusque
1289 3576 1400 3635 modos
1415 3586 1451 3636 et
1467 3596 1547 3637 cau·

173 3684 241 3736 sas;
264 3678 298 3723 ut
322 3664 351 3723 iu
376 3666 517 3725 meteoris
541 3680 590 3724 est
613 3666 716 3741 aliqua
744 3683 838 3723 causa
866 3684 976 3741 agens,
1008 3665 1134 3724 rationis
1158 3680 1189 3723 et
1214 3664 1404 3740 geometriae
1429 3683 1547 3746 capax,

173 3772 252 3830 quae
276 3753 315 3810 ad
340 3766 502 3812 irascentes
526 3755 555 3812 in
579 3753 664 3812 coelo
691 3767 832 3830 aspectus
856 3768 934 3823 trem
949 3754 1179 3829 geometricam)
1204 3753 1419 3813 accommodat
1433 3755 1547 3815 modos

173 3856 205 3900 et
228 3859 427 3919 paroxysmos
450 3843 497 3900 sui
521 3842 631 3919 operis,
657 3842 735 3919 quod
759 3855 808 3900 est
831 3842 982 3900 «incitare
997 3841 1136 3900 humores
1152 3842 1381 3910 subterraneos,
1407 3854 1442 3903 ut
1467 3862 1548 3903 ew

172 3942 292 4006 potent.
341 3929 396 3986 llic
432 3931 546 3990 frustra
577 3931 657 3989 alius
693 3929 990 4008 simbolisationibus
1024 3930 1143 3987 innixus
1176 3949 1214 3989 ex
1244 3930 1264 3993 b
1298 3932 1422 4003 nivem,
1457 3937 1549 4000 ead

175 4019 287 4077 tonitru
311 4019 496 4094 expectabit,
522 4038 558 4077 ex
587 4019 610 4088 ’1
635 4019 777 4095 pluriam,
802 4036 818 4075 e
846 4017 866 4077 Ξ
893 4036 1000 4085 rorem,
1025 4036 1064 4075 ex
1089 4028 1105 4085 ζ
1132 4032 1255 4077 rentum
1271 4020 1325 4078 bre.
1375 4017 1442 4079 Sed
1461 4038 1548 4097 geo-

175 4108 285 4166 metria
316 4110 493 4181 tspectunm
526 4109 558 4165 rit
588 4126 682 4165 causa
711 4105 882 4180 objectiva.
917 4123 1040 4164 movens
1065 4107 1217 4166 ,lrcbeum
1241 4108 1484 4168 subterraneum
1507 4106 1547 4167 ad

174 4193 317 4270 impetum
341 4194 490 4269 aliquem,
524 4214 562 4253 ex
594 4213 653 4271 quo
685 4194 785 4253 omnia
815 4195 897 4253 dicta
923 4194 1092 4271 prr-misene
1125 4213 1180 4272 pro
1204 4214 1236 4254 re
1261 4208 1356 4267 nata,
1385 4197 1456 4273 jam
1491 4197 1550 4257 boc

167 4281 235 4359 jam
258 4283 333 4344 illud
351 4282 490 4340 resultat.

263 4372 332 4431 Xon
356 4370 471 4440 dubito,
495 4369 716 4450 Pythaeorices
740 4370 802 4427 tale
825 4368 896 4446 quid
920 4370 1106 4444 respexisse,
1129 4369 1218 4445 quale
1242 4389 1299 4447 ego
1324 4370 1374 4430 bic
1399 4373 1550 4451 proposui

173 4462 211 4518 de
235 4478 362 4519 excessu
387 4469 417 4513 vt
441 4458 561 4518 delectu
595 4458 824 4532 quadratorum.
852 4457 922 4515 dum
947 4457 1075 4537 impares
1099 4476 1239 4517 numeros
1263 4478 1365 4518 mares
1389 4461 1549 4532 dixerunt,

174 4567 265 4625 pares
290 4565 361 4605 vero
388 4544 526 4605 feminas.
572 4544 613 4603 Et
638 4545 741 4607 Plato.
766 4562 796 4602 nt
821 4564 911 4620 snpra
935 4545 1066 4613 dicrum,
1091 4546 1218 4621 primum
1243 4548 1416 4623 imparem,
1441 4549 1474 4609 id
1498 4562 1552 4610 est

174 4635 332 4695 mitatem
358 4635 576 4711 interpretatus
602 4649 648 4690 est
672 4634 793 4697 ..i-leam
808 4654 859 4692 seu
878 4644 1012 4693 r·.·rmam.
1037 4652 1113 4708 quae
1134 4652 1198 4692 ruas
1215 4635 1387 4699 babetur'‘:
1413 4639 1550 4715 pmmnn

174 4741 247 4783 reo
270 4740 394 4798 parem,
426 4722 528 4781 idest
553 4722 709 4783 binarium.
736 4721 892 4781 materiam
917 4720 1006 4785 lecit.
1041 4740 1116 4796 quae
1150 4722 1280 4780 taurinae
1312 4723 1417 4786 instar
1440 4726 1550 4789 habet.
