3428 5542
377 336 387 348 κ
485 306 517 358 de
536 307 683 359 calendario
707 310 733 359 iu
752 323 846 361 unum
863 308 1003 360 MDXOIK
1365 305 1432 375 413
1530 368 1537 377 ,

73 463 146 536 AG,
170 472 203 526 et
226 482 295 524 esse
318 464 348 527 iu
372 464 410 540 Κ,
434 464 465 526 N
488 466 607 544 punctis
630 466 676 527 sui
700 464 839 540 orbis.*)
884 466 930 528 At
944 465 1006 526 dixi
1030 473 1122 527 autea
1144 465 1283 527 vernales
1303 466 1433 546 eclipses

75 555 157 615 circa
181 550 210 613 G
234 552 363 627 tardius,
388 554 577 639 autumnales
601 555 721 618 circaF
744 553 833 617 citius
857 572 1003 634 apparere
1027 572 1116 633 quam
1138 553 1169 615 in
1186 553 1312 616 calcmo
1355 554 1432 617 (lal-

75 641 159 703 culus
182 640 275 719 igitur
297 639 401 703 Solem
424 641 504 703 infra
525 642 574 721 rel
597 651 668 722 post
690 642 720 703 K
743 643 772 704 in
793 643 819 704 L
844 642 973 722 reponit,
996 650 1028 704 et
1050 652 1120 704 ante
1143 641 1172 704 N
1196 642 1227 702 in
1251 638 1289 716 Ο,
1317 650 1352 703 nt
1375 662 1432 722 ap-

71 736 182 810 pareat
213 727 244 790 in
266 727 308 804 E,
341 729 381 792 Η.
428 727 497 800 Quo
529 741 619 810 pacto
643 733 708 806 liet,
742 739 776 792 nt
794 729 877 792 LBO
911 731 953 792 sit
985 730 1131 793 diameter
1162 729 1323 793 eooentrici
1346 729 1429 793 Solis

75 817 157 897 eru
181 824 318 879 centrum
340 816 405 896 ejus
427 818 551 898 propius
567 820 680 882 Terrae
704 819 734 880 iu
758 820 884 892 calculo,
910 837 999 899 quam
1018 819 1047 880 in
1068 817 1290 881 observatione.
1327 816 1431 889 Quare

72 905 99 968 si
129 923 222 966 causa
254 905 363 968 erroris
395 906 550 987 eclipsiuur
574 910 761 971 conferretur
793 909 966 969 incursum
995 906 1091 981 Solis,
1126 907 1319 971 statuendum
1348 915 1432 971 esset

74 995 220 1073 majorem
254 1013 323 1056 esse
346 993 427 1056 Solis
458 996 714 1059 ecceutricitatem
737 997 828 1076 duplo
852 997 929 1070 fere,
964 1015 1052 1076 quam
1076 1014 1096 1055 a
1117 995 1232 1057 calculo
1256 996 1429 1059 assumitur.

73 1083 120 1145 At
141 1084 210 1145 vide
231 1101 306 1162 quae
331 1083 463 1145 absurda
487 1098 691 1163 sequerentur.
736 1087 817 1148 Nam
840 1086 867 1146 si
891 1085 987 1161 major
1008 1083 1090 1146 Solis
1113 1083 1333 1158 eccentricitas,
1359 1103 1430 1165 ergo

73 1182 106 1234 et
128 1173 244 1251 longior
268 1173 404 1234 aestivus
427 1173 643 1249 semicirculus,
669 1183 700 1236 et
722 1174 842 1236 brevior
864 1173 1020 1247 hibernus,
1052 1191 1141 1253 quarn
1165 1181 1292 1252 quantos
1316 1172 1431 1237 faciunt

73 1260 247 1321 astronomi.
293 1262 338 1322 At
360 1261 525 1337 astronomi
553 1282 611 1324 non
634 1271 762 1342 possunt
785 1281 884 1325 errare
908 1261 971 1337 hic,
997 1262 1068 1340 quia
1095 1261 1184 1323 lacile
1207 1270 1257 1324 eet
1283 1262 1429 1325 terminos

72 1349 128 1408 hos
161 1367 199 1408 ex
227 1349 438 1424 observatione
472 1351 728 1430 aequinoctiorum
755 1351 834 1413 satis
865 1359 986 1431 promta
1018 1349 1212 1412 constituere.
1258 1349 1342 1432 Ergo
1375 1359 1430 1413 aut

74 1436 128 1498 Sol
151 1455 211 1497 nou
235 1447 283 1497 est
305 1457 399 1499 cauea
421 1438 508 1517 hujus
532 1440 643 1502 erroris
667 1440 747 1502 circa
769 1440 913 1519 eclipses,
943 1448 997 1503 aut
1020 1439 1241 1500 concedendum
1265 1439 1324 1501 erit
1346 1439 1428 1500 alte-

75 1530 141 1586 rurn
166 1525 343 1586 absurdum:
368 1544 474 1606 nempe
489 1526 592 1590 Solem
615 1528 646 1589 in
668 1547 723 1590 suo
747 1528 818 1592 orbe
843 1527 1010 1590 eccentrico
1034 1524 1156 1588 circaO
1179 1545 1238 1588 non
1262 1528 1429 1607 aequaliter

73 1613 221 1684 incedere,
246 1614 301 1675 sed
324 1615 436 1676 habere
459 1624 595 1679 centrum
619 1616 854 1697 aequalitatisB
878 1616 1001 1696 propius
1017 1615 1142 1676 Terram
1157 1617 1231 1695 (quo
1246 1617 1333 1678 modo
1357 1635 1425 1679 ma-

73 1711 180 1763 nerent
203 1702 247 1763 illi
274 1704 389 1765 numeri
413 1704 597 1767 aestivorum
624 1714 657 1767 et
679 1705 857 1767 brumalium
881 1705 1012 1776 dierum)
1035 1712 1143 1766 centra
1166 1721 1256 1783 quam
1283 1704 1313 1766 in
1337 1722 1430 1785 supe·
1542 1713 1544 1717 ‘

74 1790 211 1863 rioribus,
238 1791 287 1853 ubi
311 1803 447 1853 centrum
470 1794 667 1875 aequalitatis
691 1815 710 1855 a
733 1795 828 1856 Terra
851 1793 968 1872 longius
992 1793 1090 1854 abest.
1138 1789 1228 1861 Quod
1250 1792 1277 1854 si
1292 1793 1358 1872 quis
1372 1793 1429 1855 hoc

74 1879 149 1941 nolit
172 1898 226 1958 pro
251 1880 380 1942 absurdo
405 1882 530 1956 habere,
561 1884 655 1946 lictus
679 1883 816 1963 exemplo
840 1880 992 1950 Mercurii,
1017 1881 1085 1942 huic
1110 1881 1200 1943 aliam
1224 1899 1347 1943 cansam
1371 1900 1427 1961 ap-

72 1985 167 2047 pono,
202 1987 260 2048 qua
284 1968 470 2043 demonstro,
506 1971 608 2033 Solem
639 1991 697 2033 non
730 1990 797 2033 esse
825 1970 855 2032 in
884 1989 978 2033 causa
1005 1969 1093 2048 hujus
1122 1969 1231 2030 erroris
1261 1969 1429 2048 eclipsium.

73 2056 157 2119 Nam
181 2056 229 2117 die
253 2057 412 2120 Pascbatis
437 2069 507 2137 post
530 2059 654 2139 eclipsin
678 2069 769 2122 noctu
792 2060 867 2121 hora
890 2057 1067 2120 duodecima
1090 2058 1177 2119 Luna
1202 2059 1291 2137 plena
1314 2059 1429 2121 coelum
1529 2075 1530 2079 ’

72 2145 220 2207 mediavit
242 2165 309 2207 cum
333 2145 476 2209 Saturno.
523 2148 571 2209 Ex
594 2170 653 2229 qua
676 2148 887 2210 observatione
916 2145 1067 2209 mediante
1090 2146 1289 2208 calculatione
1313 2147 1429 2209 evinci-

74 2242 138 2306 tur,
161 2235 266 2296 Lunae
291 2235 388 2297 locum
411 2237 504 2299 etium
527 2247 590 2298 tum
615 2237 706 2298 luisse
731 2238 838 2310 aliurn,
867 2255 955 2315 quarn
978 2236 1008 2296 in
1031 2235 1162 2306 calcul03
1196 2233 1328 2295 debebat
1351 2236 1428 2297 enim

21 2349 29 2356 ·
73 2323 114 2384 ad
137 2342 271 2385 normam
294 2324 402 2385 calculi
426 2324 589 2388 Saturnum
608 2327 671 2405 jam
696 2345 865 2405 superasse.
913 2322 972 2386 Ubi
1001 2322 1048 2384 bic
1072 2321 1147 2384 Sol?
1176 2321 1332 2402 qui'certe
1355 2324 1428 2386 nibil

74 2412 149 2473 l'ecit
172 2413 210 2473 ad
235 2412 437 2492 indagandum
462 2416 559 2476 locum
581 2414 696 2476 Lunae.
743 2415 825 2492 Ergo
845 2413 934 2493 plane
950 2412 1003 2474 Sol
1019 2410 1186 2472 absolvitur
1204 2412 1242 2471 ab
1258 2411 1314 2472 bac
1329 2411 1426 2492 culpa.

73 2501 198 2577 Utnon
225 2501 323 2562 dicam
346 2502 376 2562 in
400 2522 509 2581 magno
533 2503 664 2580 periculo
696 2503 810 2565 versari
835 2502 1001 2563 doctrinam
1026 2498 1294 2579 aequinoctiorum,
1322 2500 1347 2561 si
1372 2500 1427 2560 lroc

73 2589 104 2650 iu
127 2587 209 2651 Solis
233 2592 335 2651 urbem
364 2591 538 2652 audeamus.
585 2594 687 2670 Atque
711 2592 767 2653 buc
791 2600 838 2652 est
867 2591 945 2670 quod
969 2590 999 2650 iu
1023 2588 1215 2667 prognostico
1239 2606 1305 2649 meu
1334 2588 1426 2667 legis:

75 2679 130 2753 „In
154 2687 237 2739 motu
260 2678 342 2741 Solis
365 2680 430 2741 siue
455 2699 566 2758 magna
588 2679 814 2759 perturbatione
838 2679 949 2741 mutari
972 2676 1045 2739 nihil
1068 2695 1174 2755 posse,
1207 2677 1286 2756 quod
1310 2677 1427 2756 quidem

74 2767 115 2828 ad
138 2767 216 2828 hanc
239 2767 419 2829 anomaliam
442 2769 619 2830 salvandam
643 2768 784 2830 l'aciat.“⁴

163 2853 307 2934 Sequitur
332 2857 433 2920 Luna
466 2857 560 2939 ipsa,
589 2877 679 2939 quam
709 2858 796 2936 hujus
825 2855 930 2934 culpae
958 2873 1042 2915 ream
1068 2853 1229 2916 manifeste
1253 2860 1338 2917 tenet
1369 2854 1428 2915 ob-

72 2943 207 3007 servatio
229 2944 399 3007 Paschalis.
434 2948 578 3009 -Assumo
602 2947 703 3027 itaque
718 2964 851 3007 inensem
871 2943 1034 3017 hibernum,
1061 2942 1133 3005 Sole
1152 2943 1233 3004 circa
1250 2942 1427 3023 principium

74 3031 253 3113 Capricorni
275 3044 427 3104 versante,
452 3035 577 3108 (ceteris
599 3036 737 3114 paribus)
760 3033 881 3096 circiter
904 3039 1031 3112 quatuor
1058 3032 1148 3094 horas
1171 3031 1336 3111 longiorem
1359 3050 1428 3094 esse

78 3141 168 3202 quam
191 3121 351 3200 aestivum,
375 3123 447 3186 Sole
471 3125 552 3187 circa
575 3123 738 3186 solstitium
762 3132 913 3196 versante,
938 3130 1105 3183 ceterorum
1128 3120 1283 3196 mensium,
1307 3127 1341 3182 ut
1360 3120 1427 3200 qui-

73 3209 149 3272 libet
182 3212 372 3290 aequinoetio
400 3215 444 3275 sic
472 3213 612 3275 mediocri
637 3214 796 3292 (quantum
825 3211 959 3272 calculus
986 3209 1102 3288 prodit)
1134 3210 1313 3289 propiorem.
1360 3210 1428 3271 Hoc

71 3309 163 3379 pactu
192 3311 306 3362 certum
334 3312 383 3363 est
413 3302 533 3381 negotio
562 3302 753 3363 satisfactum
783 3300 829 3362 iri.
875 3299 956 3360 Nam
983 3317 1050 3360 cum
1077 3320 1097 3359 a
1119 3317 1227 3362 cancro
1256 3298 1295 3359 ad
1319 3297 1427 3361 libram

73 3401 136 3451 tres
160 3389 268 3450 breves
290 3409 408 3452 menses
432 3397 603 3471 sequantur,
629 3399 698 3451 sunt
720 3387 873 3451 breviores
898 3387 1013 3448 duabus
1037 3387 1128 3459 horis,
1154 3406 1242 3466 quam
1262 3396 1324 3448 tres
1339 3405 1426 3448 men-

72 3499 122 3540 ses
155 3477 333 3540 mediocres.
382 3478 480 3541 Citius
511 3479 604 3558 igitur
627 3479 715 3540 Luna
744 3474 882 3558 pervenit
910 3476 948 3537 ad
972 3474 1092 3549 Solem,
1126 3494 1214 3554 quam
1244 3475 1271 3536 si
1295 3477 1427 3547 (remota

74 3565 319 3629 consideratione
342 3568 405 3647 ejus
430 3565 613 3640 anomaliae)
638 3567 806 3645 aequaliter
829 3584 947 3644 semper
966 3571 1145 3625 moveretur.
1193 3560 1310 3624 Contra
1328 3561 1425 3626 alla-

70 3656 210 3735 pricorno
243 3656 283 3717 ad
305 3657 444 3719 Arietem
471 3666 535 3718 tres
558 3656 636 3718 tardi
668 3663 834 3736 sequuntur
856 3672 989 3727 menses,
1022 3650 1140 3713 tardius
1167 3650 1258 3730 igitur
1287 3651 1429 3731 opinione

71 3747 160 3808 Luna
182 3746 231 3807 vel
254 3746 309 3806 sub
333 3746 436 3809 Solem
459 3745 563 3807 autin
587 3746 615 3807 ei
639 3746 809 3826 oppositam
832 3744 967 3805 umbram
990 3739 1122 3803 incurrit.
1169 3739 1219 3804 Ab
1233 3741 1340 3803 Ariete
1354 3758 1426 3802 vero

68 4063 72 4071 Ι
152 3989 183 4064 *l
211 3995 298 4050 IGFD
326 4003 371 4050 est
398 3996 593 4066 consequentia
620 3997 770 4068 signorum.
811 3995 862 4050 ΕΙ)
885 3992 1147 4066 prosthaphaeresis
1176 3991 1357 4060 diminuenda,
1385 3995 1425 4051 ΙΗ

68 4074 332 4146 prosthaphaeresis
348 4078 485 4147 augenda.
527 4078 593 4132 Cum
608 4095 676 4148 ergo
687 4077 747 4145 jam
760 4092 895 4146 ponamus
910 4077 938 4129 in
951 4076 964 4129 1
978 4075 1074 4128 Ariete
1088 4073 1180 4128 Solem
1192 4073 1304 4146 longius
1318 4075 1347 4129 in
1361 4094 1424 4131 con·

70 4153 218 4225 sequentia
241 4155 360 4220 distare,
389 4172 470 4228 quam
493 4149 521 4210 in
544 4157 651 4212 calculo
675 4156 825 4221 invenitur,
859 4154 944 4209 distet
966 4171 1035 4224 ergo
1057 4154 1133 4207 ultra
1156 4153 1178 4207 Ο
1201 4154 1230 4207 in
1253 4155 1287 4209 N.
1328 4156 1367 4212 Et
1390 4156 1427 4211 sit

67 4234 332 4305 piostbaphaeresis
346 4236 385 4290 IG
399 4235 487 4305 major
501 4252 583 4303 quarn
598 4237 646 4290 ΙΗ.
688 4237 807 4290 Rursum
821 4236 893 4289 euim
906 4251 1038 4305 ponemus
1053 4233 1080 4286 in
1092 4233 1118 4287 D
1132 4232 1219 4288 Libra
1232 4233 1324 4290 Solem
1338 4235 1425 4290 minus

68 4315 99 4368 in
112 4314 313 4384 consequentis
335 4316 448 4381 distare,
473 4331 554 4385 quam
578 4318 605 4370 in
621 4317 727 4369 calculo
742 4315 889 4378 invenitur,
914 4321 971 4369 stet
989 4330 1057 4383 erge
1076 4321 1142 4368 ante
1156 4313 1180 4367 L
1196 4309 1299 4382 (lucum
1313 4312 1424 4381 calculi)

67 4396 98 4449 iu
110 4394 141 4449 K
154 4402 184 4447 et
197 4394 235 4447 sit
247 4395 508 4466 prostbapbaeresis
522 4396 571 4450 ΓΙ)
585 4396 675 4465 major
692 4413 801 4450 rursum
815 4411 896 4465 quam
909 4396 969 4449 ΕΙ).
1012 4394 1079 4447 Cum
1093 4409 1161 4464 ergo
1175 4395 1256 4448 Luna
1278 4397 1425 4450 secuudum

70 4475 209 4528 caleulum
223 4475 325 4528 debeat
337 4492 425 4546 usque
438 4477 467 4530 in
480 4476 505 4529 L
518 4477 630 4539 moveri,
646 4483 677 4530 ut
690 4475 782 4530 Solem
796 4477 824 4530 in
838 4477 862 4530 Ε
877 4481 1051 4544 assequatur,
1076 4473 1257 4543 deprehendit
1270 4475 1348 4529 illum
1361 4475 1389 4528 iu
1402 4482 1425 4536 F

67 4561 99 4607 et
119 4570 175 4607 non
198 4570 267 4624 opus
280 4553 402 4609 baberet
423 4555 540 4610 ulterius
564 4557 617 4611 nisi
631 4556 659 4610 in
674 4557 697 4618 Q
711 4556 851 4627 progredi.
892 4554 938 4609 Sic
951 4571 1012 4608 uum
1034 4553 1177 4608 existimet
1197 4555 1318 4609 calculus
1332 4555 1425 4619 Solem

69 4635 98 4687 in
110 4635 141 4688 H
154 4641 295 4703 repertum
307 4633 342 4688 iri
353 4635 470 4706 ideoque
483 4637 592 4691 Lunam
605 4637 634 4690 in
647 4638 670 4691 Τ
684 4637 852 4691 solummodo
871 4636 1030 4698 constituat,
1055 4641 1152 4688 uontm
1165 4634 1213 4690 Sol
1228 4635 1303 4690 ultra
1314 4637 1343 4690 Η
1356 4635 1385 4689 in
1399 4643 1424 4697 G

66 4720 112 4769 est
125 4721 156 4768 at
168 4713 266 4769 Lunae
277 4713 380 4770 diutius
393 4718 512 4773 eundum
525 4719 611 4772 donec
624 4717 729 4773 ultra'l'
743 4717 806 4772 inR
819 4714 922 4772 veniat.
941 4716 1020 4771 Haec
1033 4720 1101 4785 pute
1119 4714 1204 4800 paulo
1219 4715 1347 4773 clariora.
1387 4721 1423 4781 K.
