3428 5542
778 301 939 352 monim.
1489 298 1532 366 ²9

274 458 373 521 Datae
398 456 418 520 7
440 458 511 520 Jan.
534 458 582 520 vel
606 455 648 523 ²8
670 458 743 522 Dec.
767 461 838 522 anni
860 461 1029 540 incipientis
1057 457 1153 536 1597,
1185 480 1272 541 quem
1295 460 1350 524 tibi
1373 468 1442 523 tuae
1462 479 1531 523 con·

176 548 261 628 jugi,
286 566 403 623 socero,
428 548 609 629 collegisque
633 550 768 612 omnibus
792 550 928 612 foelicem
949 568 1064 629 precor.

816 639 855 702 H.
880 640 915 700 T.
963 637 1094 703 Gratias.
1120 640 1193 701 disc.

1211 727 1257 789 ss.
1280 726 1334 790 Jo.
1357 724 1486 808 Kepler.

254 881 284 933 ln
302 883 407 948 spuens
422 882 564 947 Ksplsri
582 897 646 950 qnae
663 884 727 936 hanc
746 885 812 936 brari
829 887 961 939 snbaacuta
978 893 1017 937 ast
1033 885 1097 936 haee
1115 901 1170 936 curn
1188 886 1221 936 ad
1238 899 1277 937 ros
1295 886 1455 945 demordeas,
1478 892 1531 936 tum

180 952 217 1004 ad
234 968 296 1018 epm
312 956 462 1018 pertinentia
479 955 597 1022 legimur:

271 1075 409 1140 Salutem
422 1078 590 1158 plurimam.
624 1077 780 1142 Neminem
793 1080 963 1142 mortalium
977 1079 1115 1142 existimo
1129 1079 1239 1156 vivere,
1264 1081 1348 1161 cujus
1367 1081 1412 1142 ita
1434 1080 1531 1159 fugiat

179 1165 400 1247 providentiam
423 1167 544 1230 senuna
566 1187 636 1240 aua,
662 1176 698 1229 ut
719 1187 765 1230 me
789 1187 857 1230 mea
879 1168 975 1249 fugit:
1006 1169 1052 1232 cui
1081 1168 1159 1230 bona
1188 1170 1321 1249 speranti
1350 1177 1381 1232 et
1405 1169 1530 1250 jamjam

179 1254 292 1317 fruenti
314 1254 464 1318 foelicitas
488 1275 504 1317 e
527 1255 661 1318 manibus
685 1255 833 1320 clabitur:
862 1265 968 1327 contra
994 1258 1075 1320 mala
1101 1258 1246 1320 metuenti
1277 1267 1309 1321 et
1331 1258 1459 1339 jamjam
1482 1258 1528 1320 vi-

179 1342 266 1406 denti
287 1343 368 1406 bona
388 1344 537 1408 eveniunt.
569 1345 671 1425 Atque
695 1344 768 1408 haec
787 1365 854 1408 mea
872 1346 998 1421 fortuna,
1024 1365 1080 1428 qno
1104 1346 1201 1427 magis
1224 1347 1280 1410 hoc
1302 1355 1435 1427 tempore
1458 1346 1530 1408 mibi

177 1431 347 1506 blanditur,
371 1433 427 1496 hoc
450 1433 547 1514 magis
569 1433 640 1495 milii
662 1443 761 1496 metuo
785 1434 823 1497 ab
846 1434 912 1509 illa,
936 1444 985 1510 ut,
1008 1436 1034 1497 si
1057 1435 1217 1516 aliquando
1241 1435 1314 1498 mihi
1336 1436 1390 1498 fiat
1412 1435 1530 1497 infensa

178 1524 231 1595 (ut
253 1541 312 1583 non
334 1522 414 1584 solet
436 1541 503 1584 csse
527 1525 683 1596 constans)
706 1524 763 1585 hoc
785 1524 863 1586 idem
887 1523 1037 1604 ingenium
1061 1543 1145 1586 suum
1168 1525 1307 1588 retincat.
1348 1524 1427 1586 Nam
1450 1524 1529 1586 bona

177 1611 228 1672 vel
251 1629 340 1673 coeco
365 1611 504 1674 obvenire
528 1620 559 1674 et
576 1611 741 1697 somnianti
765 1612 844 1673 nulla
867 1612 1024 1675 calamitas
1048 1621 1114 1675 cst:
1143 1613 1224 1675 mala
1244 1632 1315 1677 vero
1339 1613 1431 1676 etiam
1452 1632 1526 1693 pro-

177 1699 259 1763 vidis
282 1701 597 1780 etpraesagientibus
620 1700 725 1781 gravia
749 1709 831 1775 sunt,
859 1702 966 1764 nedum
989 1702 1016 1764 si
1045 1702 1118 1763 bene
1142 1711 1299 1782 sperantes
1324 1711 1446 1782 repente
1469 1721 1525 1783 op-

176 1788 320 1870 primant.
355 1788 435 1851 Ecce
451 1787 654 1851 Comoediam.
692 1789 771 1851 Duxi
795 1809 872 1851 anno
896 1785 938 1852 96
961 1810 1092 1865 uxorem,
1119 1810 1174 1852 nec
1198 1791 1277 1853 alind
1302 1798 1365 1853 toto
1389 1791 1527 1854 semestri

178 1877 279 1951 sensi,
312 1877 554 1940 confirmantibus
586 1897 632 1939 me
666 1878 760 1940 literis
791 1879 1033 1958 gravissimomm
1061 1878 1198 1942 virorum.
1249 1881 1363 1943 Laetus
1394 1880 1468 1943 redii
1496 1880 1526 1943 in

178 1966 329 2049 Styriam;
353 1975 387 2029 ut
408 1966 491 2038 veni,
515 1966 631 2028 nemine
655 1986 712 2028 non
735 1967 921 2046 gratulante,
945 1968 1017 2030 mibi
1040 1976 1156 2031 secreto
1180 1969 1342 2042 indicatur,
1366 1988 1412 2031 me
1437 1988 1527 2031 uxore

154 2055 339 2120 excidisse.
390 2054 468 2135 Spes
496 2056 625 2136 conjugii
654 2075 707 2136 per
734 2065 879 2119 semestre
912 2057 1046 2119 radicata
1075 2076 1188 2119 moram
1219 2058 1343 2119 alterius
1374 2059 1527 2120 semestris

178 2144 345 2225 requisivit,
369 2144 462 2207 donec
486 2163 601 2207 rursum
625 2144 834 2214 eradicaretur,
860 2154 950 2226 atque
973 2165 1029 2226 ego
1051 2146 1170 2225 penitus
1194 2146 1264 2208 mihi
1284 2142 1343 2227 ipsi
1361 2148 1525 2225 persuade-

176 2252 251 2308 rem,
274 2233 390 2297 irritam
413 2252 499 2310 esse,
523 2233 671 2314 aliamque
695 2235 774 2296 vitae
798 2234 943 2297 rationem
968 2235 1081 2296 inirem.
1114 2235 1175 2298 Ubi
1194 2236 1384 2317 desperatum
1407 2237 1526 2316 penitus

178 2330 237 2397 eat,
260 2342 294 2384 re
312 2323 378 2402 jam
402 2322 440 2383 ad
464 2322 658 2384 ministerium
682 2323 792 2396 delata,
817 2342 886 2385 ecce
909 2341 1017 2385 novam
1039 2343 1228 2404 reponemus.
1270 2324 1368 2387 Movit
1391 2324 1525 2388 homines

175 2409 335 2475 ministerii
359 2410 524 2486 autoritas,
558 2421 589 2473 et
618 2412 645 2475 si
672 2419 895 2491 comparerent,
929 2413 1087 2475 ludibrium
1111 2432 1204 2476 suum.
1251 2414 1357 2495 ltaque
1386 2413 1526 2476 certatim

177 2520 282 2563 omnes
301 2499 368 2580 jam
390 2500 513 2574 viduae,
542 2500 605 2581 jam
632 2500 764 2580 parentis
789 2501 916 2562 animum
943 2501 1041 2562 adorti
1070 2519 1121 2563 eos
1145 2511 1367 2583 expugnarunt,
1396 2503 1525 2585 mihique

179 2608 271 2651 novas
295 2589 489 2651 confecerunt
510 2590 641 2668 nuptias.
687 2586 753 2659 Quo
776 2607 833 2650 nno
856 2589 969 2668 impetu
993 2598 1166 2651 corrnerunt
1189 2591 1287 2652 omnia
1310 2610 1378 2652 mea
1401 2591 1526 2654 consilio

182 2678 217 2740 dc
237 2678 302 2740 alia
324 2679 388 2740 vita
411 2678 549 2740 ineunda.
587 2679 688 2757 Usque
708 2678 782 2739 adeo
802 2695 860 2738 non
880 2686 927 2739 est
950 2678 978 2738 in
998 2678 1124 2739 hominis
1148 2687 1301 2758 potestate
1325 2681 1389 2741 dies
1413 2680 1524 2742 crasti-

179 2786 243 2831 nus.
290 2767 377 2829 Haec
400 2768 439 2828 ad
462 2775 508 2843 te,
533 2768 715 2846 Praeceptor
737 2766 917 2843 clarissime,
941 2768 1057 2847 meique
1081 2767 1301 2842 amantissime,
1326 2788 1392 2830 cnm
1415 2777 1448 2830 ιιι
1469 2768 1527 2830 tibi

176 2856 409 2919 sollicitudinem
434 2856 559 2926 demam,
583 2863 645 2918 tum
669 2856 706 2917 ob
730 2874 825 2917 mcum
849 2855 1031 2937 opusculum.
1069 2854 1213 2927 Quamvis
1232 2876 1283 2919 cur
1302 2875 1399 2918 meum
1417 2857 1524 2932 dicam,

175 2964 271 3008 causa
295 2944 423 3007 obscura
445 2953 477 3006 et
499 2945 596 3007 tenuis
620 2953 677 3006 ιιι.
714 2944 763 3007 llli
786 2944 863 3006 enim
887 2963 943 3024 ego
967 2943 1084 3006 Semele
1109 2944 1158 3019 fni,
1183 2953 1215 3007 ιιι
1238 2944 1366 3025 Jupiter.
1410 2947 1476 3009 Aut
1499 2947 1524 3008 si

175 3033 265 3098 malis
287 3034 442 3096 Minervae
464 3034 535 3096 illud
553 3052 725 3113 comparare
740 3051 827 3116 quam
841 3033 968 3095 Libero:
992 3033 1111 3114 Jupiter
1125 3052 1180 3115 ego
1195 3035 1293 3115 capite
1308 3034 1381 3097 illud
1395 3036 1522 3116 gestavi,

176 3124 232 3186 aed
254 3122 313 3185 nisi
336 3132 369 3185 tu
388 3123 543 3185 Vulcanus
567 3141 632 3184 curn
655 3121 775 3202 bipenni
799 3122 907 3185 luisses
932 3122 1153 3198 obstetricatns‚
1179 3143 1327 3205 nunquam
1349 3143 1406 3205 ego
1427 3143 1523 3205 pepe·

177 3232 296 3276 russam.

265 3301 351 3364 Illius
374 3300 465 3382 igitur
488 3299 621 3380 opusculi
644 3295 709 3362 200
728 3299 911 3380 exemplaria
933 3317 1030 3362 emere
1054 3308 1198 3380 gravatus
1220 3320 1286 3363 sum
1309 3300 1339 3364 iu
1362 3303 1523 3383 superiori·

176 3392 233 3455 bna
256 3391 353 3454 literis
384 3391 421 3451 ob
450 3391 526 3452 duas
552 3388 739 3469 potissimum
771 3407 896 3463 causas,
929 3388 1055 3468 primum
1084 3390 1152 3470 quia
1180 3391 1349 3454 metuebam
1378 3401 1523 3467 sumtum

177 3481 305 3554 deinde,
339 3480 409 3560 qnia
437 3480 554 3540 omnino
582 3477 654 3539 mibi
684 3495 915 3557 proposueram,
947 3478 1012 3540 lata
1043 3496 1143 3540 coram
1170 3479 1334 3542 ministerio
1362 3483 1522 3556 sententia,

177 3569 343 3634 discedere.
389 3569 457 3631 Non
480 3567 618 3629 videbam
643 3575 756 3640 autem,
787 3584 925 3647 quorsum
951 3565 1037 3635 mihi,
1067 3585 1125 3627 non
1149 3568 1198 3629 diu
1222 3568 1269 3630 hic
1292 3577 1521 3642 commoraturo,

176 3659 338 3740 prodesset
371 3665 488 3719 tanturn
516 3675 590 3717 onus
620 3655 841 3734 exemplarium.
893 3655 963 3717 Jam
990 3662 1057 3716 rato
1085 3673 1150 3716 meo
1178 3657 1315 3737 conjugio
1344 3659 1522 3720 manendum

176 3748 250 3810 mihi
273 3757 340 3808 est:
366 3755 396 3808 et
414 3746 543 3826 pretium
560 3744 727 3806 tolerabile.
759 3745 827 3807 Non
851 3763 949 3825 pugno
972 3743 1063 3821 igitur
1083 3743 1219 3823 amplius,
1244 3744 1322 3826 quin,
1345 3747 1372 3808 si
1394 3747 1523 3810 nondum

177 3856 244 3900 cnm
273 3836 460 3916 typographo
488 3833 648 3915 pepigisti,
679 3833 744 3912 jam
776 3851 865 3913 porro
895 3832 948 3894 illa
977 3829 1042 3895 200
1069 3833 1251 3911 exemplaria
1279 3834 1350 3896 mihi
1378 3835 1521 3900 vindices.

178 3925 398 4008 'lypographus
420 3942 545 4004 parvam
562 3940 675 3984 moram
690 3941 784 4003 aequo
800 3922 897 3984 animo
912 3922 999 3983 ferat.
1033 3920 1107 3983 Mihi
1131 3921 1266 3984 intanto
1289 3923 1403 3986 itineris
1426 3926 1520 3989 inter-

177 4016 276 4088 vallo,
308 4022 397 4075 tanta
422 4020 560 4075 monetae
582 4011 730 4073 varietate
754 4010 1035 4090 tabellariorumque
1058 4010 1182 4090 perfidia
1203 4029 1264 4072 non
1285 4012 1329 4074 ita
1352 4015 1521 4094 expeditum

178 4112 235 4180 eat,
259 4103 417 4184 pecuniam
440 4120 603 4164 numerare.
649 4100 757 4161 Tribus
781 4107 882 4162 antem
913 4099 1039 4161 diversis
1062 4097 1169 4161 Snevis
1192 4102 1317 4163 eandem
1339 4120 1414 4181 pene
1437 4124 1520 4166 surn-

178 4213 256 4261 mam
280 4189 323 4256 33
347 4193 521 4257 florenorum
544 4189 592 4251 hio
617 4187 735 4250 Graetii
754 4189 819 4268 jam
842 4188 1007 4263 numeravi,
1034 4207 1121 4269 quarn
1145 4188 1188 4251 illi
1211 4208 1264 4269 per
1287 4210 1357 4252 suos
1379 4202 1520 4273 parentes

180 4281 432 4367 Groppenbachio
462 4286 616 4341 numerent
642 4278 723 4340 intra
749 4278 899 4339 trimestre
928 4285 1054 4358 tempus.
1105 4274 1145 4339 10
1168 4279 1197 4341 fl.
1221 4278 1376 4342 Hervarto
1399 4280 1519 4344 Esslin-

178 4372 273 4452 gensi,
298 4364 409 4451 8¹1,st
433 4368 526 4431 Lucio
540 4366 768 4448 Waiblingensi,
797 4363 837 4428 12
860 4367 891 4428 fl.
914 4367 1025 4429 Murrio
1048 4366 1249 4446 Marpacensi.
1282 4368 1323 4430 Et
1345 4370 1382 4431 dc
1406 4370 1519 4432 duobus

177 4460 291 4524 ultimis
309 4461 373 4541 jam
395 4466 495 4521 certus
518 4476 597 4528 sum,
628 4457 664 4518 de
687 4456 781 4537 primo
804 4463 838 4517 ut
859 4455 923 4518 viro
946 4456 1093 4537 locuplete
1116 4455 1191 4517 bene
1214 4476 1311 4537 spero.
1359 4457 1420 4521 Sed
1443 4459 1519 4521 hanc
1594 4476 1600 4492 ·

177 4549 350 4613 intricatam
375 4545 531 4610 solutionis
554 4546 634 4608 viam
652 4543 855 4628 typographus
873 4545 975 4625 procul
996 4543 1084 4607 dubio
1105 4545 1290 4608 aversabitur
1312 4555 1346 4608 ut
1364 4547 1517 4610 incertam.

178 4637 282 4711 Quare
305 4637 380 4701 nihil
402 4637 446 4701 illi
469 4637 505 4698 de
536 4636 621 4697 modo
651 4635 752 4705 dicas,
782 4641 917 4708 tuntum,
947 4633 1163 4713 persoluturum
1190 4654 1237 4698 me
1265 4634 1412 4698 bominem
1440 4637 1519 4699 intra

179 4725 341 4798 lucenses
364 4727 402 4788 ab
426 4745 478 4798 eo,
508 4744 564 4808 qno
589 4723 770 4805 exemplaria
793 4740 945 4802 accepero.
992 4720 1174 4803 Opusculum
1197 4722 1293 4805 ipsum
1316 4724 1386 4787 mihi
1408 4726 1517 4809 placet,

179 4827 210 4882 et
233 4818 352 4881 omnino
375 4815 549 4896 gratissima
570 4814 693 4877 catilla
715 4821 769 4875 tua
791 4810 944 4874 annotatio
968 4811 1005 4874 de
1027 4812 1203 4892 Aristarcho
1226 4811 1337 4883 Samio.
