3428 5542
175 289 241 355 338
343 252 347 269 ι
597 290 697 364 Literae
714 292 817 357 Kepleri
835 292 986 358 aliorumqm
1003 300 1106 344 maurae

175 450 227 500 dies
247 446 298 499 aas
318 449 462 510 dispartitur
480 456 506 497 et
523 449 632 499 latenter
649 463 676 499 se
694 450 827 501 immiscet
864 450 929 501 Puto
947 452 1115 501 astronomica
1132 450 1299 503 fundamenta
1315 451 1363 502 boc
1382 467 1434 503 noa
1447 452 1535 503 ιω·

174 529 236 571 tere.
273 519 350 583 Cupio
369 527 439 568 tunm
455 520 574 582 judicium
592 519 686 571 andire.

264 592 471 671 Keplerns:
515 591 548 652 ln
573 593 749 671 quaestione
774 592 810 653 dc
834 593 947 655 amissa
981 593 1027 653 die
1058 612 1149 654 vocas
1179 613 1225 655 rne
1248 593 1420 673 promiscue
1445 594 1536 657 etiam

176 681 213 741 od
237 681 356 741 calceos
381 681 594 758 extergendos,
628 681 711 759 prins
741 700 787 740 mo
816 681 930 759 poculis
960 682 1150 744 adhibueras.
1198 680 1279 753 Quid
1308 682 1363 745 tibi
1388 683 1438 744 lric
1461 702 1536 765 opus

176 779 224 831 cst
246 789 314 829 mea
336 768 538 847 responsione,
566 770 594 830 in
620 788 660 842 re,
687 787 775 848 quam
800 770 864 849 ipse
889 770 1002 830 calles?
1041 771 1260 851 Navigationes
1285 771 1354 833 illas
1378 792 1439 833 non
1461 772 1536 853 legi3

176 859 266 919 miror
289 857 401 918 nnllam
425 858 518 917 talem
542 857 732 918 mentionem.
771 857 878 920 Nonne
903 858 930 919 in
946 858 1025 920 Asia
1048 858 1101 921 Sol
1126 861 1215 921 citios
1239 860 1335 922 oritur
1358 870 1391 922 et
1416 860 1536 937 occidit,

176 966 265 1027 quam
290 947 367 1025 apud
393 946 468 1005 nos?

247 1034 433 1083 Fabricius:
465 1031 605 1092 Quaeritur,
625 1047 658 1082 an
677 1032 782 1097 physica
800 1047 878 1082 causa
895 1034 965 1083 reddi
983 1035 1080 1097 possit,
1098 1035 1163 1100 qnod
1183 1035 1338 1084 metallorum
1360 1034 1469 1085 sonoras
1488 1036 1536 1085 sir-

173 1105 236 1172 gula
248 1118 326 1154 aurea
353 1099 527 1165 (Haselruthe)
556 1105 609 1152 auri
628 1105 667 1154 rel
696 1106 793 1168 argenti
812 1105 919 1154 mineras
938 1104 1085 1168 explorent?
1120 1105 1174 1170 Ego
1193 1120 1223 1154 ex
1236 1102 1395 1155 diaboliluau
1414 1114 1537 1173 etsupac

177 1178 277 1226 stitione
295 1175 421 1224 hominurn
448 1175 473 1224 id
492 1175 548 1223 oriri
567 1181 634 1237 puto.
672 1174 714 1225 Sic
734 1174 798 1238 quod
817 1189 894 1239 sagae
923 1184 1058 1227 accusatae
1085 1192 1129 1242 per
1148 1191 1239 1242 aquarn
1267 1177 1440 1240 explorantnrr
1470 1176 1540 1227 nulla

177 1247 281 1311 physica
300 1261 378 1295 causa
397 1247 450 1294 dari
468 1253 558 1310 potest.
597 1245 638 1294 Sic
657 1246 708 1294 ridi
726 1247 787 1292 meis
807 1246 883 1294 oculis
903 1244 978 1310 (qnod
998 1248 1059 1297 alita
1078 1263 1129 1297 uon
1148 1246 1316 1308 credidissem)
1336 1249 1402 1313 quod
1421 1246 1536 1299 Naribus·

177 1320 261 1384 gensis
279 1318 380 1382 quidam
397 1315 437 1367 lric
456 1332 500 1380 per
517 1324 610 1364 motum
629 1318 700 1366 cribri
720 1317 854 1378 exploravit
871 1319 957 1366 iurem.

180 1448 183 1453 .
263 1391 461 1466 Keplerus:
502 1389 661 1467 Virgnlam
685 1397 768 1448 tuam
792 1388 923 1450 divinam
948 1400 978 1450 et
993 1390 1177 1468 praestigias
1200 1390 1255 1451 tibi
1271 1391 1400 1464 lrabeas;
1426 1409 1536 1453 usen-

177 1479 235 1540 tior
263 1480 364 1558 plane.
411 1478 511 1538 Multa
538 1478 567 1538 in
598 1484 707 1554 natura
735 1477 852 1555 quidem
882 1478 1013 1552 occulta,
1053 1478 1116 1540 tale
1142 1498 1212 1541 vero
1243 1479 1314 1540 nihil
1344 1479 1375 1540 in
1398 1490 1537 1559 apertum

177 1568 340 1647 prolatum,
366 1566 443 1646 qnod
469 1565 604 1626 naturale
629 1564 686 1626 sit:
711 1566 889 1645 praesertim
914 1566 982 1646 quia
1006 1567 1034 1627 vi
1058 1566 1216 1627 verberum
1239 1567 1409 1629 efficiuntur
1432 1570 1502 1630 ista.

247 1672 441 1721 Fabricius·
474 1670 530 1730 Qua
548 1673 644 1721 ratione
663 1671 783 1721 radicalia
805 1674 877 1737 signa
901 1673 996 1721 urbium
1020 1679 1045 1721 et
1068 1675 1196 1737 regionum
1214 1666 1390 1737 inquirunturi
1427 1671 1536 1723 Drst-

176 1760 226 1794 non
246 1750 292 1800 est,
313 1745 386 1808 signa
405 1752 430 1792 et
448 1743 529 1792 sidera
547 1745 668 1806 respicere
687 1743 782 1806 aliquas
801 1745 914 1808 regiones
932 1745 1019 1806 majori
1038 1746 1133 1793 virtutis
1151 1744 1253 1799 influxu,
1271 1757 1347 1808 qnam
1364 1742 1440 1795 aliu.

266 1815 466 1894 Keplerns:
510 1813 605 1893 Signa
628 1813 750 1876 urbibus
773 1815 894 1894 propria
916 1834 1010 1895 nego;
1042 1834 1118 1894 quae
1143 1824 1213 1876 sunt
1236 1817 1377 1889 urbibus,
1402 1813 1534 1877 suntab

179 1923 266 1985 reges
290 1913 322 1964 et
344 1904 455 1965 multos
479 1903 634 1981 primates,
659 1921 763 1981 regum
788 1903 909 1978 amicos,
936 1905 963 1964 in
989 1924 1046 1965 uno
1071 1904 1171 1984 aliquo
1195 1904 1433 1965 consentientes.

249 1992 434 2042 Fabricius:
466 1991 539 2040 Unde
557 1991 634 2042 habes
653 1993 757 2056 genesin
776 1991 828 2056 sig.
848 1991 969 2042 Bathori?

264 2065 464 2143 Keplerns:
489 2063 616 2125 Bathori
631 2063 754 2143 genesin
770 2063 840 2124 mihi
852 2062 1038 2142 Capitoneus
1053 2062 1174 2144 Styriae
1189 2062 1436 2138 Herbcrstenius,
1452 2063 1533 2142 jussu

176 2154 303 2215 illustris
327 2171 474 2233 personae
504 2155 572 2221 (aut
595 2150 701 2213 matris
725 2153 916 2213 archidncum
941 2162 994 2213 ant
1018 2152 1194 2230 repudiatae
1216 2151 1376 2232 principis)
1405 2151 1533 2214 tradidit

174 2242 414 2304 examinandam.
433 2272 471 2283 —
493 2241 551 2302 Pro
567 2240 778 2302 observatione
803 2239 855 2303 29.
871 2242 940 2302 Jan.
960 2238 1053 2303 1603.
1072 2238 1115 2319 (ν.
1137 2261 1162 2300 s.
1179 2260 1208 2320 p.
1226 2236 1304 2312 32³)
1324 2240 1445 2319 gratias
1464 2258 1531 2320 ago.

245 2349 413 2398 Fabricius
432 2346 508 2396 literis
529 2342 564 2410 [d.
585 2347 608 2396 d.
625 2343 656 2395 ll
679 2343 747 2407 (2l.)
760 2347 835 2396 Mart.
857 2341 948 2411 1603J,
968 2361 982 2395 e
1001 2347 1087 2410 quibus
1106 2348 1236 2410 sequentia
1254 2347 1427 2404 desumsimns,
1447 2346 1533 2397 aeden

174 2419 213 2470 die
232 2419 294 2469 alias
314 2418 424 2477 addidit,
444 2425 470 2467 et
481 2420 548 2482 ipsas
567 2418 750 2482 quaestionibus
769 2421 887 2472 reiertas,
907 2418 939 2467 ad
958 2431 1019 2482 quas
1039 2416 1162 2480 Keplerus
1181 2418 1218 2466 his
1237 2424 1334 2466 tanturn
1352 2419 1534 2482 interrumpi·

173 2492 329 2541 orationemz.
345 2490 393 2548 ,ad
413 2490 468 2538 illas
488 2487 528 2537 ll.
549 2488 633 2537 lllartii
652 2489 781 2553 geminas“
802 2489 927 2553 respondit
944 2491 969 2537 in
989 2488 1075 2537 iisdem
1094 2488 1171 2537 literis
1190 2488 1213 2537 d.
1233 2488 1256 2537 d.
1278 2486 1302 2536 4.
1321 2488 1388 2538 Julii.

245 2562 430 2662 Ριδῐίοἱυεφ
460 2561 546 2610 Habes
564 2560 604 2609 hic
623 2561 780 2624 quaestiones
794 2561 925 2610 nonnullas
939 2560 1010 2615 alias,
1029 2561 1053 2608 in
1066 2560 1185 2623 prioribus
1198 2561 1313 2609 omissas:
1334 2559 1402 2620 Quid
1415 2561 1447 2610 ds
1464 2574 1532 2625 gae·

173 2635 297 2683 mantia
312 2633 427 2695 judicas.

259 2704 460 2784 Keplerus:
504 2701 580 2763 Cum
604 2700 777 2781 geornantia
801 2704 917 2762 facesse
946 2703 984 2762 ad
1009 2701 1156 2780 virgulam
1184 2701 1332 2776 divinam3
1362 2701 1437 2764 nihil
1462 2700 1532 2783 legi,

174 2793 229 2855 nisi
254 2812 330 2874 qnae
354 2791 384 2853 J.
408 2791 528 2854 Fortius
551 2789 785 2869 Ringelbergins
809 2790 966 2851 furibundo
990 2790 1108 2851 calamo
1132 2790 1278 2851 exaravit

242 2899 424 2949 Fabricius:
453 2897 493 2947 De
511 2895 663 2961 quadratura
681 2897 765 2947 circuli
782 2897 870 2947 dubim
888 2912 951 2956 sum,
971 2896 1030 2963 qnid
1047 2897 1161 2945 utilitatis
1180 2895 1256 2946 inde?

260 2970 465 3049 Keplerus:
503 2968 621 3030 Nesciri
646 2988 713 3029 eam
736 2969 921 3043 necessario,
956 2977 1077 3048 repetes
1101 2988 1138 3029 ex
1161 2969 1309 3046 prioribus
1335 2968 1452 3042 literis,
1485 2968 1533 3030 nbi

171 3058 427 3138 comparationem
462 3058 542 3119 inter
574 3057 737 3120 rationalia
770 3066 802 3120 et
824 3058 1013 3120 irrationalia
1041 3058 1159 3120 cossica
1183 3066 1214 3118 et
1237 3056 1381 3120 circulum
1406 3056 1533 3121 institui

172 3147 296 3210 Nullum
320 3166 405 3208 usum
428 3146 526 3207 video.

244 3254 430 3303 Fabricius:
455 3251 588 3302 Rationem
608 3253 800 3302 directionis
818 3254 844 3300 in
863 3251 936 3300 Luna
955 3252 1030 3300 latins
1048 3253 1198 3316 explicatam
1218 3250 1298 3301 velim

260 3325 461 3403 Keplerus:
497 3323 531 3386 Si
546 3325 633 3385 Luna
656 3334 774 3385 careret
797 3325 917 3404 proprio
941 3332 1034 3398 motu,
1059 3331 1229 3386 moveretur
1243 3334 1344 3384 tamen
1370 3341 1467 3404 aeque
1481 3340 1532 3385 ce-

175 3413 277 3476 leriter
300 3412 376 3487 Soli,
401 3432 574 3495 quocunque
599 3414 664 3475 loco
688 3412 729 3473 sit
753 3414 813 3475 sita
837 3413 1010 3494 quiescens:
1037 3413 1107 3492 qnia
1130 3413 1196 3493 ejus
1220 3411 1301 3473 orbis
1326 3412 1534 3475 circumierim

174 3504 325 3574 aTerra,
364 3502 449 3581 cujus
479 3511 578 3564 motus
603 3500 684 3563 Solis
709 3511 822 3564 motum
846 3512 1065 3582 repraesentat.
1112 3503 1181 3563 Janr
1206 3501 1288 3576 dico,
1319 3520 1396 3581 quae
1421 3500 1533 3562 Terrae

173 3601 295 3654 nostrae
311 3593 417 3652 matris
433 3601 515 3652 rnotu
531 3600 717 3666 moveantur,
742 3591 921 3672 significare,
946 3591 1070 3671 reliqna,
1097 3610 1173 3670 quae
1188 3588 1318 3671 proprio,
1344 3591 1531 3669 promittere.

178 3683 263 3743 Luna
286 3691 410 3760 utroque
436 3680 643 3754 communicat,
670 3680 819 3757 significat
844 3681 935 3760 igitur
959 3690 991 3741 et
1009 3682 1168 3760 promittit.
1207 3678 1415 3758 Sigrrilicatrirr
1432 3678 1531 3759 igitur,

174 3781 205 3831 ut
233 3779 298 3843 cst,
334 3770 491 3849 dirigenda
520 3769 658 3844 omnino,
684 3780 714 3830 et
738 3770 766 3831 id
790 3781 870 3832 motu
897 3768 997 3841 Solis,
1023 3781 1086 3830 tam
1110 3769 1218 3830 celeris
1242 3777 1290 3830 cst
1314 3767 1382 3846 ejus
1407 3767 1533 3829 directio

174 3879 262 3938 quarn
286 3857 367 3919 Solis
397 3867 428 3920 et
460 3859 487 3920 in
517 3858 660 3938 ecliptica
689 3868 721 3920 ut
752 3859 811 3921 ille.
859 3857 892 3919 Si
923 3858 993 3938 quid
1022 3858 1105 3919 aliud
1129 3857 1251 3937 scripsi,
1285 3857 1364 3936 quod
1387 3854 1534 3937 explicari

173 3947 266 4026 cupis,
293 3947 322 4008 id
346 3947 468 4009 excidit.

244 4036 427 4086 Fabricius:
454 4036 531 4100 Cupio
551 4037 623 4091 scire,
643 4035 701 4099 quid
720 4042 747 4083 tn
761 4035 791 4084 de
804 4037 907 4098 spectris
920 4036 1054 4089 nocturnis,
1075 4047 1254 4099 campanarum
1267 4033 1385 4098 pulsibus,
1406 4032 1534 4083 noem

174 4123 230 4159 exse
248 4109 294 4156 niis
310 4106 424 4170 jndices?

232 4123 467 4260 qlieplerus:
507 4179 592 4237 llaec
625 4180 663 4237 ad
697 4178 901 4257 goornantiarn
935 4188 965 4238 et
999 4177 1145 4257 virgulam
1180 4177 1319 4238 diuinam.
1368 4174 1533 4239 Geniorurn

175 4288 248 4348 opus
274 4278 344 4328 sunt
367 4267 418 4329 illa
440 4274 592 4346 portenta,
618 4267 643 4326 si
668 4268 746 4346 quod
770 4269 909 4328 naturale
934 4268 1001 4339 (seu
1027 4269 1127 4346 quasi)
1152 4286 1226 4346 opus
1250 4274 1328 4326 smrt.
1374 4263 1534 4328 Exereebc

173 4368 275 4418 tamen
301 4367 331 4418 te
355 4356 497 4417 vicissim.
539 4355 619 4417 Fieri
645 4356 824 4417 monitiones
848 4375 902 4434 pcr
927 4355 1052 4427 somnia,
1078 4357 1182 4433 negari
1197 4355 1308 4435 nequit.
1349 4354 1394 4414 At
1415 4356 1533 4417 somnia

174 4447 276 4525 liguris
301 4454 333 4507 et
356 4445 451 4524 tropis
475 4452 619 4506 constant
642 4445 799 4506 oratoriis:
825 4464 972 4524 quaenam
996 4445 1071 4506 haec
1096 4455 1204 4506 natura
1227 4452 1290 4514 est,
1314 4462 1392 4522 quoe
1415 4445 1529 4508 verita·

175 4544 237 4596 tem
262 4537 376 4596 tutelae
401 4556 493 4595 cansa
517 4534 662 4606 insinuat,
696 4553 752 4594 non
778 4534 892 4595 directe
917 4533 1073 4612 proponit,
1100 4535 1154 4595 sed
1178 4553 1232 4612 per
1255 4532 1422 4611 ambages?
1467 4532 1532 4595 lias

174 4625 252 4685 enim
278 4625 399 4686 tandem
423 4624 532 4685 recidit
559 4632 591 4683 et
621 4632 689 4684 tuns
714 4643 877 4702 campanae
902 4626 1014 4702 pulsus.
1061 4624 1231 4684 Mirabilem
1265 4630 1418 4696 naturam,
1458 4641 1532 4703 quac

176 4714 265 4774 aliter
288 4714 442 4774 nobiscnm
466 4713 616 4792 colloquia
640 4714 757 4793 agitare
781 4721 813 4772 et
836 4713 1016 4774 commercia
1039 4732 1095 4772 non
1120 4721 1232 4792 potest,
1260 4711 1317 4772 nisi
1341 4712 1457 4773 talibus
1475 4730 1530 4773 na-

176 4803 271 4866 tibus!
317 4803 360 4865 Et
387 4803 437 4884 qui
464 4803 514 4877 fit,
548 4810 581 4863 ut
608 4801 664 4864 hos
692 4810 781 4865 nutus
811 4802 922 4864 edant?
969 4799 1032 4865 Cur
1060 4818 1118 4862 non
1143 4802 1250 4864 eadem
1272 4817 1367 4883 opera
1389 4818 1481 4865 veroa
1501 4810 1533 4863 et
