3428 5542
604 295 730 349 ramea
749 297 782 348 ar
799 296 925 348 rerem.
1382 258 1444 365 109

81 454 302 536 quinquangolo
326 454 467 528 tertiam,
487 453 653 535 sexangulo
678 462 825 534 quartam.
872 452 1007 536 Cumque
1022 455 1117 516 etiam
1141 455 1220 518 oculi
1244 457 1446 521 reclamarent

79 545 112 607 iu
134 543 269 605 secunda
291 542 452 619 distantia,
476 561 553 624 quae
577 550 626 605 est
648 541 728 606 inter
745 543 854 605 Jovem
874 553 906 604 et
920 543 1067 616 Martem,
1091 546 1270 625 quadratum
1292 546 1445 628 triangulo

81 645 114 695 et
137 631 361 714 quinquangnlo
384 631 518 713 adjunxi.
565 630 715 694 Infinitum
738 639 787 694 est
809 631 929 713 singula
950 632 1101 714 persequi.
1442 624 1450 637 '

168 719 213 783 Et
234 720 303 784 finis
326 719 416 801 hujus
439 719 517 783 irriti
540 729 668 782 conatus
693 720 752 782 ruit
774 719 868 794 idem,
902 721 952 800 qui
974 722 1118 801 postremi
1143 729 1174 783 et
1198 722 1294 784 felicis
1318 722 1443 786 initium.

80 811 197 889 Nempe
220 809 370 888 cogitavi,
393 809 450 870 hac
464 807 527 882 via,
552 807 699 888 siquidem
714 808 849 871 ordinem
872 809 950 870 inter
973 812 1085 889 figuras
1101 809 1190 871 velim
1205 829 1340 887 servaro,
1366 831 1444 874 nun·

81 918 172 981 quam
196 917 244 960 me
266 905 480 978 perventumm
503 914 597 977 usque
612 898 652 960 ad
667 895 782 969 Solem,
808 915 903 978 neque
918 916 1042 960 cansam
1067 899 1252 974 habiturum,
1278 900 1444 979 curpotius

81 989 144 1050 sint
166 1005 236 1060 sex,
262 1005 351 1067 quam
375 985 483 1065 viginti
506 987 553 1047 vel
577 994 697 1048 centum
721 987 810 1047 orbes
825 986 962 1049 mobiles.
1008 986 1050 1048 Et
1064 996 1165 1049 tamen
1189 987 1350 1067 placebant
1365 989 1444 1068 figu-

82 1096 148 1152 rae,
173 1084 278 1156 utpote
302 1074 504 1154 quantitates,
530 1081 562 1135 et
584 1093 634 1136 res
658 1075 751 1136 coelis
774 1075 865 1154 prior.
913 1073 1079 1146 Quantitas
1100 1077 1177 1137 eninr
1193 1077 1278 1138 initio
1292 1095 1360 1139 cum
1374 1096 1445 1139 eor-

82 1185 155 1246 pore
185 1161 342 1238 creata³);
375 1163 453 1226 coeli
481 1163 579 1226 altero
603 1163 662 1225 die.
710 1161 798 1234 Quod
834 1164 859 1225 si
890 1163 1094 1243 (cogitabam)
1126 1183 1181 1245 pro
1214 1166 1384 1246 quantitate
1414 1174 1447 1228 et

82 1254 275 1335 proportione
302 1272 357 1316 ser
379 1251 544 1327 ooelomm,
569 1270 643 1331 quos
667 1251 779 1313 statuit
803 1249 1007 1333 Copornicus,
1040 1253 1167 1334 quinque
1191 1263 1309 1315 tantum
1332 1255 1446 1335 ligures

82 1345 161 1406 inter
184 1342 318 1405 infinitas
341 1338 474 1421 reliquas
498 1341 622 1419 reperiri
646 1347 787 1421 possent,
819 1359 896 1420 quae
923 1360 997 1420 prae
1020 1343 1131 1403 ceteris
1158 1343 1327 1422 peculiares
1350 1363 1444 1424 quas-

84 1433 153 1493 dam
185 1431 388 1512 proprietates
420 1429 579 1502 haberent,
615 1448 651 1490 er
685 1437 756 1491 voto
789 1447 838 1490 res
870 1439 964 1492 esset.
992 1432 1105 1511 -Atqui
1133 1450 1248 1493 rursum
1281 1431 1444 1496 instabam.
1506 1434 1509 1441 ’

84 1519 164 1592 Quid
197 1520 309 1600 ligurae
339 1519 446 1598 planae
477 1517 557 1578 inter
579 1517 692 1578 solidos
722 1517 835 1578 orbos?
881 1517 987 1580 Solida
1011 1520 1113 1597 potius
1137 1538 1265 1601 corpora
1287 1520 1444 1583 adeantur.

82 1610 176 1683 Ecce,
202 1609 311 1682 lector,
338 1608 491 1668 inventum
516 1606 571 1667 hoc
595 1615 629 1667 et
651 1607 808 1668 materiam
831 1607 926 1668 totius
941 1607 1027 1687 hujus
1042 1608 1186 1689 opusculi.
1232 1609 1313 1670 iiam
1332 1610 1358 1671 si
1378 1609 1446 1690 quis

84 1698 190 1760 leviter
220 1695 403 1776 geometriae
432 1695 548 1774 peritus
573 1695 699 1757 totidem
729 1694 829 1756 verbis
853 1705 1024 1768 moneatur,
1058 1695 1102 1757 illi
1134 1696 1240 1758 statim
1272 1698 1301 1758 in
1326 1706 1445 1777 promtu

83 1796 154 1848 sunt
177 1787 306 1867 quinque
330 1784 481 1864 regularia
501 1801 628 1862 corpora
652 1803 718 1844 curn
742 1785 935 1863 proportione
959 1785 1073 1846 orbium
1093 1785 1383 1865 circumscriptorum
1407 1788 1445 1849 ad

83 1875 265 1954 inscriptos:
295 1874 337 1935 illi
363 1872 470 1935 statim
494 1871 532 1933 ob
555 1876 659 1935 oculos
684 1881 822 1934 versatur
845 1873 979 1935 scholion
1009 1874 1083 1935 illud
1109 1871 1287 1936 Euclideurn
1309 1876 1348 1937 ad
1372 1894 1445 1956 pro·

82 1965 263 2046 positionem
291 1959 339 2025 18.
365 1962 415 2024 lib.
443 1959 492 2023 13.
529 1979 586 2040 quo
616 1961 1054 2041 demonstratur‘impossibile
1088 1982 1171 2036 esse,
1206 1972 1239 2025 ut
1270 1965 1357 2043 plura
1385 1964 1446 2026 sint

84 2063 137 2116 ant
160 2053 369 2132 excogitentur
398 2049 550 2129 regularia
573 2069 700 2129 corpora
724 2069 813 2131 quam
837 2051 974 2131 quinque.
1023 2051 1085 2122 Res
1115 2052 1312 2116 admiratione
1343 2052 1444 2132 digna,

84 2162 150 2205 cnm
175 2143 304 2203 nondum
328 2147 483 2201 constaret
507 2138 579 2201 mihi
604 2140 640 2200 de
665 2139 850 2219 singulorum
873 2159 1028 2220 corporum
1047 2141 1269 2220 praerogativis
1285 2141 1314 2204 in
1330 2142 1444 2216 ordine,

86 2251 171 2294 usum
194 2250 240 2292 me
265 2229 385 2291 minime
410 2234 521 2307 arguta
544 2228 718 2306 conjectura
746 2247 783 2290 ex
806 2229 886 2290 notis
909 2231 1099 2308 planetarum
1126 2230 1281 2291 distantiis
1304 2231 1445 2306 deducte,

85 2322 160 2383 adeo
185 2318 314 2383 feliciter
337 2334 459 2398 scopum
482 2315 621 2394 tetigisse
647 2318 675 2378 in
701 2318 804 2379 ordino
827 2336 997 2397 corporum,
1032 2328 1067 2380 ut
1089 2318 1162 2381 nihil
1187 2319 1216 2380 in
1241 2318 1301 2380 illis
1324 2327 1443 2398 postea,
1503 2318 1507 2327 '

85 2430 150 2472 cum
179 2406 336 2489 exquisitis
366 2423 487 2485 agerem
515 2405 697 2480 rationibus,
731 2406 886 2468 immutare
915 2406 1074 2484 potuerim.
1121 2407 1170 2468 Ad
1205 2408 1247 2469 rei
1271 2409 1443 2470 memoriam

85 2499 202 2561 ascribo
230 2496 285 2558 tibi
310 2494 512 2568 senteutiam,
545 2494 590 2555 ita
613 2496 656 2555 uti
680 2494 798 2567 incidit,
832 2503 863 2556 et
887 2513 922 2555 eo
956 2505 1104 2556 momento
1128 2496 1228 2558 verbis
1256 2505 1442 2575 conceptam.

87 2589 202 2662 „Terra
224 2593 272 2647 est
291 2584 418 2647 circulus
433 2601 553 2644 mensor
567 2582 746 2655 omniumb:
770 2583 813 2644 illi
836 2583 1046 2646 circumscribe
1062 2584 1291 2647 dodecabdron:
1315 2584 1444 2646 circulus

86 2679 140 2739 hoc
165 2674 417 2755 comprehendens
442 2672 500 2732 erit
523 2672 618 2734 Mars.
665 2671 758 2732 Marti
783 2671 996 2732 circumscribe
1015 2673 1207 2733 tctrntdron:
1237 2673 1365 2734 circulus
1388 2674 1444 2734 hoe

85 2763 337 2845 comprehendens
362 2763 420 2823 erit
441 2759 573 2840 Jupiter.
622 2760 692 2821 Jori
716 2760 925 2822 circumscribe
949 2761 1074 2822 cubum:
1107 2761 1234 2824 circulus
1259 2763 1335 2823 hunc
1359 2781 1443 2824 oom-

85 2854 273 2935 prehendens
297 2851 355 2914 erit
378 2850 538 2913 Saturnus.
584 2848 655 2910 Jam
681 2849 793 2911 Terrae
825 2849 955 2912 inscribe
982 2849 1180 2912 icosabdrorr:
1213 2849 1256 2912 illi
1284 2848 1446 2930 inscriptus

86 2945 214 3006 circulus
238 2941 297 3002 erit
319 2941 434 3001 Venus.
484 2937 596 2998 Veneri
621 2937 751 3000 inscribe
775 2940 959 3001 octaedron:
986 2939 1028 3001 illi
1053 2939 1213 3019 inscriptus
1237 2939 1365 3001 circulus
1389 2940 1448 3002 erit

87 3031 284 3094 llereurius.“
330 3029 433 3091 Habes
458 3026 606 3089 rationem
631 3028 745 3090 numeri
768 3029 966 3107 planetarum.

175 3121 258 3181 Haec
283 3117 401 3179 occasio
426 3124 458 3177 et
480 3133 639 3177 successus
663 3117 751 3197 hujus
776 3115 897 3179 laboris.
945 3117 1025 3178 Vide
1060 3135 1136 3178 nunc
1169 3117 1261 3179 etiam
1290 3137 1388 3180 meum
1419 3119 1448 3180 in

87 3210 142 3271 hoc
166 3210 241 3270 libro
265 3205 463 3287 propositum.
510 3203 553 3266 Et
576 3204 694 3283 quidem
718 3217 861 3285 quantam
888 3225 926 3267 ex
959 3205 1132 3267 inventione
1162 3208 1348 3288 voluptatem
1376 3227 1448 3288 per-

87 3297 234 3378 ceperim,
268 3313 415 3375 nunquam
445 3292 545 3354 verbis
575 3310 763 3372 expressero.
810 3294 878 3355 Non
902 3314 949 3355 me
973 3294 1083 3374 perditi
1107 3296 1252 3374 temporis
1275 3296 1451 3377 poenitebat

88 3386 223 3465 amplius,
249 3404 306 3445 nnn
330 3394 501 3463 pertaesum
525 3391 574 3443 est
598 3381 719 3455 laboris,
746 3382 901 3443 molestias
925 3384 1035 3446 calculi
1060 3384 1158 3445 nullas
1182 3384 1360 3464 subterfugi,
1386 3385 1451 3446 dies

87 3487 250 3556 noctesque
274 3471 473 3552 computando
496 3471 666 3533 consumsi:
693 3472 787 3532 donec
802 3490 964 3546 cernerem,
989 3480 1087 3534 utrum
1102 3480 1249 3551 concepta
1263 3472 1363 3534 verbis
1378 3492 1451 3535 sen-

86 3566 184 3627 tentia
208 3582 272 3624 eum
290 3560 448 3642 Copernici
467 3559 589 3621 orbibus
613 3560 808 3635 consentiret,
834 3579 872 3621 an
898 3580 968 3622 vero
993 3563 1106 3622 ferrent
1130 3580 1198 3622 mea
1220 3560 1333 3640 gaudia
1355 3561 1449 3623 venti.

88 3653 176 3724 Quod
200 3652 225 3712 si
249 3670 322 3726 rem,
347 3649 389 3711 nti
414 3669 482 3711 esse
505 3648 659 3727 putabam,
686 3649 949 3729 deprehenderem,
974 3658 1077 3711 votum
1100 3648 1166 3710 Deo
1183 3648 1256 3728 Opt.
1272 3649 1354 3710 Max.
1381 3649 1448 3722 leci,

88 3763 133 3805 me
158 3742 254 3823 prima
278 3738 436 3801 occasione
460 3737 516 3799 hoc
540 3737 717 3798 admirabile
746 3758 819 3798 suae
848 3737 1017 3818 sapientiae
1041 3737 1191 3816 specimen
1215 3735 1343 3815 publicis
1367 3737 1448 3818 typis

89 3834 166 3893 inter
194 3829 328 3892 homines
358 3827 600 3889 enunciaturum:
635 3834 669 3888 ut
701 3827 836 3907 quamvis
869 3845 965 3908 neque
995 3827 1068 3888 haec
1098 3824 1285 3905 undiquaque
1310 3824 1449 3888 absoluta

88 3922 159 3995 sint,
184 3929 216 3980 et
240 3919 317 3980 forte
340 3924 458 3980 restent
481 3915 631 3989 nonnulla,
657 3935 733 3995 quae
757 3935 795 3976 ex
820 3916 866 3977 his
890 3917 985 3977 fluant
1007 3915 1171 3995 principiis,
1196 3932 1317 3993 quorum
1342 3915 1449 3978 inven-

88 4011 200 4070 tionem
215 4006 286 4069 mihi
301 4025 456 4068 reservare
471 4023 607 4084 possem:
632 4013 733 4065 lernen
758 4005 819 4080 alii,
844 4005 894 4086 qui
918 4005 1020 4067 valent
1044 4003 1172 4083 ingenio,
1198 4022 1286 4082 quam
1303 4004 1448 4084 plurima,

88 4099 127 4160 ad
151 4097 385 4160 illustrationem
403 4094 529 4157 nominis
544 4091 646 4167 divini,
672 4094 766 4172 primo
791 4113 906 4174 quoque
931 4104 1065 4174 tempore
1084 4092 1177 4173 juxta
1200 4111 1246 4153 rna
1270 4094 1449 4172 proferrent,

88 4199 119 4248 et
139 4187 259 4249 laudem
273 4183 496 4266 sapientissimo
513 4180 652 4243 Creatori
667 4201 724 4243 uno
748 4202 799 4244 ore
824 4183 1005 4245 cecinerant.
1041 4179 1116 4243 Cum
1139 4181 1232 4261 igitur
1254 4183 1357 4260 paucis
1380 4190 1451 4262 post

89 4277 194 4339 diebus
219 4295 267 4336 res
291 4274 486 4347 succederet,
521 4280 611 4351 atque
636 4290 692 4352 ego
716 4272 986 4350 deprehenderem,
1022 4289 1110 4352 quern
1134 4278 1205 4351 apte
1229 4289 1317 4331 unum
1342 4289 1450 4350 corpus

88 4376 159 4447 post
183 4364 266 4426 aliud
288 4364 367 4425 inter
391 4381 461 4425 suos
484 4363 625 4441 planetas
650 4361 780 4434 sederet,
805 4369 959 4440 totumque
979 4358 1132 4440 negotium
1156 4359 1185 4419 in
1211 4359 1336 4420 formam
1358 4378 1450 4438 prae-

89 4456 185 4517 sentis
209 4453 345 4535 opusculi
369 4452 551 4532 redigerem:
577 4458 667 4530 atque
690 4449 721 4511 id
746 4448 908 4511 Maestlino
932 4447 1043 4510 celebri
1067 4447 1281 4510 inathemetico
1304 4447 1450 4527 probare-

90 4552 157 4606 tur:
190 4541 352 4623 intelligis,
384 4540 477 4603 amice
501 4540 631 4613 Lector,
661 4558 707 4600 me
732 4538 793 4598 voti
818 4556 919 4609 reum,
949 4556 1044 4617 neque
1068 4555 1159 4616 posse
1182 4554 1293 4597 morem
1318 4535 1450 4618 satyrico

90 4652 211 4712 gerere,
237 4634 287 4713 qui
312 4649 420 4692 nouum
444 4628 472 4689 in
496 4647 607 4689 annum
626 4627 716 4707 jubet
740 4626 833 4688 libros
859 4625 1002 4688 detinere.

180 4723 264 4783 llaec
289 4739 347 4782 una
370 4738 462 4781 causa
486 4727 535 4780 est
558 4735 643 4779 meae
667 4714 896 4778 maturationis:
928 4714 976 4776 cui
1003 4722 1038 4776 ut
1061 4732 1178 4775 omnem
1201 4712 1256 4782 tibi
1280 4713 1450 4791 scrupulum

90 4811 214 4875 sinistra
237 4807 411 4894 suspicandi
434 4806 565 4872 oximam
579 4803 623 4880 ¹¹),
648 4805 727 4867 addo
750 4803 856 4867 lubens
879 4811 911 4865 et
934 4804 1078 4879 alteram,
1107 4811 1140 4865 et
1163 4803 1256 4865 recito
1279 4800 1348 4883 tibi,
1378 4801 1452 4870 illud
