3428 5542
653 347 815 399 Prooemium.
1374 342 1414 413 51

53 505 135 567 ipsam
154 506 283 555 veritam
301 506 419 571 culpabis.
455 506 548 557 Postea
571 509 671 571 pretulit
696 507 871 558 candelabrum
895 509 940 559 tibi
963 506 1126 565 mittendum,
1153 514 1244 572 atqua
1270 522 1331 574 quea
1357 508 1415 560 milri

54 583 218 626 nmneratura
230 579 311 627 tuerat
325 592 368 642 pre
387 579 545 629 diminuendo
563 579 656 641 debite,
675 580 734 628 mihi
752 582 893 629 numeravit
909 578 964 636 her,
984 594 1045 643 quos
1062 579 1170 629 inclusor
1185 581 1305 636 invenies,
1326 579 1357 629 lb
1370 581 1416 630 sse·

52 662 137 697 renos.
166 647 222 697 Ηιί
238 646 271 698 lb
283 648 308 696 fl.
327 649 432 700 libenter
451 650 502 699 nlla
520 665 575 700 eum
594 653 702 714 pecunia
719 659 849 708 mutarem,
868 665 943 715 quam
963 652 1008 700 tibi
1025 653 1158 705 mitterem,
1178 650 1216 700 rel
1235 651 1345 702 studiose
1364 653 1416 702 oui·

54 718 115 768 dam
141 717 304 778 exsolverem,
330 723 399 783 cujus
417 727 534 786 parentes
554 737 596 771 eos
614 722 660 772 tibi
678 722 743 772 demi
761 723 934 772 restituissent.
970 721 1019 771 Sed
1038 736 1085 772 nee
1105 722 1182 771 aliem
1199 722 1310 786 prosette
1329 732 1415 772 mene-

53 799 109 838 tam
128 792 230 852 accepi,
254 793 449 856 necquicquam
468 792 498 841 de
524 792 633 843 studioso
660 793 779 857 ejusmodi
803 795 905 850 resciri,
932 793 987 842 ideo
1006 795 1072 842 sicut
1090 793 1192 856 accepi,
1219 793 1257 841 ita
1274 793 1320 842 tibi
1337 795 1416 843 mitte.

55 859 95 911 'liu
113 866 140 909 te
159 862 287 926 recepisse
303 877 348 926 per
366 865 521 914 oecumenem
540 864 563 912 ei
581 865 738 931 significabis.
769 862 865 930 Rogavi
885 879 949 921 eam,
969 870 998 913 ut
1012 864 1078 928 apud
1091 879 1131 913 me
1144 870 1301 927 permaneret
1315 863 1416 921 diutins

54 934 202 995 mearam
215 932 248 983 sd
260 932 398 996 prandium
427 935 477 986 Sed
494 939 628 986 maturavit
645 936 751 987 reditum
762 944 862 1002 prepter
873 938 970 986 instans
983 936 1093 995 Pascha,
1112 935 1313 1000 inaugurarimm
1330 943 1416 987 tamen

55 1003 184 1066 pocnlmm
203 1010 277 1069 prout
293 1005 349 1069 ipsa
365 1006 463 1057 scilieet
480 1007 564 1058 bibula
583 1016 628 1058 est.
649 1031 684 1040 -

128 1143 286 1211 Keplerus
305 1142 419 1198 adhaec
438 1147 462 1198 d.
485 1143 543 1212 ¹⁹³¹„
564 1150 628 1216 Aug.
649 1146 717 1198 1599
735 1150 877 1215 respondit:

145 1235 197 1297 De
222 1247 336 1299 matre
359 1257 445 1299 mea.
483 1235 598 1301 Verum
623 1248 678 1314 est,
704 1260 756 1301 aes
781 1239 909 1301 alienum
934 1240 972 1301 ad
996 1235 1061 1302 200
1084 1239 1115 1302 ll.
1141 1238 1212 1301 mihi
1235 1238 1415 1310 incumbere,

56 1325 138 1406 qued
161 1325 206 1387 illi
236 1345 327 1407 saepe
360 1346 414 1407 per
443 1327 548 1390 literas
577 1329 734 1392 inculcavi.
782 1326 843 1390 Cur
866 1337 965 1390 autem
989 1339 1018 1390 te
1050 1329 1227 1390 creditorem
1253 1329 1415 1407 existimet,

56 1433 151 1475 causa
177 1414 253 1477 haec
281 1426 346 1477 est:
384 1414 512 1487 Quoties
541 1418 653 1500 aliquid
682 1437 714 1479 se
742 1417 815 1480 mihi
846 1418 983 1480 daturam
1008 1427 1057 1481 est
1080 1417 1231 1497 pollicita,
1257 1417 1352 1498 jussi,
1382 1425 1417 1480 ut

55 1504 138 1584 apud
161 1512 192 1565 te
217 1506 390 1585 deponeret.
439 1503 658 1569 Candelabrum
690 1526 814 1569 aeneum
842 1507 908 1587 plus
937 1507 1051 1587 negotii
1074 1505 1240 1591 Schillinge
1271 1506 1414 1582 exhibuit,

56 1611 147 1673 quam
171 1601 263 1655 autea
285 1596 422 1676 peculum
442 1604 625 1674 argenteum.
664 1594 725 1658 Sed
745 1597 844 1658 elucet
862 1615 900 1656 ex
919 1596 970 1657 illo
994 1595 1121 1658 candela
1144 1606 1298 1657 maternae
1321 1596 1416 1658 bene-

56 1682 220 1756 volentiae,
247 1701 336 1763 quam
360 1685 534 1765 amplecter.
573 1685 659 1748 Fecit
682 1693 782 1746 tamen
807 1685 900 1746 scitus
924 1685 975 1748 ille
991 1684 1175 1764 Schillingus
1199 1702 1308 1764 operae
1332 1703 1417 1747 eem-

56 1771 208 1851 pendium,
233 1791 300 1834 cum
324 1773 381 1834 dne
404 1773 570 1853 bajulanda
593 1782 706 1848 essent,
730 1773 943 1836 caudelabrum
966 1784 996 1836 et
1020 1773 1061 1838 75
1087 1773 1159 1848 (15)
1184 1772 1285 1852 capita
1307 1773 1417 1836 Ponti-

58 1858 173 1935 licalia,
201 1861 375 1941 indignatus
399 1880 472 1923 enus
501 1871 634 1937 tantum,
665 1862 769 1925 alteris
793 1863 920 1924 alterum
945 1873 976 1924 et
1000 1884 1058 1925 una
1082 1882 1115 1924 se
1139 1864 1234 1944 ipsum
1259 1862 1417 1943 imposuit;

57 1949 126 2029 plus
160 1949 238 2011 enim
268 1950 325 2013 sibi
356 1953 500 2031 prodesse
533 1952 648 2014 censuit
685 1946 706 2013 cl
743 1951 836 2031 pedes
868 1953 1000 2028 ferreos,
1041 1972 1129 2032 quam
1163 1959 1210 2014 tot
1245 1952 1416 2033 ponderosa

59 2038 172 2117 capita
197 2070 238 2081 —

136 2177 206 2239 Quae
223 2179 319 2244 reliqua
337 2187 395 2230 sunt
411 2179 484 2243 hujus
504 2181 623 2244 epistolae
640 2183 772 2234 referenda
789 2188 847 2231 sunt
866 2196 921 2232 eum
939 2183 972 2233 ad
985 2181 1109 2246 Opticam,
1128 2187 1181 2230 tum
1200 2180 1233 2231 ed
1251 2181 1360 2231 libellum
1377 2194 1416 2231 ae·

59 2255 178 2315 quonum
196 2257 283 2301 centn
294 2250 392 2309 Ursum,
410 2259 463 2302 enm
477 2252 608 2304 adaunot.
628 2269 679 2321 seq.
693 2251 735 2303 to.
763 2254 894 2305 Concludit
912 2261 995 2304 autem
1013 2253 1137 2317 Keplerus
1154 2253 1218 2302 baec
1237 2253 1268 2303 de
1287 2260 1355 2303 statu
1373 2267 1418 2303 sno

57 2323 229 2388 seciemmqne
240 2323 267 2372 in
280 2320 363 2386 Scyria
375 2323 492 2382 reterens,
511 2340 575 2391 quae
593 2333 766 2392 comparentur
785 2339 841 2376 cum
858 2326 897 2383 iis,
917 2340 980 2391 quae
1000 2324 1088 2375 eedem
1106 2324 1137 2375 de
1154 2339 1182 2374 re
1200 2325 1334 2390 scripserat
1351 2338 1417 2375 anne

60 2388 131 2444 rese
149 2389 186 2459 (p.
205 2390 260 2456 se).

148 2536 286 2618 Denique
310 2555 367 2599 nen
390 2556 513 2618 possum
535 2540 717 2619 praeterire,
751 2547 785 2600 ut
808 2548 838 2600 te
862 2557 959 2614 orem,
983 2539 1167 2618 Praeceptor
1190 2539 1416 2612 humanissime,

63 2625 217 2687 consilium
240 2626 312 2689 mihi
335 2628 527 2709 suppedites,
557 2628 582 2689 si
606 2627 723 2709 quande
746 2647 803 2689 usu
825 2628 942 2699 veniat,
973 2637 1008 2689 nt
1036 2627 1178 2688 extrudar
1200 2646 1239 2689 ex
1261 2628 1318 2690 hee
1341 2628 1417 2700 loeo,

65 2722 117 2775 aut
142 2717 248 2794 exigar
275 2724 323 2777 tot
351 2717 629 2779 incommoditatum
658 2717 795 2796 objectu:
829 2734 968 2795 quorsum
1000 2734 1071 2796 erge
1100 2717 1259 2796 praecipue
1287 2716 1418 2778 animum

61 2804 216 2865 intendere
241 2805 376 2866 debeam.
422 2806 502 2868 Nam
530 2807 595 2882 hie,
631 2806 690 2868 etsi
718 2809 782 2869 vita
809 2805 880 2868 mihi
909 2805 1056 2885 supersit,
1091 2824 1150 2866 non
1178 2806 1282 2868 videor
1306 2805 1417 2868 diutius

59 2893 186 2955 haerere
208 2912 308 2975 posse.
355 2896 420 2957 Nee
444 2897 516 2958 mihi
539 2898 605 2976 plus
630 2905 678 2957 est
700 2895 920 2976 respiciendum
948 2896 986 2956 ad
1011 2895 1162 2974 jacturam
1192 2914 1296 2976 opum,
1328 2913 1417 2975 quam

57 2983 99 3044 ad
122 3001 176 3054 ea,
205 2983 311 3063 quibus
335 2992 444 3047 natura
467 2995 499 3048 et
522 2986 660 3048 instituto
685 2986 766 3047 vitae
790 2985 959 3047 destinatus
984 3003 1064 3056 suro,
1087 2985 1277 3064 perficienda.
1325 2985 1418 3047 Plura

57 3088 119 3132 nen
143 3070 240 3145 addo;
270 3073 327 3135 nisi
351 3082 385 3135 ut
408 3074 464 3136 hee
488 3084 518 3137 te
542 3094 691 3148 moneam,
724 3074 880 3136 eonsilium
907 3093 954 3135 me
976 3081 1093 3153 petere,
1124 3093 1183 3136 non
1212 3072 1415 3136 autoritatem.

56 3161 141 3222 Nam
164 3161 237 3235 seio,
264 3171 297 3224 ut
320 3161 433 3225 invidia
456 3182 571 3238 careas,
597 3171 684 3225 auter
708 3183 776 3227 esse
800 3182 857 3224 nen
882 3163 937 3225 vis.
974 3165 1021 3225 At
1042 3164 1197 3226 consultor
1220 3182 1287 3224 esse
1310 3160 1417 3224 minori

56 3258 142 3311 metu
164 3261 262 3331 potes.
299 3252 369 3330 lpse
393 3252 430 3313 de
454 3271 501 3314 me
525 3261 667 3325 statuam,
688 3245 725 3315 ¹tu
749 3272 825 3333 quae
845 3252 897 3314 tibi
917 3253 1065 3327 videntur,
1090 3271 1127 3313 ea
1149 3272 1196 3314 nse
1218 3270 1315 3314 mene.
1353 3250 1417 3314 Sed

57 3347 92 3400 et
115 3338 173 3400 hec
187 3341 352 3402 menendus
371 3361 412 3415 es,
438 3361 495 3403 nen
517 3360 607 3422 posse
626 3362 673 3403 me
688 3342 876 3421 gravissimis
891 3343 928 3402 de
943 3341 1042 3403 causis
1057 3342 1295 3403 ecclesiasticum
1309 3360 1416 3403 munus

56 3428 164 3490 obire:
199 3429 316 3509 quande
349 3431 456 3510 maJori
483 3431 682 3493 sollieitudine
711 3440 743 3493 et
770 3449 881 3510 angere
910 3430 1084 3492 discruciari
1112 3449 1260 3511 nunquam
1284 3449 1415 3510 possem,

56 3518 199 3599 quamsi
221 3519 288 3598 jam
310 3519 366 3580 hae
390 3521 575 3582 conscientia
602 3521 632 3583 in
662 3521 716 3582 illa
738 3521 894 3601 palaestra
917 3538 1016 3581 essem
1041 3520 1183 3582 inclusus.
1226 3520 1272 3580 At
1294 3520 1415 3599 preses-

55 3606 175 3669 sionem
198 3608 437 3688 philosophicam
461 3629 665 3691 quamcunque
689 3629 778 3689 spero
797 3629 844 3671 me
868 3628 932 3671 curn
958 3617 1132 3672 ornamento
1161 3608 1353 3680 academiae,
1384 3607 1414 3668 in

57 3715 149 3778 quam
176 3714 305 3768 venero,
335 3699 362 3759 si
389 3717 446 3760 non
476 3700 580 3761 statim
608 3707 640 3760 at
668 3719 726 3760 nen
753 3697 839 3761 multi
863 3698 1004 3779 temperis
1028 3698 1114 3779 lapsu
1138 3699 1296 3760 iacturum.
1345 3693 1414 3767 Qua

57 3781 220 3847 occasione
249 3787 337 3850 simul
364 3788 493 3850 animum
521 3789 560 3849 ad
588 3788 765 3851 medicinam
793 3788 963 3867 adjicerem.
994 3786 1074 3850 'Sed
1102 3788 1171 3868 quia
1200 3794 1270 3847 ante
1294 3805 1413 3847 menses

55 3874 175 3954 aliquot
202 3894 355 3938 commune
384 3878 478 3939 tetius
507 3878 626 3957 collegii
657 3877 855 3957 philosophici
888 3886 920 3939 et
951 3877 1045 3957 ipsius
1073 3894 1189 3956 queque
1213 3873 1412 3936 Halenrelieri

55 3963 215 4025 eonsilium
239 3967 276 4027 ad
301 3984 348 4027 me
372 3967 591 4046 perscripsisti,
616 3967 702 4047 eique
725 3967 849 4029 consilio
873 3986 951 4029 neve
973 3967 1048 4027 haec
1070 3985 1138 4028 mea
1160 3964 1330 4028 sollicitudo
1354 3965 1412 4025 ad-

55 4053 174 4115 versari
198 4061 231 4115 et
253 4055 426 4134 obstrepere
450 4056 584 4118 videtur:
615 4056 771 4118 dicendum
795 4057 886 4137 igitur
908 4055 979 4117 mihi
1003 4064 1064 4129 est,
1094 4056 1163 4136 quid
1186 4074 1232 4116 me
1256 4052 1410 4133 impediat,

55 4160 116 4221 que
139 4142 236 4204 minus
259 4143 303 4205 illi
326 4164 457 4225 paream.
505 4144 652 4207 Placebat
675 4146 780 4218 vobis,
810 4147 959 4224 tantisper
981 4163 1027 4206 me
1054 4144 1084 4205 in
1108 4144 1239 4205 statione
1263 4143 1320 4204 hae
1343 4160 1412 4203 mea

54 4249 243 4312 permanere,
269 4234 338 4295 dum
361 4243 496 4296 extrema
519 4235 701 4296 necessitate
726 4235 764 4296 ab
786 4254 823 4296 ea
841 4235 992 4296 detrudar.
1026 4233 1213 4313 Argumenta
1231 4232 1317 4294 vobis
1335 4231 1410 4293 haec

54 4321 117 4383 tria
143 4321 334 4400 potissimum
362 4324 456 4385 fuisse
484 4323 609 4403 collige:
648 4323 888 4400 conscientiam„
906 4324 1082 4395 utilitatem,
1112 4320 1284 4402 periculum.
1330 4321 1410 4383 Nam

55 4411 127 4491 quia
149 4411 262 4473 ceteris
286 4413 414 4476 exclusis
438 4414 519 4477 loeus
543 4415 614 4476 mihi
637 4413 694 4476 soli
717 4411 839 4474 relictus
868 4422 932 4488 est,
961 4413 1152 4492 sperabatis,
1182 4411 1245 4472 fore
1269 4418 1303 4472 ut
1325 4410 1409 4488 hujus

55 4518 145 4562 meae
166 4519 269 4562 morse
297 4510 382 4565 esset
408 4503 516 4584 aliquis
543 4523 615 4565 usus
642 4503 672 4564 in
701 4503 831 4565 ecelesia
859 4511 913 4564 aut
934 4502 1047 4564 schola.
1094 4499 1282 4581 Scripseram
1306 4497 1407 4572 etiam,

56 4597 191 4653 metuere
214 4609 270 4665 me,
295 4600 330 4653 ut
352 4593 488 4673 privigna
510 4611 577 4654 mea
600 4592 767 4654 deserenda
789 4591 838 4666 sit,
862 4591 1026 4655 irretienda
1047 4592 1138 4671 paulo
1160 4596 1232 4671 pest
1254 4585 1408 4650 blanditiis

54 4679 313 4757 adversariorum,
344 4688 375 4742 et
401 4681 580 4762 pelliciones
605 4684 636 4746 in
662 4680 843 4761 pontificiam
871 4681 1054 4760 religionem.
1101 4681 1136 4742 Id
1160 4698 1217 4760 quo
1240 4683 1408 4750 caveretur,

53 4768 173 4850 quidvis
194 4768 363 4833 faciendum
380 4771 549 4834 censuistis.
585 4771 711 4844 Deinde,
735 4770 814 4849 quod
834 4769 995 4844 utilitatem
1019 4769 1130 4832 attinet
1152 4769 1182 4829 in
1203 4769 1277 4829 meis
1301 4765 1405 4840 literis,

52 4857 224 4939 sgnifleavi
247 4858 335 4922 vobis
361 4860 560 4937 certissimam
587 4862 740 4942 jacturam
768 4859 912 4921 bonerum
938 4859 1039 4922 moris
1067 4877 1169 4931 meae,
1203 4857 1230 4918 si
1259 4856 1342 4918 locus
1366 4856 1408 4918 sit

1152 4959 1194 5011 μ

750 5020 767 5061 t
