3428 5542
229 327 295 396 252
696 349 704 371 ¹
783 328 906 396 Amicus
922 329 1046 393 Treboni·

229 491 405 555 ecceutricis
437 496 627 571 permutatos
661 489 827 552 fabuletur:
861 482 1027 554 videbimus
1059 510 1097 551 ex
1127 489 1310 562 Aristotele,
1342 489 1412 570 quid
1444 487 1522 551 certi
1555 487 1596 550 de

227 580 345 644 Eudoxi
373 579 528 641 sententia
556 579 659 641 haberi
691 579 811 659 possit,-
844 579 1005 660 praecipue
1039 599 1105 642 cum
1133 581 1211 642 hunc
1235 579 1333 641 locum
1357 598 1377 640 a
1398 577 1510 640 ceteris
1539 583 1597 639 aut

225 669 397 750 neglectum
421 675 474 731 aut
487 668 566 730 male
582 676 747 731 tractatum
767 668 980 748 interpretibus
1005 688 1115 747 operae
1139 669 1269 749 pretium
1293 667 1436 730 videatur
1457 665 1595 747 diligen·

227 757 288 822 tius
312 757 491 837 expendere.
539 755 615 820 Cum
639 766 739 820 autem
763 756 795 819 iu.
809 757 927 837 gemina
941 757 1099 819 constituti
1115 757 1209 819 simus
1225 756 1416 828 difficultate,
1441 774 1487 830 eo,
1512 754 1596 835 quod

226 855 259 910 et
280 846 479 920 Aristoteles,
514 865 613 909 rerum
643 847 925 909 mathematicamm
955 846 1120 926 imperitior
1153 854 1186 908 ut
1208 846 1311 906 multis
1345 846 1420 907 locis
1452 853 1595 924 apparet,

226 935 345 999 Eudoxi
369 943 498 997 mentem
520 935 569 996 vel
594 935 716 997 sinistre
739 937 910 1016 perceperit
932 936 980 996 vel
1005 935 1161 997 obscurius
1191 934 1385 1013 expresserit,
1418 941 1451 995 et
1477 932 1596 995 numeri

226 1024 387 1088 manifeste
412 1045 431 1086 a
453 1024 555 1085 verbis
579 1024 761 1086 dissideant:
787 1026 933 1087 faciamus
957 1023 1036 1104 quod
1059 1043 1227 1104 possumus,
1251 1023 1411 1085 verborum
1436 1022 1598 1084 involucra

227 1113 411 1193 conjecturis
435 1113 626 1174 sublevemus
650 1132 895 1193 numerorumque
919 1132 1036 1174 errores
1060 1113 1246 1174 correctione
1261 1112 1362 1174 verbis
1385 1118 1598 1173 consentanea

226 1202 379 1264 tollamus.
426 1201 523 1281 Igitur
552 1221 617 1263 cum
642 1202 692 1264 lib.
717 1202 788 1264 XII.
813 1202 949 1280 Metapb.
973 1200 1155 1263 Aristoteles
1186 1202 1215 1262 in
1239 1200 1493 1280 contemplatione
1519 1217 1597 1260 ver-

228 1298 312 1354 setur
344 1291 583 1353 substantiarum
616 1291 795 1370 simplicium
829 1299 860 1352 et
890 1291 1017 1353 materia
1049 1289 1228 1363 carentium,
1267 1309 1361 1370 eoque
1395 1288 1597 1351 sublimitatis

227 1380 374 1443 evehatur
397 1388 541 1441 accurata
564 1388 662 1440 motus
686 1388 719 1440 et
740 1381 853 1459 priunae
878 1389 1009 1442 motuum
1034 1399 1145 1441 causae
1166 1378 1384 1458 disquisitione,
1413 1386 1446 1439 ut
1468 1378 1596 1439 invento

227 1487 265 1531 ex
288 1468 426 1548 slmplici‚
451 1467 592 1530 uniformi
616 1477 647 1530 et
671 1476 795 1529 aeterno
819 1477 911 1543 motu,
937 1488 1024 1548 quem
1043 1469 1171 1549 prImum
1187 1468 1321 1542 dicimus,
1346 1474 1463 1529 motore
1483 1466 1595 1546 primo,

227 1558 267 1619 ad
289 1557 558 1636 intelligentiarum
582 1557 780 1619 secundarum
803 1566 835 1619 et
857 1558 970 1640 primae
994 1558 1257 1620 subordinatarum
1281 1574 1434 1618 uumemm
1459 1555 1596 1617 invesci-

227 1646 360 1727 gaudum
383 1664 450 1725 cap.
475 1641 506 1707 8.
532 1646 676 1707 accedat:
700 1645 775 1706 illud
799 1647 958 1726 praecipue
982 1666 1102 1725 urgens,
1124 1646 1249 1726 singulis
1268 1645 1429 1707 mobilibus
1453 1644 1596 1723 singulas

225 1752 371 1815 praeesse
395 1733 622 1813 iutelligeutias,
648 1753 702 1794 nec
726 1735 976 1796 introducendum
1000 1736 1158 1816 quicquam
1175 1736 1205 1796 iu
1221 1735 1373 1807 muudum,
1398 1733 1478 1814 quod
1494 1733 1596 1794 officio

226 1830 332 1886 careat
361 1824 528 1884 otiosumve
561 1823 610 1885 sit
665 1824 822 1885 Mobilium
859 1843 929 1885 vero
964 1825 1138 1886 coelestium
1173 1842 1329 1902 corporum
1363 1840 1521 1884 numerum
1555 1841 1596 1884 ex

226 1920 368 1986 motuum,
394 1911 444 1992 qui
467 1911 607 1973 videntur
629 1912 659 1973 iu
684 1913 777 1985 coelo,
803 1913 954 1975 varietate
979 1913 1121 1976 Instituit.
1168 1912 1214 1974 At
1228 1920 1327 1973 motus
1350 1912 1445 1992 ipsos,
1470 1911 1597 1992 quinam

227 2009 260 2063 et
283 2010 356 2082 quot
379 2001 652 2080 deprehendantur,
678 2002 796 2081 quaerit
819 2002 857 2063 ab
882 2002 1072 2065 astronomis.
1120 2002 1197 2063 Hinc
1218 2002 1281 2080 ejus
1295 1990 1403 2063 verba:
1428 2017 1488 2074 „ac
1511 2000 1595 2063 mul-

224 2096 274 2152 tos
304 2090 424 2170 quidem
453 2099 551 2152 motus
575 2109 643 2152 esse
672 2109 773 2152 eorum
806 2111 881 2171 quae
911 2092 1060 2164 feruntur,
1094 2091 1131 2152 iis
1164 2091 1256 2151 etiam
1287 2089 1411 2150 evidens
1444 2096 1509 2161 est,
1543 2089 1595 2170 qui

226 2178 417 2242 mediocriter
444 2178 475 2239 iu
507 2179 563 2240 hac
587 2198 619 2241 re
643 2179 759 2240 versati
784 2189 863 2241 suut.
911 2180 991 2241 Nam
1019 2180 1154 2258 pluribus
1181 2178 1242 2240 und
1269 2178 1450 2240 motionibus
1481 2176 1594 2256 singuli

226 2285 348 2331 errones
383 2269 525 2330 feruntur.
582 2266 666 2338 Quot
699 2276 801 2329 autem
832 2268 909 2341 siut,
944 2288 1020 2329 nunc
1054 2268 1173 2349 quidem
1204 2287 1241 2328 ea
1274 2285 1350 2347 quae
1383 2266 1595 2328 matbematIci

226 2356 360 2418 nonnulli
383 2356 516 2429 tradunt,
543 2357 722 2437 cognitionis
746 2377 839 2418 causa
862 2356 1007 2430 dicImus;
1041 2365 1075 2419 ut
1098 2356 1196 2417 auimo
1220 2366 1333 2417 certum
1358 2355 1509 2436 quendam
1534 2374 1593 2417 uu-

227 2464 340 2509 merum
363 2445 513 2525 possimus
536 2446 802 2526 comprehendere:
829 2452 932 2507 cetera
945 2446 1056 2524 partim
1072 2445 1158 2507 nobis
1182 2445 1360 2525 inquirenda
1375 2452 1454 2515 sunt,
1478 2443 1594 2522 partlm

225 2533 263 2609 il,
297 2534 346 2615 qui
370 2535 446 2596 haec
468 2534 637 2615 iuquIruut‚
667 2535 887 2615 interrogandi,
919 2534 1082 2614 numquid
1107 2541 1228 2614 praeter
1252 2552 1388 2612 eaquae
1412 2531 1593 2604 dictasint,

225 2622 264 2686 ile
293 2623 435 2685 rideatur
466 2624 514 2703 qui
547 2624 623 2685 lraee
651 2631 802 2699 tractant:
837 2643 872 2685 ac
901 2631 963 2685 tum
994 2624 1111 2704 utrique
1136 2623 1257 2684 amandi
1285 2623 1328 2683 illi
1362 2621 1480 2700 quidem
1505 2630 1596 2684 eruut

227 2711 331 2792 eisque
355 2712 456 2791 gratia
479 2712 637 2787 habenda;
662 2715 717 2775 sed
740 2714 778 2776 iis
803 2714 920 2789 demum
944 2712 1085 2774 habenda
1107 2713 1192 2785 fides,
1217 2712 1265 2791 qui
1285 2710 1456 2772 accuratius
1472 2718 1504 2770 ct
1519 2709 1593 2772 dili·

225 2799 345 2882 gentius
369 2800 592 2863 tradiderunt.“
640 2803 705 2865 Hoc
728 2803 893 2883 proemium
920 2802 1024 2863 audiat
1048 2799 1201 2862 Osiander
1225 2809 1257 2862 et
1279 2800 1376 2864 Ursus
1408 2808 1440 2861 ct
1463 2798 1592 2879 quicun-

227 2908 285 2971 que
314 2900 553 2967 astronomorum
583 2892 619 2952 de
647 2911 745 2953 rerum
774 2900 883 2952 natura
911 2898 1074 2969 conceptus
1102 2891 1188 2968 parvi
1220 2889 1301 2952 facit.
1349 2887 1492 2966 Sequitur
1524 2887 1594 2967 ipsa

225 2997 295 3041 res:
319 2978 484 3053 „Eudoxus
508 2978 590 3042 Solis
614 2988 646 3041 et
668 2981 772 3042 Lunae
796 2980 949 3060 utriusque
974 2980 1117 3041 lationem
1142 2979 1170 3039 ln
1194 2979 1290 3040 tribus
1313 2978 1447 3057 ponebat
1475 2977 1591 3056 sphac-

226 3066 287 3138 ris,
317 3085 442 3146 quarum
472 3069 599 3148 primam
629 3088 697 3130 esse
727 3088 785 3130 nou
815 3069 980 3131 errantium
1003 3067 1193 3130 stellarum.“
1240 3069 1324 3128 Hace
1348 3067 1377 3127 iu
1403 3066 1592 3144 compendiis

227 3156 439 3217 astronomicis
461 3158 552 3236 vulgo
576 3157 748 3238 depingitur
771 3159 913 3239 amplecti
937 3167 1034 3219 totum
1058 3157 1184 3236 alicujus
1208 3157 1349 3235 planetae
1370 3162 1515 3236 systema,
1540 3154 1589 3216 id·

226 3262 283 3325 que
308 3243 382 3306 facit
404 3245 641 3320 couceutricum3
675 3255 811 3308 movetur
835 3265 924 3326 super
947 3247 1025 3326 polis
1054 3246 1228 3325 aequaturis
1252 3246 1290 3307 ab
1312 3253 1379 3306 ortu
1398 3245 1427 3305 iu
1448 3262 1592 3305 occasum

228 3340 260 3394 et
289 3333 454 3395 revolvitur
481 3353 541 3395 una
572 3354 638 3396 cum
667 3355 703 3396 eo
735 3336 817 3397 horis
841 3333 894 3399 24.
946 3336 1100 3397 Interdum
1132 3335 1158 3395 ei
1190 3335 1270 3396 aliud
1298 3335 1420 3413 iusuper
1448 3332 1591 3406 officium,

227 3421 380 3484 deferendi
405 3425 509 3497 nodos,
535 3424 720 3496 attribuitur,
744 3425 821 3487 uude
844 3427 1018 3506 plerumque
1043 3443 1148 3484 nomen
1173 3424 1279 3496 habet;
1308 3424 1362 3484 sed
1387 3423 1443 3483 hoo
1468 3441 1526 3483 nou
1553 3440 1591 3482 ex

226 3511 344 3574 Eudoxi
367 3521 476 3574 mente.
523 3511 715 3587 „Secundam
739 3522 838 3575 antem
863 3532 917 3593 per
941 3533 1006 3574 eum
1030 3513 1173 3574 clnculum
1197 3513 1282 3580 ferri,
1306 3512 1355 3591 qui
1379 3530 1433 3591 per
1456 3510 1589 3572 medium

226 3600 342 3663 zodiaci
366 3600 447 3663 est.“
493 3603 633 3683 Apparet
654 3602 813 3665 Eudoxum
844 3603 920 3664 hunc
949 3603 1051 3664 orbem
1080 3601 1123 3662 sic
1152 3602 1336 3680 disposuisse
1367 3599 1396 3660 in
1421 3600 1523 3672 Luna,
1558 3610 1593 3661 ut

227 3689 292 3771 ejus
314 3690 377 3770 poli
400 3690 492 3769 prlori
517 3692 581 3753 orbi
605 3692 801 3754 revolutionis
825 3693 948 3753 diurnae
973 3692 1165 3763 insisterent,
1195 3690 1383 3750 declinantes
1406 3690 1547 3767 utrinque
1570 3708 1592 3748 a

225 3778 303 3857 polis
327 3779 408 3840 illius
431 3780 460 3841 iu
485 3781 586 3841 colnro
610 3780 808 3842 solstitiorum
833 3780 933 3860 spatio
958 3779 1147 3858 obliquitatis
1173 3778 1342 3856 eclipticae.
1390 3777 1493 3839 Motus
1517 3794 1590 3837 vero

227 3866 292 3945 ejus
316 3876 364 3927 est
387 3869 442 3928 snb
466 3870 557 3948 priori
582 3871 621 3931 ab
645 3877 713 3930 ortu
737 3869 766 3928 in
791 3888 930 3930 occasum
956 3888 1008 3929 seu
1033 3869 1062 3928 in
1088 3867 1315 3938 antecedentia,
1341 3866 1513 3927 restituitur
1536 3885 1590 3926 se-

227 3954 287 4017 mel
317 3955 354 4016 ad
383 3956 462 4017 idem
491 3957 571 4019 illius
597 3959 684 4037 primi
717 3958 781 4019 sive
811 3958 848 4018 ad
873 3957 951 4018 idem
979 3956 1095 4017 zodiaci
1128 3965 1272 4036 puuctum
1303 3955 1388 4015 aunis
1421 3951 1469 4016 19.
1522 3952 1593 4025 Quo

228 4043 327 4122 spatio
351 4043 523 4106 circumfert
546 4047 650 4108 nodos.
697 4044 804 4116 Qualis
819 4065 890 4107 vero
914 4054 1013 4107 motus
1036 4045 1125 4124 hujus
1150 4045 1253 4105 circuli
1277 4044 1319 4105 sit
1341 4044 1369 4103 in
1391 4043 1509 4104 theoria
1528 4042 1593 4106 So-

228 4131 276 4206 lis,
301 4131 398 4193 dicam
418 4133 481 4211 jam
506 4144 648 4212 quantum
672 4136 731 4198 dici
753 4143 856 4215 potest
879 4136 908 4196 iu
929 4135 1029 4195 tertio.
1078 4132 1233 4207 „Tertiam
1249 4143 1351 4193 autem
1371 4151 1425 4212 per
1440 4131 1593 4211 obquuum

228 4219 369 4282 amulum
388 4222 434 4281 ad
457 4221 646 4284 latitudinem
670 4223 857 4305 signorum.“
903 4222 954 4286 Sic
978 4222 1130 4301 intelligo,
1161 4223 1284 4283 tertium
1310 4222 1348 4282 ad
1373 4221 1536 4282 secundum
1560 4221 1592 4282 iu

228 4309 323 4370 latum
351 4310 492 4372 iuflexum
522 4330 599 4375 esse.
647 4311 706 4375 Est
736 4330 809 4393 ergo
839 4313 901 4387 hic,
937 4311 985 4392 qui
1010 4312 1126 4373 Lunam
1158 4311 1253 4390 ipsam
1279 4311 1385 4371 defert
1431 4308 1505 4389 Ejus
1529 4309 1593 4388 poli

228 4397 360 4460 secundo
384 4399 554 4479 infiguntur,
581 4402 778 4463 deflectentes
801 4401 939 4481 utrinque
965 4401 1065 4480 spatIo
1089 4399 1258 4462 latitudiuis
1279 4399 1428 4460 rnaximae
1444 4397 1593 4459 Lunaris:

227 4493 365 4551 movetur
398 4489 426 4549 ln
457 4491 670 4570 consequentia
700 4511 753 4552 seu
782 4491 820 4553 ab
849 4510 958 4552 occasu
986 4490 1015 4550 in
1040 4496 1137 4550 ortum
1167 4497 1198 4549 et
1228 4488 1398 4550 restituitur
1426 4487 1464 4546 ad
1493 4486 1593 4565 primi,

228 4594 281 4638 seu
306 4578 344 4638 ed
374 4578 488 4639 zodiaci
522 4579 600 4640 idem
629 4588 771 4658 puuctum
804 4580 903 4660 spatio
929 4580 990 4640 fere
1014 4587 1176 4639 menstruo.
1223 4579 1271 4638 lta
1298 4577 1345 4647 tit,
1379 4575 1484 4654 utqui
1510 4575 1594 4637 orbis

228 4674 350 4744 propter
373 4674 486 4727 motum
510 4666 703 4746 longitudinis
726 4668 856 4747 ponitur,
882 4667 909 4729 is
923 4667 1076 4729 latitudini
1100 4666 1223 4741 serviat,
1249 4666 1297 4745 qui
1314 4683 1385 4725 vero
1401 4663 1594 4726 latitudIuem

229 4751 336 4812 stellae
359 4762 517 4831 praestare
541 4755 640 4828 debet,
666 4756 862 4833 longitudinis
886 4765 999 4818 motum
1023 4755 1146 4817 efficiar.

318 4838 369 4902 Sit
391 4840 483 4904 ADG
510 4843 642 4924 sphaera
667 4845 792 4908 fixarum
820 4853 853 4908 et
883 4845 913 4907 iu
945 4864 984 4908 ea
1013 4843 1078 4927 ipse
1110 4839 1201 4906 ADG
1231 4841 1350 4905 colurus
1381 4837 1595 4917 solstitiorum,
