3428 5542
172 293 237 361 352
602 293 705 344 Litarse
721 295 824 360 Keplari
841 299 996 378 *aliorumque
1014 304 1116 348 mutuas

173 453 261 528 aliis,
287 453 358 533 quia
380 453 452 517 nihil
479 454 577 527 video,
602 453 662 515 nisi
684 455 823 534 utrinqne
846 456 1111 536 configurationem
1131 455 1214 519 Solis
1236 466 1270 519 et
1291 454 1433 520 Saturni.
1478 455 1545 521 Ge-

176 553 243 604 tera
267 543 442 622 diligentins
465 563 523 605 non
548 543 728 604 examinavi.
775 544 842 605 Non
868 544 971 606 dubito
995 554 1105 619 tamen,
1131 545 1201 625 qnin
1224 565 1292 608 cnm
1316 556 1419 608 matre
1442 546 1545 626 major

172 632 214 692 sit
238 631 389 710 cognatio.

244 735 415 785 Fabricius
434 734 470 797 (d.
491 731 534 784 20.
554 731 641 795 Feb.):
658 734 782 784 Prioribus
795 737 917 800 quaedam
931 736 1004 796 addo,
1023 739 1085 789 data
1102 738 1233 790 commoda
1251 740 1393 789 semesae

248 806 275 865 1)
295 807 477 868 Acronychism
495 806 511 860 i
530 807 728 856 observationem
747 809 818 855 annis
839 804 978 857 luno-8³
997 810 1055 858 mibi
1076 824 1167 874 quaeso
1187 811 1363 860 communicas

246 873 274 937 2)
294 876 442 937 Quaeritur,
465 892 525 927 num
543 879 569 926 iu
588 877 720 941 generibus
739 879 815 927 etiarn
833 880 865 928 ad
884 879 1042 929 latitudinem
1059 880 1216 943 planetarum
1234 880 1421 944 respiciendum
1437 878 1493 931 siti

248 945 277 1010 3)
296 948 445 1015 Astrologici
471 948 575 998 effectus
599 949 726 1012 eclipsinm
755 948 821 998 dubii
847 957 913 999 sunt.
951 950 1105 1001 Ptolemaiou
1132 953 1196 1000 ratio
1215 951 1401 1001 determinandi
1428 958 1546 1015 tempora

173 1021 301 1085 eclipsinm
319 1021 419 1070 raritati
437 1035 488 1070 non
506 1020 627 1084 congruit.
664 1018 717 1084 Ego
744 1026 811 1082 puto,
833 1019 933 1070 Solares
952 1021 1055 1085 eclipses
1074 1024 1215 1078 sicciutes.
1241 1021 1357 1072 Lunnss
1375 1022 1546 1073 amintas-

175 1092 326 1158 gmersliter
344 1091 470 1141 inducere.
506 1090 640 1139 Plurimum
661 1105 707 1155 ego
727 1093 842 1153 temporis
861 1092 899 1140 his
917 1094 989 1141 rebus
1008 1107 1134 1155 consumo,
1152 1092 1197 1142 sed
1215 1108 1301 1157 parurn
1319 1093 1434 1158 proficio.

251 1160 279 1223 4)
300 1161 376 1211 Venti
395 1163 499 1212 multum
517 1167 622 1225 possunt
639 1163 664 1209 in
684 1166 742 1211 aire
761 1162 921 1225 disponendo.
960 1163 1068 1223 Quaero,
1088 1178 1120 1214 an
1139 1172 1267 1214 ventorum
1287 1172 1399 1215 motoras
1418 1165 1547 1217 catti&

181 1222 207 1284 s⁸t
224 1234 336 1298 praedici
355 1232 467 1296 possint?
505 1231 532 1282 Si
552 1246 567 1281 a
585 1231 692 1295 planetis
711 1233 777 1281 venti
797 1236 947 1290 excitentur,
966 1249 1009 1283 cnr
1031 1236 1056 1283 iu
1075 1234 1163 1285 eadem
1182 1235 1372 1286 constellatione
1396 1235 1504 1286 dirersis
1520 1238 1545 1287 is

178 1306 239 1356 loeis
260 1305 348 1353 diversi
367 1304 439 1364 dant,
458 1318 508 1353 non
527 1318 591 1351 nnus
610 1309 636 1352 et
654 1302 736 1352 idem?
774 1303 887 1364 Quaeso,
907 1312 935 1354 ut
953 1307 1034 1354 causis
1053 1307 1208 1369 tempestatis
1227 1305 1319 1371 aliquid
1339 1320 1434 1371 operae
1452 1320 1547 1371 ponne

175 1377 249 1431 salise
268 1390 328 1424 narn
346 1381 401 1423 tota
418 1373 597 1438 meteorologis
615 1374 764 1439 astrologica
783 1376 814 1424 ab
832 1377 862 1424 iis
881 1376 1011 1440 dependet

252 1444 281 1508 5)
303 1446 410 1496 Causam
440 1445 502 1495 lenis
520 1445 608 1494 hiemis
628 1442 721 1506 (1605)
740 1454 800 1509 puto
820 1440 850 1512 ό
862 1446 885 1508 li
904 1454 930 1496 et
947 1447 972 1508 1).
1009 1448 1085 1497 Esem
1103 1447 1128 1497 la
1150 1448 1226 1504 baem
1254 1451 1328 1498 Anno
1351 1446 1397 1498 45.
1423 1454 1547 1513 sequte

176 1519 360 1581 coniunctione,
378 1519 425 1566 init
443 1516 526 1566 calida
545 1524 643 1571 aestans
664 1530 729 1564 anno
749 1515 791 1564 64.
811 1526 929 1581 sequente
944 1511 973 1584 ό
988 1518 1009 1579 1)
1029 1526 1054 1567 et
1074 1464 1112 1578 ὅ,
1132 1520 1179 1568 luit
1196 1520 1272 1585 frigus
1286 1522 1458 1577 immensum
1479 1533 1547 1571 tus

179 1587 222 1638 04.
243 1589 326 1639 calida
344 1596 428 1638 aestas
447 1596 472 1637 et
490 1588 596 1636 maxims
615 1586 741 1635 lenissima
758 1587 837 1638 biems
855 1590 881 1637 in
899 1603 992 1637 annum
1010 1586 1053 1636 85.
1074 1586 1121 1638 dc.

256 1656 283 1759 6)
305 1659 413 1718 Quaero,
443 1673 476 1707 an
495 1658 568 1707 Luna
584 1660 657 1719 justa
675 1658 809 1721 simplicem
829 1658 1006 1723 longitudinem
1036 1658 1073 1708 sei
1100 1674 1156 1710 enm
1175 1659 1296 1723 parallasi
1315 1662 1348 1709 sit
1366 1660 1505 1726 dirigenda
1521 1662 1546 1709 is

177 1745 278 1861 “mii
298 1729 1400 1859 alitiliiniilff‘lti.lidill:i.llllii¹”slattti.mla
1427 1800 1497 1852 m.
1520 1810 1546 1853 a

181 1880 286 1922 octavae
307 1870 428 1934 sphaeras
447 1869 546 1918 molitur
564 1870 669 1919 mirabili
688 1871 841 1935 compendio,
860 1872 955 1921 dnobus
967 1872 1138 1930 voluminibus,
1157 1886 1221 1936 qnae
1234 1873 1387 1923 constabunt
1402 1870 1476 1922 100⁰
1488 1873 1545 1923 tba·

181 1945 238 1993 laris
257 1949 283 1991 et
300 1942 374 1990 nitra.
412 1939 593 2003 (Keplerns
612 1943 637 1989 in
656 1944 790 2006 margines
803 1941 894 1997 ,Miror
909 1951 1003 1991 sumtus
1022 1943 1226 2008 magnitudinem.
1265 1944 1292 1994 Si
1311 1943 1392 1994 habet
1410 1942 1459 1994 ills
1476 1944 1546 1995 nath

179 2014 244 2064 tales
263 2013 436 2066 Maecenates.
454 2013 495 2074 qni
514 2013 538 2059 in
558 2012 609 2060 tale
628 2027 688 2074 opus
710 2011 778 2060 1000
797 2012 904 2062 thaleros
924 2013 1080 2076 expendunt,
1100 2016 1170 2077 cupio
1190 2023 1216 2064 et
1233 2016 1286 2077 ipse
1304 2014 1399 2065 talibus
1418 2029 1545 2066 connum

177 2085 256 2135 dari*
295 2083 324 2132 In
342 2085 419 2133 literis
439 2089 523 2132 antem
541 2082 566 2131 d.
586 2081 627 2130 12.
648 2084 738 2145 Aprilis
757 2083 822 2132 haec
841 2085 911 2133 addit
930 2085 1069 2133 Fabricius:
1098 2085 1247 2134 Widmarins
1265 2087 1399 2149 promittit,
1421 2100 1454 2136 aa
1472 2088 1548 2136 nasica

178 2156 374 2207 eooentricitatis
395 2154 488 2205 Solaria
512 2154 638 2203 anomalia
654 2161 749 2203 motum
767 2154 838 2204 Vlll.
858 2154 989 2218 sphaerae,
1008 2155 1179 2219 obliquitatem
1197 2157 1308 2208 zodiaci.
1336 2157 1422 2206 locum
1441 2159 1549 2222 aputu·

180 2226 245 2278 Solis
264 2233 290 2275 et
309 2229 362 2288 elna
381 2231 474 2274 motum
492 2225 628 2273 incredibili
647 2224 778 2275 harmonia
796 2235 942 2276 monstrare.
980 2224 1058 2289 Cupio
1076 2227 1148 2283 sebe,
1173 2241 1207 2277 sn
1224 2226 1272 2277 boc
1290 2227 1344 2277 lieri
1360 2228 1460 2292 possiti
1493 2228 1548 2279 De

178 2298 352 2354 stituitnr,
371 2303 400 2345 nt
418 2296 501 2353 andin,
520 2292 697 2356 sumtibus.)

251 2367 281 2429 8)
300 2368 331 2417 ln
350 2367 470 2417 Chronico
489 2365 654 2416 Mansisldico
672 2366 778 2430 plurima
798 2366 911 2430 exempla
935 2365 1181 2433 meteorologicarnm
1205 2366 1409 2418 observationum
1427 2368 1549 2426 insui«.

180 2441 212 2491 ad
232 2439 394 2503 astrologiam
412 2438 492 2488 utilia.

252 2507 280 2570 0)
301 2510 372 2570 Quae
391 2511 454 2559 ratio
474 2510 539 2558 seris
557 2522 642 2558 mense
660 2508 726 2559 Julio
746 2510 805 2557 anni
826 2504 1207 2574 tentatationum.
1234 2510 1266 2558 sd
1298 2509 1375 2560 linem
1395 2509 1550 2575 Supte-bsh

182 2582 248 2647 apud
267 2597 310 2630 ros
328 2581 411 2640 inerit,
431 2581 494 2630 scire
513 2581 593 2643 cupio.

251 2650 297 2713 10)
317 2652 356 2702 De
376 2651 551 2701 directionibus
564 2657 590 2699 ot
608 2650 798 2714 profectionibus
811 2649 967 2714 planetarum
981 2648 1068 2699 eadem
1080 2650 1132 2700 lere
1145 2648 1220 2700 affert
1233 2650 1371 2710 Fabricius,
1391 2664 1460 2717 quae
1472 2662 1551 2704 antas

179 2725 320 2788 scripserat,
341 2738 417 2788 qnare
436 2738 468 2772 ea
484 2723 525 2771 bio
545 2724 688 2771 omittimus.

252 2796 291 2845 ad
309 2795 373 2845 baec
391 2793 562 2858 Keplerna,
581 2807 687 2857 pergens
705 2793 731 2842 iu
748 2791 835 2847 literis,
855 2792 890 2840 sio
909 2791 1048 2854 respondit:

269 2884 367 2945 Venio
392 2884 431 2944 ad
454 2882 615 2962 epistolam
642 2878 692 2944 10.
718 2877 803 2953 (20.)
828 2880 917 2941 Febr.

271 2987 410 3060 (Adi.)
459 2989 543 3049 Petis
576 3006 665 3048 anre
696 2987 891 3067 acronychias
920 2984 1149 3046 observationes
1172 2984 1307 3047 Saturni.
1356 2987 1427 3050 Hac
1456 2989 1552 3070 igitur

181 3078 331 3159 petitione
364 3076 488 3138 erexisti
520 3077 550 3137 in
574 3075 698 3137 Saturni
723 3094 834 3136 curam.
882 3075 983 3154 Atque
1009 3074 1180 3152 accepisses
1209 3093 1299 3135 ame
1323 3093 1378 3154 pro
1404 3096 1469 3139 nna
1493 3077 1549 3140 ob-

182 3167 355 3228 servatione
376 3173 475 3226 totam
500 3163 624 3226 Saturni
648 3165 878 3237 restitutionem,
904 3161 1033 3224 nisime
1058 3161 1182 3240 irruptio
1207 3162 1364 3225 rebellium
1390 3165 1432 3226 ad
1447 3184 1580 3251 cunm,

182 3254 224 3317 rei
249 3255 446 3327 domesticae,
466 3254 624 3334 privignae
648 3272 732 3314 meae
747 3252 944 3331 potissimum,
971 3259 1155 3324 revocasset,
1182 3252 1330 3312 calamum
1346 3255 1551 3329 excussisset,

184 3346 213 3407 in
239 3342 374 3425 Styriam
396 3344 440 3404 ire
464 3343 626 3421 coegisset.
643 3337 669 3413 ο)
709 3342 757 3402 Ex
782 3360 816 3401 eo
840 3348 974 3419 tempore
1000 3339 1092 3400 leriae
1117 3340 1348 3403 astronomicae.
1394 3342 1469 3405 Jam
1494 3362 1553 3406 non

184 3434 276 3494 otium
302 3440 351 3493 est
375 3431 559 3499 describere,
585 3450 661 3510 quae
686 3431 714 3491 in
740 3428 871 3490 Saturno
895 3429 956 3489 tuis
981 3428 1236 3490 admonitionibus
1259 3430 1460 3509 perfecerim,
1496 3450 1552 3494 ne·

184 3522 254 3583 dum
277 3520 527 3600 recognoscendi,
552 3520 673 3580 minime
700 3517 882 3598 perficiendi.
930 3517 1045 3597 Accipe
1068 3517 1160 3596 igitur
1184 3519 1280 3580 nudas
1313 3520 1553 3583 observationes

185 3631 260 3693 quas
284 3610 400 3690 petisti.

272 3701 361 3762 Anno
382 3693 518 3761 80-81
554 3703 628 3774 puto
659 3693 730 3755 nihil
755 3693 947 3754 observatum
977 3693 1005 3754 in
1031 3692 1172 3755 Saturno.
1221 3691 1314 3756 Certe
1338 3714 1396 3776 ego
1428 3696 1551 3777 copiam

184 3789 264 3851 illius
289 3788 356 3851 libri
381 3807 438 3848 non
463 3784 571 3847 habeo.

251 3896 310 3956 An.
336 3890 389 3956 82.
415 3891 468 3954 21.
493 3893 574 3969 Aug.
619 3888 647 3949 h.
676 3884 724 3948 10.
845 3885 918 3967 liin
965 3882 1004 3947 7⁰
1027 3883 1081 3948 24¹
1149 3894 1186 3962 li,
1213 3888 1266 3950 lat.
1292 3885 1332 3963 2⁰
1355 3886 1388 3952 2‘
1435 3891 1483 3954 bk

276 4031 290 4056 il
356 3988 389 4055 10.
418 3978 472 4043 23·
522 4026 537 4051 il
620 4023 636 4049 'i
675 3972 725 4037 ¹0¹
850 4023 865 4048 fl
899 4021 914 4049 ὓ
963 3970 1003 4036 70
1031 3968 1124 4054 Ι3ἸῦΙ
1160 4022 1175 4049 ἢ
1227 4023 1242 4050 9⁸
1292 3973 1371 4055 ²⁸1(
1450 4027 1467 4055 fl

275 4118 290 4143 ,
340 4067 393 4132 83.
419 4068 472 4131 27.
522 4114 537 4139 „
621 4112 636 4137 „
678 4062 724 4125 11.
850 4110 865 4137 „
899 4056 1123 4143 „²0⁰24⁴l.‘
1158 4110 1174 4138 „
1225 4112 1240 4137 „
1290 4063 1467 4150 vali„

359 4206 374 4232 „
442 4154 584 4234 dSept.
621 4199 636 4227 „
695 4149 725 4215 9.
850 4199 865 4224 „
899 4197 914 4225 „
945 4146 1080 4213 l9⁰4b‘
1160 4200 1175 4225 ‚,
1227 4201 1241 4226 „
1292 4150 1403 4217 2⁰23‘
1450 4204 1466 4231 „

442 4244 462 4307 5
522 4291 536 4318 ,,
620 4288 634 4315 „
676 4238 723 4302 11.
850 4287 865 4314 „
898 4234 1168 4321 „19042¹l,⁴„
1220 4288 1235 4316 „
1289 4239 1401 4306 2⁰2d‘
1452 4293 1469 4320 „

276 4383 291 4410 .
340 4331 394 4398 84·
441 4331 471 4396 8-
521 4379 536 4404 „
619 4375 634 4403 „
675 4327 724 4390 ¹2·
750 4348 811 4409 seq.
848 4374 911 4402 ..ι
961 4323 1000 4389 3⁰
1046 4326 1077 4391 9‘
1145 4328 1181 4404 i*
1220 4377 1236 4404 „
1290 4328 1466 4413 2⁰³⁶'ls.

277 4441 344 4514 (Ad
369 4438 419 4511 2.)
466 4439 512 4499 De
537 4433 758 4497 consideranda
782 4430 983 4493 latitudine
1013 4432 1046 4493 in
1076 4432 1358 4498 directionibus
1390 4457 1492 4520 nnper
1525 4440 1554 4503 in

187 4529 292 4612 Styria
317 4528 387 4589 mihi
414 4544 530 4606 qnoque
555 4542 603 4585 res
628 4523 685 4583 luit
703 4540 769 4582 cum
794 4521 921 4601 quodam
936 4521 1014 4581 italo
1039 4522 1224 4601 astrologiae
1245 4535 1379 4587 amante.
1419 4527 1556 4591 Omnino

187 4630 260 4697 pnto
284 4614 397 4695 negligi
422 4633 479 4674 non
503 4631 610 4692 posse:
636 4611 698 4671 fieri
722 4629 848 4689 namque
873 4628 926 4688 per
950 4609 1148 4682 latitudinem,
1174 4620 1207 4671 ut
1222 4613 1394 4690 conjunctio
1420 4619 1472 4680 rel
1496 4637 1554 4699 op-

189 4707 299 4785 positio
332 4722 390 4764 non
423 4702 478 4769 sit.
497 4700 668 4788 conjunctio
702 4699 748 4760 rel
778 4699 938 4778 oppositio.
985 4696 1046 4758 Sed
1071 4698 1192 4760 diversa
1220 4702 1429 4765 consideratio
1454 4707 1555 4787 brrjns,

188 4811 243 4873 pro
266 4791 395 4854 dirersis
419 4789 566 4871 dirigendi
591 4787 697 4849 modis.
744 4787 878 4849 Primum
893 4786 949 4848 hoc
973 4785 1052 4864 apud
1068 4805 1173 4849 omnes
1196 4790 1302 4852 modos
1326 4790 1429 4856 locum
1449 4796 1556 4873 babet,
