3428 5542
702 304 823 354 derebus
842 306 1003 370 astrologicis.
1461 303 1526 372 369

176 462 262 506 tamen
279 459 478 510 observationum
495 461 674 521 fundamenta,
698 465 833 528 exquibus
855 463 1019 512 nobilissimus
1040 462 1081 512 ille
1104 463 1270 513 aeconomiae
1288 465 1439 514 instaurator
1456 464 1526 516 theo·

175 528 238 576 nam
256 526 382 581 Lunarem
401 533 545 589 construxit,
564 534 636 583 valde
655 534 831 591 desideramus,
851 543 877 583 et
895 548 951 584 cum
968 534 1054 583 stellas
1073 537 1150 584 etiam
1167 535 1299 584 nonnullas
1317 537 1343 584 in
1361 550 1405 586 suo
1424 536 1528 586 fixarum

176 598 291 663 catalogo
315 602 437 658 omiserit,
466 617 529 667 qnae
553 616 569 652 a
591 604 735 655 Ptolemaeo
758 613 783 655 et
809 606 943 668 Copernico
969 613 1146 660 recensentur,
1174 607 1260 655 obnixe
1280 619 1410 670 rogamus,
1429 613 1457 656 ιιι
1475 616 1528 656 tum

175 669 244 730 ipsas
263 670 351 722 Lunae
370 674 568 730 observationes,
587 682 640 724 tum
659 679 735 726 etiam
753 676 839 727 harum
858 678 1086 739 praetermissarum
1105 677 1142 724 rel
1162 677 1305 731 distendas,
1325 677 1364 727 rel
1382 677 1527 728 declinatio-

175 751 221 788 nes
240 748 265 790 et
284 756 335 792 asc.
355 752 437 795 rectus
456 759 473 794 a
490 744 607 807 Tychone
627 748 810 797 animadversas
829 748 919 810 publici
936 749 996 809 juris
1016 747 1148 810 aliqnando
1167 748 1249 798 iacere
1268 747 1335 796 velis.

248 829 306 879 Jam
325 831 498 896 liegnlontins,
516 835 660 883 intermistis
679 836 824 899 quibusdam
843 836 873 884 de
892 835 966 885 steila
982 849 1047 885 nova
1066 837 1219 898 serpentaria
1238 850 1302 900 quae
1315 838 1341 885 in
1353 835 1414 886 libro
1426 835 1530 899 Kepieri

176 896 208 946 de
227 913 258 948 ea
275 902 349 952 stella
366 904 494 969 leguntur,
513 908 607 971 pergit:
740 905 743 909 ’

251 991 331 1054 Atque
348 993 374 1041 in
392 992 430 1042 his
449 1008 525 1058 opera
543 1001 588 1050 tua
606 994 661 1042 aliis
679 1009 728 1043 non
747 995 827 1043 minus
847 1001 953 1058 accepta
971 996 1030 1053 erit,
1056 1009 1130 1058 quam
1148 993 1214 1043 mihi.
1252 994 1315 1051 Sed,
1341 994 1406 1058 qnod
1425 993 1457 1042 ed
1475 1008 1530 1056 pro·

176 1061 283 1121 positum
301 1078 383 1112 menm
402 1066 483 1128 potius
502 1073 613 1129 spectat,
640 1082 695 1115 cnm
715 1080 761 1130 ego
779 1081 876 1129 semper
894 1074 1005 1114 motuum
1023 1067 1218 1128 speculationem
1236 1067 1348 1115 inutilem
1366 1066 1417 1114 iere
1433 1064 1530 1127 judica-

176 1132 264 1192 verim,
290 1135 338 1182 nisi
357 1143 383 1184 et
401 1136 528 1186 stellarum
554 1139 617 1186 vires
637 1138 717 1200 aliquo
735 1137 808 1185 modo
826 1138 951 1200 percipere
970 1138 1056 1186 liceret
1080 1133 1150 1198 (nam
1167 1139 1221 1185 siue
1246 1135 1294 1186 hac
1319 1136 1459 1201 cognitione
1475 1150 1531 1184 ¹nec

176 1200 332 1264 planetarum
356 1209 416 1255 varii
436 1221 521 1267 casus,
550 1223 598 1258 nec
616 1207 720 1257 fixarum
744 1216 860 1257 constans
884 1216 910 1257 et
927 1208 1073 1272 quotidiana
1097 1209 1285 1272 circumgyratio
1312 1222 1384 1257 usum
1408 1207 1485 1256 ullum
1504 1208 1530 1255 in

177 1271 288 1323 humana
305 1278 358 1325 vita
374 1276 467 1328 habere
486 1276 617 1341 videntur),
638 1305 672 1314 -
690 1279 755 1328 hanc
775 1279 874 1343 quidem
892 1279 922 1328 ob
941 1294 1043 1329 causam
1061 1279 1148 1328 lubens
1166 1278 1292 1343 libensque
1305 1278 1370 1328 hanc
1382 1279 1534 1341 provinciam

176 1345 203 1392 in
220 1360 260 1395 mo
279 1350 391 1411 suscepi.
415 1350 587 1399 nonnullorum
611 1351 676 1414 apud
701 1365 746 1398 nos
765 1350 903 1399 calumnias
927 1357 1013 1399 contra
1036 1350 1195 1415 astrologiam
1217 1350 1375 1412 judiciariam
1393 1349 1532 1398 retundere.

178 1415 241 1464 Cum
259 1418 403 1471 veronulla
422 1421 452 1469 de
471 1437 497 1470 re
516 1422 864 1470 acriorortasitinternos
883 1421 1024 1478 dimicatio,
1049 1437 1122 1485 quam
1147 1423 1214 1470 circa
1232 1421 1375 1471 coelestium
1394 1419 1531 1484 configura·

176 1488 272 1535 tionum
289 1490 338 1537 rim
357 1498 383 1539 et
400 1493 523 1548 virtutem,
542 1492 590 1541 hac
608 1493 707 1556 quidem
725 1494 750 1541 in
769 1507 804 1548 ro,
817 1491 891 1541 Doct.
906 1491 959 1548 Vir,
979 1507 1049 1555 opem
1064 1501 1089 1540 et
1103 1492 1220 1541 auxilinm
1232 1499 1301 1540 tuum
1314 1498 1411 1555 expeto.
1443 1490 1536 1552 OhJicit'

178 1558 342 1617 adversarius,
361 1577 446 1612 omncs
464 1563 578 1626 planetas
597 1564 673 1613 bonos
693 1577 709 1612 a
726 1563 781 1612 Deo
801 1573 897 1612 creatos
911 1570 937 1612 et
949 1571 1079 1626 propterea
1090 1563 1172 1612 radios
1185 1578 1269 1613 eorum
1282 1577 1366 1612 omnes
1380 1569 1406 1611 et
1418 1568 1534 1625 aspectus

177 1630 254 1679 bonos
274 1645 328 1680 esse
347 1648 392 1682 nec
412 1636 559 1697 quadratum
577 1635 706 1699 hexagono
725 1635 805 1699 magis
823 1636 965 1683 infaustum.
1004 1634 1065 1682 Vult
1088 1642 1234 1697 praeterea,
1258 1648 1318 1698 quos
1342 1634 1459 1697 astrologi
1480 1647 1535 1682 sex·

177 1701 233 1750 tiles
246 1698 290 1750 dte.
312 1704 445 1767 appellant,
465 1706 565 1754 minime
584 1708 621 1755 ita
638 1721 665 1754 se
683 1704 783 1764 habere,
803 1707 861 1770 quia
879 1721 934 1754 cum
953 1705 1078 1754 stellarum
1097 1705 1160 1754 radii
1178 1704 1298 1754 aTerrae
1314 1704 1443 1768 superficie
1455 1717 1535 1754 rerer·

160 1773 302 1830 iurentur,
322 1776 401 1839 sitque
420 1777 483 1825 inter
501 1776 593 1826 Terrae
611 1778 820 1826 semidiametrum
840 1784 866 1825 et
883 1777 997 1839 planetas
1017 1774 1173 1839 (praesertim
1187 1773 1327 1835 interiores)
1346 1775 1467 1825 sensibilis
1479 1789 1537 1838 pro·

176 1845 266 1906 portio,
285 1845 436 1897 incidentiae
456 1854 482 1896 et
500 1849 637 1897 reflexionis
656 1849 761 1913 angarios
780 1850 879 1898 minime
897 1848 1030 1910 praedictis
1049 1848 1153 1896 arcubus
1173 1854 1338 1912 congruentes
1362 1846 1461 1896 efficere
1479 1861 1537 1910 pos·

177 1921 243 1963 sunt.
280 1915 417 1967 Radiorum
434 1920 494 1970 item
506 1920 653 1968 refractione
672 1935 717 1967 nos
727 1921 823 1983 premit,
843 1934 906 1983 quae
921 1925 947 1968 et
965 1919 1090 1967 fallaciam
1103 1918 1188 1983 anguli
1200 1919 1340 1967 necessario
1352 1918 1450 1981 ingerit,
1468 1919 1538 1979 eujus

178 1985 260 2034 nullus
278 1988 304 2035 in
323 1987 425 2038 zodiaco
445 2005 517 2041 arcus
536 2005 651 2040 mensura
671 2005 725 2040 esse
743 1998 832 2054 potest.
869 1990 984 2053 Denique
1002 1991 1124 2039 rationem
1144 2004 1160 2038 a
1177 2004 1217 2037 me
1237 1988 1371 2052 efflagitat,
1393 2002 1435 2043 cur
1452 1987 1538 2050 hujus-

178 2056 245 2104 modi
264 2059 395 2108 intervalla
411 2063 437 2109 iu
456 2062 558 2110 zodiaco
576 2063 676 2123 majoris
695 2064 745 2110 sint
762 2062 870 2118 virtutis,
895 2075 968 2124 quam
993 2063 1014 2109 si
1033 2060 1120 2109 stellae
1145 2074 1200 2109 sese
1225 2067 1310 2108 mutuo
1329 2060 1483 2108 intuerentur
1508 2073 1539 2108 cx

179 2127 300 2178 distende
323 2132 442 2193 prioribus
462 2132 578 2181 dissimili.
616 2132 692 2182 Nihili
717 2131 756 2181 hic
780 2135 825 2181 iste
844 2133 905 2182 iacit
923 2133 1045 2181 rationem
1064 2131 1143 2187 illam,
1172 2145 1246 2195 qnam
1263 2130 1421 2180 Ptolemaeus
1438 2130 1498 2178 libro
1516 2129 1537 2178 1.

181 2196 300 2263 Quadrip.
327 2215 343 2249 a
365 2205 519 2265 proportione
544 2204 688 2253 harmonica
706 2212 791 2253 mutuo
810 2205 904 2251 sumsit.
942 2202 969 2252 Si
986 2204 1096 2251 fortassis
1115 2209 1160 2250 tua
1182 2202 1394 2267 Astrologiae
1418 2201 1538 2251 Funda-

179 2277 289 2319 menta
307 2272 340 2321 ad
358 2288 446 2323 manus
464 2283 561 2324 nostras
580 2277 757 2338 pervenissent,
775 2277 885 2323 rationes
904 2275 999 2338 aliquas
1018 2274 1226 2337 suppeditassent,
1245 2273 1331 2336 quibus
1345 2272 1477 2322 adversarii
1495 2286 1538 2335 pe·

180 2339 305 2391 talantiae
324 2343 420 2394 taedius
439 2360 598 2395 occurrerem.
636 2346 686 2396 Sed
705 2362 760 2395 cum
778 2346 900 2395 hactenus
919 2360 978 2407 opus
991 2345 1038 2393 hoc
1051 2353 1120 2393 tuum
1132 2359 1182 2393 non
1195 2345 1263 2392 sitin
1277 2343 1394 2408 Angliam
1406 2349 1539 2407 portatum,

180 2412 271 2460 iterum
290 2419 364 2478 atque
383 2417 471 2465 iterum
490 2432 567 2481 rogo,
596 2424 624 2465 nt
642 2419 663 2467 si
681 2417 739 2481 quid
757 2418 896 2466 secretioris
914 2416 1082 2480 philosophiae
1107 2416 1208 2471 ιιοιίιιί,
1235 2415 1298 2478 quod
1318 2415 1350 2463 ad
1367 2415 1413 2463 has
1431 2416 1540 2471 rationes

182 2483 357 2533 convellendas
376 2489 467 2544 iaciat,
485 2489 544 2537 mihi
564 2491 744 2539 communicare
762 2503 812 2537 uon
831 2487 970 2552 dedigneris
990 2485 1034 2538 tito.
1072 2485 1145 2536 Vale.
1181 2485 1288 2550 Londini
1307 2484 1351 2536 dte.
1370 2492 1400 2535 ut
1417 2499 1500 2550 supra.

273 2590 462 2671 Keplerus
485 2596 656 2673 respondit:
694 2595 816 2656 Literas
850 2603 939 2667 tuas,
972 2594 1090 2655 Praest.
1115 2593 1190 2667 Vir,
1222 2611 1315 2673 opera
1337 2601 1540 2656 mercatorum

183 2676 234 2758 qui
256 2680 456 2744 Francolurto
480 2685 604 2758 rediere,
631 2683 775 2747 Calendis
799 2684 874 2764 Maji
898 2684 1011 2762 accepi.
1057 2683 1165 2744 Beasti
1190 2701 1245 2756 me,
1272 2681 1404 2742 invitans
1428 2701 1475 2744 me
1501 2681 1565 2744 adt.

183 2767 375 2832 scribendum
400 2772 436 2833 de
460 2773 686 2836 mathematicis
709 2774 834 2847 artibus,
861 2793 936 2854 quas
960 2790 1015 2850 ego
1041 2771 1184 2833 divinitus
1208 2771 1336 2831 humano
1360 2770 1464 2849 generi
1483 2769 1541 2832 da-

188 2864 237 2917 tas
263 2859 413 2934 existimo,
439 2881 497 2922 non
521 2870 639 2924 tantum
663 2865 702 2924 ad
726 2882 797 2924 usus
822 2863 931 2936 varios,
957 2861 1119 2922 sedetiam
1143 2860 1181 2920 ad
1202 2859 1435 2921 oblectationem
1451 2859 1542 2922 animi

185 2944 432 3034 honestissimam
455 2951 578 3031 Deoqne
603 2953 816 3030 gratissimam,
841 2960 875 3011 ut
899 2970 974 3031 quae
998 2951 1159 3029 conjuncta
1182 2957 1231 3009 est
1250 2967 1316 3010 cunr
1337 2949 1541 3010 celebratione

184 3036 404 3112 sapientissimi
428 3040 552 3118 opificis.
599 3042 716 3121 ltaque,
742 3042 767 3102 si
791 3041 861 3120 quid
885 3050 942 3113 est,
969 3038 1048 3119 quod
1072 3039 1199 3100 hominis
1223 3037 1388 3099 coelestem
1411 3037 1542 3100 animum

186 3123 216 3184 in
242 3125 298 3186 hoc
323 3126 412 3188 exilio
436 3128 644 3207 pulverulento
668 3131 802 3191 detinere
827 3137 860 3190 et
883 3130 1007 3190 delinire
1030 3128 1138 3208 possit,
1161 3136 1196 3188 ut
1215 3128 1304 3206 juvet
1326 3127 1442 3200 vivere,
1468 3127 1543 3188 haec

184 3214 322 3292 profecto
351 3225 399 3277 est
426 3216 600 3280 oblectatio.
646 3217 713 3290 Quo
748 3217 866 3280 nominc
890 3228 994 3279 nostro
1027 3217 1129 3278 seculo
1161 3216 1269 3277 merito
1303 3216 1434 3296 mihique
1467 3216 1543 3277 adeo

187 3302 246 3382 ipsi
271 3306 408 3382 gratulor
432 3306 468 3366 de
492 3308 616 3368 inventa
639 3308 848 3390 typographia,
874 3324 933 3385 qua
957 3307 1094 3368 effectum
1117 3306 1220 3378 video,
1246 3304 1331 3366 utin
1355 3311 1443 3365 tanta
1464 3324 1543 3385 pau-

187 3392 282 3452 citate
307 3393 465 3469 hominum,
491 3396 541 3477 qui
564 3395 604 3457 ad
627 3397 751 3458 subtilia
774 3396 834 3457 ista
857 3405 1016 3475 penetrare
1041 3395 1104 3474 apti
1128 3402 1206 3469 sunt,
1232 3393 1370 3454 inventus
1385 3400 1488 3455 tameu
1503 3393 1545 3454 sit

187 3480 217 3543 in
242 3481 402 3544 Britannia
425 3484 472 3546 vir
495 3485 640 3560 eximius,
674 3486 723 3566 qui
747 3485 817 3546 mihi
841 3504 909 3546 sese
934 3485 1078 3546 lectorem
1102 3483 1160 3544 mei
1190 3482 1258 3544 libri
1282 3482 1380 3543 literis
1404 3489 1543 3554 testetur,

186 3577 365 3651 partemque
398 3574 561 3647 mercedis,
595 3593 683 3654 quarn
719 3575 783 3635 hac
808 3573 969 3654 scriptione
999 3572 1195 3653 quaerebam,
1229 3571 1293 3650 ipse
1326 3578 1544 3650 repraesentet.

187 3659 268 3722 Nam
293 3661 422 3741 quaein
447 3683 544 3724 meum
568 3663 709 3724 honorem
732 3664 822 3742 pleno
847 3682 896 3723 ore
920 3663 1052 3742 profare,
1085 3682 1122 3722 ea
1145 3661 1189 3722 sic
1213 3660 1333 3741 quidem
1357 3659 1487 3739 accipio,
1511 3665 1547 3719 ut

187 3747 259 3809 inde
283 3768 428 3813 summam
452 3751 482 3813 iu
506 3760 536 3813 te
560 3752 803 3814 benevolentiam
826 3751 856 3812 in
880 3752 984 3814 harum
1008 3750 1117 3815 artium
1141 3750 1272 3811 cultores
1297 3748 1469 3822 aestimem;
1492 3766 1547 3827 per

188 3856 258 3900 sese
282 3856 354 3907 vero
377 3859 435 3901 non
460 3848 578 3903 tantam
601 3841 661 3903 vim
685 3842 797 3902 habent
812 3840 971 3914 afficiendi,
996 3848 1140 3920 quantam
1164 3839 1238 3900 haec
1254 3857 1291 3899 ex
1305 3836 1547 3899 confabulatione

188 3925 372 3989 suavissima
395 3938 463 3990 orta
486 3930 641 4010 voluptas,
674 3930 743 4010 quia
766 3930 795 3991 in
820 3947 878 3991 me
895 3949 954 3992 non
977 3929 1110 4001 invenio,
1140 3946 1231 4009 quare
1255 3927 1309 3989 illa
1332 3927 1387 3987 abs
1411 3934 1442 3986 te
1466 3926 1549 3988 dicta

189 4016 330 4077 encomia
352 4018 425 4080 mihi
446 4019 589 4100 priuatim
613 4019 814 4099 comprobem.
999 4089 1002 4092 g

280 4103 400 4187 Sequar
423 4116 525 4170 tamen
556 4109 704 4190 epistolae
737 4118 806 4170 tuae
839 4108 931 4170 filum.
977 4107 1073 4181 Ecce,
1108 4124 1197 4187 quam
1220 4102 1378 4183 magnifice
1397 4103 1549 4183 jacturam

187 4195 448 4274 praestantissimi
472 4198 637 4263 astronomi
660 4198 716 4259 hae
740 4198 863 4259 tutelari
886 4217 954 4259 mea
981 4197 1172 4258 successione
1195 4202 1357 4273 pensatam
1380 4192 1548 4255 arbitraris.

187 4283 259 4345 Non
284 4284 433 4361 diffiteor,
466 4306 533 4362 me,
565 4287 707 4370 Tychone
731 4297 867 4361 mortno,
899 4287 1079 4348 haeredibus
1102 4285 1151 4345 rel
1175 4283 1350 4345 absentibus
1374 4281 1422 4342 vel
1444 4301 1551 4362 parum

187 4371 313 4453 peritis,
342 4374 587 4437 observationum
616 4376 788 4438 relictarum
812 4378 941 4438 tutelam
964 4375 1036 4437 mihi
1059 4373 1242 4434 confidenter
1271 4379 1302 4431 et
1337 4371 1438 4431 forsan
1463 4389 1551 4434 arro·

188 4469 301 4541 gauter
323 4481 501 4541 usurpasse,
527 4465 664 4527 adversis
688 4466 850 4526 haeredum
874 4464 1095 4536 voluntatibus,
1126 4480 1184 4522 non
1208 4459 1337 4520 obscura
1360 4466 1462 4522 tamen
1481 4461 1551 4540 jus-

189 4551 277 4612 sione
301 4551 511 4633 imperatoris;
546 4555 596 4634 qui
620 4573 685 4614 curn
710 4574 810 4616 euram
834 4554 1100 4616 instrumentorum
1123 4549 1196 4621 mihi
1220 4548 1449 4626 demandasset,
1484 4568 1551 4631 ego,

191 4644 257 4705 late
282 4649 409 4722 accepto
432 4643 585 4718 mandato,
611 4643 840 4704 observationes
864 4643 1055 4724 potissimum
1079 4638 1178 4718 recepi
1194 4637 1355 4698 curandas.
1393 4639 1493 4701 Multa
1515 4658 1554 4701 ex

191 4749 230 4793 eo
254 4730 461 4793 controversia
485 4751 532 4794 me
556 4732 634 4793 inter
658 4741 690 4792 et
705 4733 861 4806 haeredes,
888 4734 957 4794 dum
972 4750 1028 4811 ego
1042 4730 1195 4809 publicum
1211 4727 1398 4788 commodum
1413 4728 1552 4807 respicio,

190 4819 269 4900 ipsis
299 4819 336 4881 de
365 4818 484 4900 privato
513 4840 567 4883 suo
592 4842 611 4882 a
634 4818 769 4886 Caesare
801 4831 923 4902 practer
951 4829 1056 4883 votum
1084 4819 1164 4881 lente
1195 4815 1355 4876 admodum
1379 4817 1554 4880 satisfieret.

245 4922 452 4974 xepierloperai.
1308 4918 1343 4968 24
