3428 5542
257 313 319 380 teo
705 312 1153 378 osmomcomoeamom

306 473 330 541 l)
358 474 419 530 Non
444 479 487 527 est
511 475 666 538 absurdum,
691 472 780 526 Deum
801 472 828 526 io
850 473 960 527 conditu
980 480 1077 527 tantae
1101 474 1179 527 molis
1204 474 1407 528 demonstrasse
1431 490 1509 530 suam
1532 476 1618 529 omni·

359 553 520 624 potentiam.
573 554 630 607 Nec
652 555 722 607 Deo
747 555 884 606 mundus
909 570 1048 624 niagnus
1077 562 1148 617 est,
1180 555 1236 606 sed
1265 571 1324 607 nos
1355 556 1475 609 mundo
1499 556 1617 625 parri.

359 636 418 688 Hoc
438 651 520 687 unum
542 635 636 697 habet,
661 635 732 704 quod
751 650 829 686 meae
848 651 897 701 pro
913 633 1064 702 Cepernico
1087 633 1323 707 argumentationi
1344 634 1474 704 objiciat:
1499 635 1617 698 scilicet,

358 715 546 782 imperfectam
561 731 637 776 esse,
662 715 732 783 quod
748 713 962 781 coiuprehendat
976 721 1084 767 tantum
1099 715 1220 766 secunda
1234 713 1362 777 mobilia,
1378 715 1481 769 omissa
1494 715 1620 785 sphaera

359 796 484 855 lixarum,
501 801 616 862 propter
630 794 690 861 ejus
707 793 733 844 iu
749 794 900 860 Copernico
914 794 1087 846 infinitatem.
1115 793 1209 862 Atqui,
1232 812 1248 845 o
1263 794 1366 862 Tycha,
1390 796 1546 849 mundanae
1562 796 1617 848 for-

358 890 418 927 mae
442 875 566 935 interest,
590 874 731 943 quiescens
752 888 770 924 a
794 873 939 926 mobilibus
964 882 1043 926 tanto
1058 873 1206 926 intervallo
1221 874 1329 949 abesse.
1358 875 1430 929 Nam
1444 875 1467 928 si
1482 892 1539 928 una
1553 893 1618 945 pre·

359 953 484 1023 portione
504 953 711 1022 comprehendit
725 953 800 1005 Deus
822 954 935 1005 mobilia
955 971 1015 1006 555
1039 953 1211 1023 quiescente,
1237 970 1285 1005 eur
1308 953 1359 1007 illa
1381 964 1540 1017 morentur,
1566 956 1619 1008 boc

358 1033 492 1102 quiescit?
517 1034 613 1085 Nonne
629 1036 663 1085 ad
679 1048 798 1085 normam
813 1045 933 1086 motuum
949 1035 1084 1093 conuenit,
1100 1033 1274 1086 distributam
1289 1050 1351 1085 esse
1366 1041 1396 1087 et
1411 1034 1618 1104 quantitatem?

291 1109 331 1177 m)
360 1113 483 1176 Quilibet
497 1130 527 1165 se
542 1121 633 1174 amat;
656 1115 703 1165 sed
719 1113 782 1165 hino
797 1113 870 1175 vide,
892 1113 987 1182 quanti
1003 1113 1090 1166 saciat
1104 1129 1191 1166 meam
1207 1112 1486 1183 argumentationem.

300 1189 332 1262 n)
360 1195 419 1246 Non
434 1193 540 1262 quidem
555 1201 600 1245 est-
614 1194 826 1261 praetereunda,
844 1195 891 1245 sed
906 1200 999 1247 tamen
1014 1211 1068 1247 non
1083 1202 1128 1247 est
1142 1192 1317 1247 immiscenda
1335 1193 1495 1258 mobilibus,
1518 1194 1546 1248 in
1563 1195 1619 1249 hac

355 1273 410 1326 illis
425 1273 539 1341 propria
553 1273 754 1341 speculatione.

326 1428 367 1490 14)
386 1447 410 1493 5.
430 1428 471 1478 ts.
512 1429 702 1487 ,Domesticus“
723 1429 763 1477 ille
783 1429 829 1477 luit
848 1429 969 1478 Gellius
989 1428 1176 1479 Soscerides
1196 1430 1347 1489 Hafnisnsls,
1368 1429 1436 1479 Med.
1457 1430 1529 1481 Strsd.
1549 1428 1617 1492 (me-

250 1502 309 1551 ritur
328 1501 436 1550 Hainiae
457 1516 521 1549 anno
543 1497 626 1557 1612,
651 1501 789 1549 medicinae
808 1500 950 1562 professoris
970 1516 1071 1549 555555
1089 1502 1202 1565 iungens.
1241 1499 1280 1550 De
1300 1503 1414 1557 actione,
1434 1515 1509 1565 quam
1528 1510 1619 1551 contra

248 1573 313 1621 hunc
337 1572 442 1621 Gelliam
468 1573 575 1620 instituit
599 1572 683 1633 Tycho
712 1586 777 1620 anno
807 1568 871 1619 1596
896 1573 926 1619 55
952 1586 990 1619 res
1019 1572 1158 1634 nuptiales,
1186 1573 1240 1620 ride
1268 1574 1344 1621 risam
1367 1571 1492 1634 Tychonis
1520 1573 1616 1622 editam

250 1657 273 1691 a.
296 1640 364 1690 1756
390 1643 485 1691 5Ρ511.
513 1644 544 1691 de
563 1642 696 1691 Weistritz.
726 1658 749 1704 p.
771 1638 821 1689 236
841 1639 904 1705 sq),
932 1644 972 1705 qui
997 1641 1050 1691 Cal.
1077 1645 1140 1708 Aug.
1163 1640 1231 1692 1588
1255 1642 1388 1692 Maestlino
1412 1657 1474 1706 opus
1491 1643 1619 1706 Tyehonis

248 1714 365 1772 miserat,
385 1713 423 1761 his
443 1714 532 1762 additis
551 1714 644 1762 serbis:
674 1713 758 1775 'l'ycho
777 1728 816 1761 me
837 1715 948 1777 rogarit,
967 1721 996 1760 ut
1014 1728 1057 1761 suo
1076 1716 1176 1763 nomine
1195 1727 1211 1761 5
1230 1720 1256 1762 15
1273 1722 1399 1776 peterem,
1423 1728 1456 1762 ne
1474 1728 1618 1779 grasarere,

249 1783 315 1834 hunc
333 1787 413 1847 ipsum
433 1787 485 1847 ejus
504 1785 591 1833 lihmm
610 1784 735 1849 perlegere
760 1792 785 1833 51
809 1785 839 1832 de
859 1799 887 1832 eo
912 1791 981 1832 tuum
1004 1784 1124 1846 judicium
1144 1784 1325 1849 Urauiburgum
1350 1785 1382 1834 ad
1408 1799 1437 1834 55
1455 1786 1617 1848 perscribere.

249 1853 274 1905 is
293 1870 349 1904 vero
369 1855 430 1905 liber
448 1856 568 1918 peculiari
587 1856 692 1918 quodam
712 1855 813 1904 consilio
832 1857 935 1918 primum
955 1862 992 1904 est
1012 1855 1099 1914 editus,
1120 1857 1230 1920 quamvis
1248 1856 1355 1905 necdum
1373 1856 1504 1921 uulgatum
1522 1858 1619 1921 primus

250 1932 277 1976 51
294 1928 380 1976 tertius
400 1927 473 1986 hrosi,
494 1934 522 1974 ut
541 1942 620 1990 spero,
640 1933 782 1989 sequentur.
1246 1919 1249 1924 ’

320 1996 414 2056 Quibus
433 1997 580 2046 Maestliuus
599 1998 663 2045 brevi
682 2003 738 2059 post
762 1997 916 2060 respondisse
940 1997 1049 2053 videtur,
1076 2012 1149 2060 quum
1175 2004 1256 2047 exstet
1281 1997 1391 2059 ejusdem
1411 1996 1483 2046 Gellii
1509 1999 1619 2061 epistola

248 2067 284 2131 (d.
306 2066 346 2116 19.
362 2067 430 2131 Sept.
447 2066 527 2126 1588)
548 2069 580 2117 ad
599 2067 634 2116 hl.
656 2069 723 2119 data,
744 2071 769 2116 in
788 2082 838 2132 qua
855 2067 918 2116 haec
937 2068 1056 2130 legimus:
1077 2070 1234 2131 gratissimae
1253 2069 1312 2116 mihi
1331 2069 1431 2117 luerunt
1448 2069 1538 2118 literae
1555 2076 1617 2119 tuae

249 2146 275 2190 51
293 2139 445 2203 approbatio,
466 2141 506 2204 qui
521 2141 564 2187 tibi
577 2139 664 2187 librum
678 2138 813 2200 Tycbonis,
833 2140 906 2187 55151
926 2141 972 2186 551
992 2140 1209 2202 praestantissimi,
1229 2140 1329 2187 testaris
1346 2138 1453 2201 placere.
1484 2139 1519 2189 Ut
1538 2142 1617 2189 etiarn

247 2211 370 2274 Tychonis
391 2211 538 2259 desiderium
559 2225 707 2273 cognoscas.
732 2211 958 2258 transscribendum
978 2210 1022 2258 1151
1042 2211 1112 2265 duxi,
1140 2211 1203 2273 quod
1223 2224 1296 2259 ame
1316 2212 1366 2258 suis
1385 2211 1462 2259 literis
1481 2211 1615 2275 flagitarit

247 2280 332 2331 Verba
350 2285 403 2343 ejus
423 2282 486 2330 baec
505 2289 578 2330 sunt:
597 2283 618 2329 si
638 2283 724 2328 misisti
745 2281 877 2329 llaestliuo
896 2281 983 2328 librum
1002 2296 1092 2337 meum,
1112 2288 1140 2329 51
1159 2288 1184 2329 15
1203 2281 1292 2330 iecisse
1311 2295 1360 2329 non
1380 2282 1479 2337 dubito,
1498 2296 1568 2346 roge,
1588 2291 1617 2331 nt

247 2352 282 2402 illi
300 2354 379 2415 prima
398 2355 528 2402 occasione
548 2354 653 2401 scribere
672 2352 731 2400 velis
756 2367 858 2415 meoque
887 2354 985 2400 nomine
1011 2367 1113 2416 rogare.
1137 2360 1166 2400 ut
1183 2366 1253 2401 suam
1273 2352 1303 2401 de
1331 2352 1375 2407 iis,
1402 2366 1467 2416 5555
1492 2355 1617 2407 munst,

247 2425 397 2475 sententiam
417 2424 474 2471 mihi
495 2432 590 2472 mature
610 2430 668 2471 ante
687 2423 792 2471 hiemem
805 2438 848 2485 per
861 2423 945 2470 literas
958 2423 1098 2486 significare
1112 2438 1160 2471 non
1173 2425 1270 2488 gravari
1284 2423 1349 2472 velit.
1378 2420 1451 2484 (5155.
1463 2422 1615 2482 5155511151.)

318 2494 404 2544 Ρ5555
423 2495 468 2543 hoc
488 2495 541 2559 loco
561 2496 591 2544 de
610 2494 756 2556 'l'ychone
775 2494 892 2542 addenda
911 2508 1048 2548 censemus,
1069 2493 1225 2543 celeberrimo
1252 2494 1293 2542 illo
1318 2500 1472 2547 astronomo,
1497 2496 1539 2558 qui
1558 2495 1616 2544 lun·

247 2564 366 2616 6555515
389 2568 450 2627 jecit
476 2568 588 2629 viamque
612 2567 708 2628 aperuit
735 2565 842 2628 Keplero
866 2565 1063 2613 observationum
1089 2578 1188 2613 snamm
1215 2564 1458 2629 diligentissimorum
1489 2566 1555 2614 mols
1581 2566 1616 2615 ad

247 2637 428 2686 emendandam
448 2639 631 2686 astronomiam.
670 2636 721 2684 Viri
741 2645 824 2684 autem
843 2635 906 2683 illius
925 2637 1009 2691 vitam,
1030 2642 1069 2689 et,
1089 2635 1176 2698 quibus
1199 2636 1330 2684 defunctus
1349 2637 1396 2691 sit,
1417 2649 1505 2690 casus,
1523 2638 1615 2700 quippe

245 2708 328 2758 multis
347 2708 413 2757 libris
433 2710 603 2757 astronomicis
623 2716 648 2756 et
666 2708 786 2756 historicis
805 2709 893 2755 itemm
912 2709 1046 2771 iterumque
1066 2709 1200 2769 repetitos.
1228 2707 1337 2770 pluribus
1356 2708 1447 2757 relerre
1467 2722 1515 2755 non
1536 2710 1614 2756 risum

246 2787 293 2829 est.
324 2779 394 2828 Haeo
415 2787 511 2828 tantum
532 2779 690 2828 Gessendo
710 2786 810 2827 auctore
829 2779 937 2839 adjicere
956 2778 1057 2840 placuit.
1087 2777 1171 2838 Tycha
1194 2784 1326 2827 natusest
1346 2778 1614 2841 Knudstorpiimeuse

245 2849 377 2899 Decembri
403 2853 461 2900 anni
488 2848 575 2907 1516,
602 2857 671 2913 patre
695 2849 811 2898 Ottone
834 2848 956 2903 Brahe.
987 2849 1084 2897 domino
1109 2848 1288 2912 Koudstorpii.
1316 2849 1381 2897 leudi
1400 2851 1425 2897 in
1449 2848 1544 2898 855515
1561 2851 1613 2906 5111,

246 2935 294 2970 555
322 2921 406 2984 prooul
435 2923 465 2969 ab
489 2922 661 2985 Helsingborg.
700 2921 826 2969 Educatus
855 2927 892 2968 est
917 2919 1001 2981 Tycha
1029 2935 1045 2968 5
1072 2928 1161 2983 patruo
1189 2920 1295 2983 Georgia
1320 2920 1411 2969 Brahe.
1449 2923 1522 2969 Anno
1544 2918 1613 2969 1559

245 2991 367 3049 Halalae,
395 2989 464 3038 1562
484 2990 583 3054 Lipsiae
603 2992 678 3040 literis
699 2992 840 3055 artibusque
860 3005 960 3053 operam
980 2991 1069 3047 dabat,
1089 2992 1133 3039 sed
1153 2990 1378 3056 cognoscendorum
1404 2990 1512 3040 siderum
1530 2992 1613 3042 mio

245 3064 325 3126 magis
344 3063 488 3111 ducebatur.
518 3063 599 3122 Quum
619 3077 683 3110 anno
705 3060 771 3109 1569
788 3065 926 3126 Augustam
946 3078 972 3110 se
992 3062 1145 3118 contulisset.
1166 3078 1221 3110 cnm
1235 3062 1351 3111 iratribus
1365 3062 1501 3112 Hainseliis
1520 3061 1613 3125 (altero

245 3133 360 3187 consule,
388 3133 465 3181 altero
485 3141 599 3182 senatore
620 3130 779 3197 Augustano)
800 3133 957 3182 observandis
976 3134 1092 3182 studebat
1110 3134 1242 3191 sideribus,
1268 3132 1383 3182 adhibitis
1401 3135 1463 3182 satis
1482 3134 1613 3183 subtilibus

245 3203 271 3253 iu
289 3202 355 3252 huno
375 3203 450 3253 linem
469 3206 644 3253 instrumentis.
682 3204 709 3252 ln
728 3207 834 3266 patriam
862 3218 973 3253 reversus
998 3218 1064 3254 auno
1090 3204 1154 3253 1571
1179 3205 1210 3253 55
1229 3205 1350 3254 avunculo
1369 3203 1507 3254 Stenone
1526 3204 1613 3254 Billa

245 3274 343 3325 domum
363 3281 525 3338 opportunam
545 3275 576 3324 ad
595 3277 668 3339 signa
686 3275 804 3324 coelestia
823 3276 977 3324 observanda
996 3276 1114 3326 donatam
1133 3276 1243 3339 accepit,
1269 3284 1295 3324 et
1314 3289 1380 3325 anno
1401 3272 1468 3323 1579
1489 3279 1614 3326 5511555511

212 3384 221 3403 ,
245 3342 355 3408 Tychoni
374 3361 416 3395 rex
435 3344 534 3395 Daniae
555 3346 692 3397 Fridesicus
710 3346 733 3394 ll
753 3347 857 3395 insulam
876 3346 1025 3397 Huennam.
1055 3356 1083 3396 ut
1108 3349 1134 3396 in
1161 3362 1190 3396 5ο
1216 3347 1287 3410 quasi
1316 3360 1416 3396 secessu
1445 3350 1613 3397 astronaniae

246 3432 346 3482 operam
366 3417 444 3466 daret.
482 3417 540 3478 Qua
557 3433 616 3467 usus
634 3418 783 3467 liberalitate
804 3420 932 3467 constituit
956 3420 981 3466 in
1007 3418 1087 3468 medie
1114 3433 1201 3481 campo
1228 3418 1388 3481 magnificam
1412 3432 1511 3474 arcem,
1538 3434 1613 3483 quam

245 3488 481 3553 Uraniburgum
500 3491 644 3538 nominarit.
674 3489 720 3538 Hic
739 3497 903 3538 commoratus
922 3497 1055 3553 estusque
1075 3489 1216 3538 adsunam
1237 3485 1313 3548 1597,
1333 3490 1499 3538 instrumenta
1517 3489 1550 3538 ad
1568 3491 1611 3539 ob·

244 3561 393 3610 sonandum
417 3563 517 3609 summis
543 3563 660 3623 impensis
687 3560 841 3610 conficienda
864 3562 959 3609 curarit
986 3558 1123 3623 (descripta
1140 3559 1203 3608 haee
1223 3561 1388 3610 iustrumenta
1406 3560 1612 3623 deprehendimus

243 3633 268 3681 iu
294 3631 412 3693 peculiari
438 3647 525 3695 opere.
552 3634 682 3695 inscripto:
713 3634 931 3680 astronomiae
961 3635 1163 3680 instauratae
1191 3630 1385 3680 Machanica.
1432 3631 1612 3696 Wandeshurgi

246 3699 330 3753 1598.
356 3716 441 3752 recuso
461 3703 638 3766 Norimhergae
661 3700 765 3760 16925,
794 3703 925 3765 discipulos
950 3712 976 3751 et
995 3703 1158 3751 calculatores
1178 3702 1299 3756 adscivit,
1324 3710 1452 3766 totumque
1470 3716 1497 3752 se
1517 3704 1613 3753 dedidit

244 3776 414 3824 astronomicis
433 3776 650 3823 observationibus.
681 3775 719 3823 De
738 3775 775 3822 his
795 3776 1004 3823 observationibus
1023 3775 1084 3822 baec
1104 3775 1155 3836 ipse
1171 3773 1245 3822 dicit:
1269 3787 1331 3835 qaas
1344 3773 1443 3837 Lipsiae
1461 3776 1486 3823 in
1505 3777 1613 3838 pnen'tia

243 3845 345 3908 peregi,
373 3846 478 3907 pueriles
504 3853 530 3894 et
556 3845 643 3894 dubias
662 3846 786 3908 appellare
805 3845 878 3893 soleo.
917 3844 986 3904 Quas
1005 3860 1060 3893 vero
1080 3852 1168 3908 postea
1187 3847 1316 3908 Augustae
1336 3844 1521 3895 vindelicorum
1541 3853 1567 3895 51
1584 3848 1611 3895 15

245 3914 329 3964 Dania
348 3918 439 3976 passim
458 3917 562 3980 adeptus
582 3934 644 3974 sum,
661 3917 802 3980 juveniliter
821 3924 846 3965 et
865 3917 1019 3965 mediocriter
1038 3930 1064 3964 se
1084 3917 1205 3965 habentes
1221 3930 1288 3964 roco.
1318 3914 1415 3966 Tertius
1434 3926 1528 3972 autem,
1548 3932 1611 3981 quas

243 3987 398 4050 postmodum
418 3985 564 4053 Uraniburgi
583 3990 745 4037 exactissimis
763 3988 810 4036 illis
829 3989 996 4038 instmmentis
1015 3988 1140 4036 dimensus
1159 4003 1229 4046 sum,
1249 3987 1346 4041 viriles,
1367 3995 1436 4036 ratas
1455 3995 1482 4038 et
1500 3990 1608 4038 55511551·

247 4071 301 4106 mas
321 4057 417 4118 appello
437 4067 463 4105 et
481 4073 578 4108 censeo.
1524 4096 1530 4107 .

315 4127 376 4176 Inde
395 4130 427 4178 55
445 4145 474 4177 55
493 4140 610 4194 tempore,
630 4145 676 4194 quo
695 4131 795 4192 imperio
814 4130 905 4192 potitus
925 4136 963 4178 est
976 4128 1128 4178 Christianus
1143 4127 1179 4176 lV
1192 4125 1296 4189 (1588),
1317 4143 1356 4177 res
1369 4127 1502 4190 Tyehonis,
1521 4144 1608 4194 quarn-

244 4214 319 4265 quam
338 4215 380 4262 per
399 4200 490 4263 5115551
511 4218 588 4251 astrios
605 4204 701 4262 juvenis
720 4201 793 4261 hujus
812 4202 876 4264 regis
896 4202 978 4264 gratia
996 4201 1136 4265 gaudebat,
1164 4201 1253 4249 mutari
1273 4206 1299 4248 et
1318 4199 1367 4249 1551
1387 4208 1539 4263 cooperunt:
1565 4201 1609 4251 de·

244 4271 319 4321 licere
338 4271 439 4326 reditus,
458 4287 517 4335 quos
538 4289 567 4321 er
585 4274 655 4337 regia
673 4272 843 4321 munificentia
862 4278 939 4320 antea
958 4271 1111 4326 obtinuerat.
1132 4272 1238 4320 existere
1256 4270 1449 4320 calumniatores
1467 4280 1494 4320 51
1512 4273 1608 4322 obtrec-

244 4352 347 4403 tatores,
366 4352 391 4391 et
410 4358 465 4391 cum
482 4347 534 4405 jam
554 4360 603 4392 non
622 4352 705 4406 posset
723 4358 752 4391 er
770 4343 888 4392 reditibus
908 4344 1008 4406 propriis
1027 4349 1111 4390 tantos
1129 4350 1223 4390 sumtus
1237 4346 1367 4397 sustinere,
1385 4343 1524 4407 requirendi
1544 4345 1609 4408 apud

245 4421 340 4463 ceteros
359 4416 489 4475 patrocinii
510 4423 584 4479 51555
604 4414 666 4463 adeo
686 4415 749 4462 sedis
769 4414 879 4463 L'raoiae
899 4414 947 4461 alio
966 4413 1153 4462 transferendae
1173 4416 1238 4475 cepit
1256 4414 1385 4463 consilium
1404 4411 1578 4475 (1591-96).

316 4484 388 4544 Quae
407 4500 436 4533 eo
456 4501 531 4549 usque
551 4487 614 4547 typis
634 4485 795 4546 imprimenda
814 4487 921 4543 curarit,
941 4493 1014 4541 sunt,
1033 4491 1130 4547 praeter
1149 4484 1293 4546 opusculum
1312 4486 1344 4535 ds
1362 4484 1434 4534 liora
1451 4484 1531 4536 Stella
1550 4488 1609 4535 anni

246 4552 314 4603 1579
335 4554 411 4619 (quod
430 4557 481 4618 ipso
500 4557 525 4605 in
544 4557 631 4616 majori
645 4557 675 4604 de
688 4555 776 4605 eadem
795 4557 868 4606 stella
881 4570 953 4618 opero
967 4565 1053 4605 narrat
1071 4555 1223 4619 publicatum
1241 4556 1317 4605 luisse
1336 4571 1402 4605 anno
1418 4554 1484 4605 1579
1504 4566 1609 4608 curante

245 4625 278 4674 Ι).
293 4626 418 4683 Ρι515555,
438 4626 556 4680 Halalae,
577 4627 656 4689 ,quod
675 4628 772 4689 quidem
786 4643 845 4690 opus
865 4643 913 4675 non
933 4643 961 4676 ee
982 4629 1071 4681 animo,
1090 4634 1118 4675 ut
1130 4628 1154 4676 in
1167 4626 1292 4690 publicum
1307 4627 1468 4677 emittendum
1482 4629 1607 4684 ducerem,

245 4698 380 4746 amicorum
399 4698 488 4747 saltem
507 4698 727 4759 efflagitationibus
747 4713 776 4747 eo
795 4698 927 4762 impulsus,
946 4699 972 4748 id
990 4699 1106 4763 quidquid
1125 4706 1176 4752 est,
1196 4697 1254 4746 mihi
1274 4714 1323 4747 non
1342 4698 1521 4760 satisfacit.“).
1547 4715 1608 4764 opus

246 4767 277 4816 de
296 4767 421 4817 Cometa
445 4771 503 4817 anni
531 4766 614 4822 1577,
644 4776 670 4816 51
698 4769 908 4832 Epistolarum
936 4769 1047 4820 cohectio
1075 4765 1178 4829 (1596).
1216 4767 1279 4818 illud
1308 4769 1450 4834 inscriptum
1479 4778 1531 4820 est:
1563 4770 1608 4820 De

245 4836 350 4888 ldundi
370 4839 517 4890 Aethersi
530 4838 776 4891 Recentioribus
789 4840 1021 4892 Phaenomenis
1034 4841 1108 4891 Liber
1127 4839 1258 4896 secundus,
1278 4842 1319 4906 qui
1337 4840 1607 4907 estdslllustrhtella
