3428 5542
787 212 813 255 q

685 288 769 375 Caput
785 306 936 361 xlv-xv.

479 445 525 533 ru
549 467 698 543 aaron
712 466 912 534 naamon
935 467 1147 541 cucuron

656 574 772 627 Norat:
792 574 970 629 scotoma.

207 664 237 734 a)
260 667 393 739 intellige
415 666 557 738 despatio
578 667 682 721 orbium
704 667 884 740 geometrico:
910 670 943 721 da
966 667 1084 721 materia
1098 667 1177 731 enim,
1202 668 1320 732 honest,
1346 670 1379 723 de
1396 683 1494 740 corpu-

126 748 218 803 lentia
231 747 410 802 adamantina
423 764 458 802 ne
471 746 648 802 Ptolemaeus
664 746 772 818 quidem
786 749 855 802 adeo
870 763 963 801 crasse
978 747 1199 818 philosophatur.

207 825 237 893 b)
260 829 410 882 Extremm
432 827 550 882 circulus
573 826 714 882 zodiacum
737 828 824 882 refert
851 827 879 882 in
907 829 974 883 orbe
1003 827 1127 891 stellato,
1156 828 1309 897 descriptus
1334 845 1371 882 ex
1400 834 1495 884 oentm

127 908 228 972 mundi,
252 907 298 960 rel
317 907 403 962 etiam
425 925 461 962 ax
476 908 563 981 globo
578 908 708 973 Terreno,
728 909 793 979 quia
807 915 883 963 totus
903 908 977 962 orbis
998 922 1116 978 maguus
1136 909 1170 962 ad
1184 925 1246 963 eum
1260 908 1428 964 insensibilis
1443 912 1495 965 est.

208 992 234 1042 A
256 986 370 1043 Saturni
390 988 528 1059 'systema
554 988 756 1044 concentricum
778 1007 816 1043 ex
830 989 854 1044 G
870 993 965 1043 centro
988 988 1061 1043 orbis
1080 987 1184 1060 magni.
1222 990 1246 1043 B
1270 995 1395 1062 systema
1407 988 1494 1044 doris.

127 1070 149 1124 C
172 1069 284 1123 blattis.
323 1068 350 1122 D
366 1068 491 1124 Circulos
516 1066 575 1123 siva
595 1067 643 1123 via
663 1069 751 1123 centri
771 1069 850 1141 globi
870 1069 984 1124 Terreni
1004 1068 1179 1123 concantrica
1199 1086 1237 1124 ex
1259 1076 1353 1124 centro
1368 1070 1410 1134 G,
1434 1086 1494 1125 uum

128 1148 284 1219 sphaerula
295 1148 401 1203 Lunari
423 1149 529 1203 duobus
553 1148 621 1204 locis
635 1149 760 1219 appicts.
797 1152 881 1205 Duas
905 1165 1007 1204 caecae
1032 1148 1125 1203 lineae
1140 1148 1289 1204 circulares
1305 1149 1379 1205 orbis
1394 1151 1497 1207 Terrae

127 1246 188 1284 cum
211 1229 319 1284 inserta
330 1229 412 1283 Luna
432 1227 586 1285 crassitiem
600 1230 744 1284 denotant.
776 1230 885 1284 EDuo
899 1229 1015 1293 circelli,
1037 1228 1210 1284 delineantas
1233 1230 1388 1285 crassitiem
1402 1236 1494 1302 syste-
1554 1268 1556 1273 -
1611 1298 1616 1309 Ι

127 1309 209 1365 mstis
224 1309 352 1373 Venerii,
377 1308 452 1364 iutra
466 1325 548 1381 quam
570 1309 656 1364 omnis
670 1309 731 1377 ejus
754 1316 877 1364 motuum
900 1308 1024 1373 varietas
1048 1309 1199 1378 perficitur.
1241 1309 1400 1381 Is'spatium
1422 1310 1495 1367 inter

128 1392 196 1444 duos
211 1389 346 1453 circellm,
365 1388 393 1443 in
407 1407 463 1463 quo
480 1389 566 1444 omnis
585 1396 706 1444 motuum
725 1390 826 1445 stellae
846 1388 975 1445 Mercurii
994 1389 1117 1444 varietas
1142 1390 1290 1460 perficitur.
1328 1391 1353 1447 G
1372 1398 1497 1448 centrum

127 1468 253 1534 omnium,
276 1475 306 1523 at
317 1486 406 1539 prope
420 1469 510 1540 ipsum
524 1487 624 1540 corpus
640 1469 750 1525 Solare.
831 1468 833 1473 ’

169 1569 174 1578 ·
206 1553 295 1605 Armis
309 1566 361 1620 per
375 1549 398 1604 Ο
412 1550 669 1605 etPtranseuntes
692 1554 790 1621 partes
812 1555 877 1604 sunt
903 1548 1132 1619 eccentrcpicycli
1147 1549 1273 1628 Saturni.¹
1308 1550 1397 1606 Linea
1410 1568 1497 1606 curra

127 1647 179 1702 per
194 1631 217 1693 Q
231 1635 315 1701 atque
329 1646 380 1699 per
392 1630 556 1702 perigaeum
571 1629 688 1703 cpicycli
707 1630 736 1684 in
751 1631 773 1684 0
789 1646 918 1702 apogaeo
937 1628 1088 1684 excentrici
1111 1630 1205 1699 positi,
1230 1636 1260 1684 ct
1272 1647 1324 1700 per
1338 1646 1496 1706 apogaeum

127 1711 250 1781 ejusdem
264 1711 330 1764 inP
352 1710 485 1782 perigaeo
500 1710 655 1775 eccantrici,
679 1717 724 1765 est
743 1710 790 1765 ria
812 1711 945 1780 planetae
969 1709 1130 1764 eccentrica.
1170 1711 1294 1766 circulus
1320 1712 1427 1783 quidem
1441 1708 1496 1767 nou

126 1800 180 1855 est,
204 1793 252 1845 scd
276 1809 294 1846 a
308 1790 434 1846 circulari
451 1791 528 1846 linea
542 1787 785 1846 sensibiliter'non
800 1791 898 1845 differt.
937 1791 977 1844 HI
1001 1789 1142 1844 crassitics
1166 1792 1274 1846 duobus
1298 1792 1407 1847 circulis
1433 1810 1496 1848 con·

127 1871 255 1927 cantricis
274 1871 388 1935 inclusa,
415 1889 496 1942 quam
519 1872 567 1926 via
580 1872 694 1926 Saturni
716 1871 871 1926 eccentrica
894 1870 944 1925 sibi
969 1869 1097 1924 vindicat.
1133 1871 1222 1926 Linea
1243 1889 1328 1925 curva
1350 1873 1395 1926 vel
1418 1874 1496 1944 quasi

128 1953 246 2007 circulus
261 1969 312 2021 per
325 1953 354 2006 M
377 1958 408 2005 et
427 1969 478 2022 per
502 1969 660 2023 apogaeum
685 1942 802 2023 epioycli
824 1951 851 2004 in
867 1952 906 2014 0,
932 1957 1016 2021 atque
1037 1968 1088 2020 per
1107 1952 1271 2024 perigacum
1287 1952 1409 2020 ejusdem
1432 1953 1497 2008 inP

128 2033 276 2095 transiens,
291 2032 461 2095 eccentrious
475 2039 528 2096 est,
553 2050 632 2103 quem
647 2033 823 2087 Ptolemaeus
848 2036 1059 2102 aequantem
1079 2038 1169 2086 vocat.
1207 2032 1260 2086 KL
1275 2033 1415 2087 crassities
1431 2036 1496 2088 duo·

128 2116 179 2167 bus
194 2112 284 2166 caecis
299 2112 408 2165 circulis
423 2113 602 2167 concentricis
617 2112 782 2183 intercepta,
808 2128 889 2182 quam
904 2118 980 2165 totus
1001 2111 1142 2180 epicyclus
1157 2119 1187 2165 et
1201 2129 1324 2182 aequans
1345 2114 1393 2166 illc
1406 2114 1496 2185 requi-

128 2201 201 2248 runt.
229 2193 351 2247 Planeta
366 2208 430 2245 vero
445 2193 522 2246 ultra
536 2194 561 2247 Η
577 2210 715 2263 nunquam
730 2192 864 2254 ascendit,
881 2209 931 2245 nec
945 2190 1018 2244 infra
1033 2192 1045 2244 Ι
1059 2192 1207 2246 descendit.

208 2272 347 2327 similibus
372 2272 590 2342 particularibus
612 2273 724 2327 orbibus
749 2279 859 2326 ceterae
870 2272 1008 2342 sphaerae
1023 2271 1107 2325 etiam
1122 2272 1268 2326 distinctae
1291 2272 1496 2346 intelligantur,

129 2354 176 2424 qui
190 2359 292 2416 tamen,
317 2370 352 2405 ne
366 2352 513 2406 multitudo
536 2353 670 2407 linearum
693 2353 836 2424 negotium
860 2351 952 2421 potius
972 2352 1142 2414 obscuraret,
1168 2369 1249 2423 quam
1264 2354 1428 2418 declararet,
1452 2353 1498 2408 bic

132 2433 303 2487 omittuntur.
341 2433 404 2485 ldeo
419 2431 448 2486 ln
460 2432 530 2486 Jove
545 2440 574 2486 et
588 2433 679 2486 Marte
694 2434 741 2487 via
758 2449 851 2486 eorum
874 2431 1028 2485 eccentrica
1050 2433 1157 2501 duoque
1176 2448 1239 2487 eam
1257 2432 1430 2489 continentes
1445 2434 1496 2488 cir·

131 2514 185 2567 culi
200 2512 373 2573 concentrici,
396 2511 424 2565 in
439 2512 539 2567 ceteris
554 2513 605 2567 soli
621 2513 785 2567 concentrici
800 2512 931 2581 descripti
946 2511 1093 2566 sufficiunt.

209 2592 310 2663 Spatia
323 2592 495 2646 intermedia
525 2594 551 2647 R
565 2594 640 2646 locus
656 2594 727 2657 cubi,
748 2593 766 2647 S
781 2592 925 2654 tetraddri,
949 2592 971 2644 T
986 2591 1156 2656 dodecaddri,
1174 2592 1197 2646 V
1212 2592 1354 2658 icosaddri,
1376 2593 1404 2648 X
1418 2584 1496 2661 ocia·¹

132 2674 198 2728 edri.
226 2673 252 2728 N
266 2679 311 2728 est
324 2672 444 2742 spatium
459 2672 532 2727 inter
545 2673 694 2728 Saturnum
709 2680 738 2726 et
752 2673 834 2735 fixas,
859 2671 964 2726 infinito
985 2671 1081 2726 simile.

201 2751 272 2802 Hace
285 2749 408 2814 Keplerus
421 2751 551 2801 mactarit
568 2753 595 2800 ln
613 2751 701 2800 tabula
719 2753 781 2814 ipsa
811 2750 936 2813 Inscripta
955 2756 1007 2799 est:
1028 2749 1134 2800 Tabslla
1152 2749 1286 2801 ostendens
1305 2765 1388 2802 varam
1408 2751 1496 2816 ampli-

135 2823 245 2873 tudinem
264 2822 358 2872 orbinm
377 2821 521 2872 coelestium
540 2829 565 2873 at
583 2823 777 2879 interstitiorum,
797 2821 932 2877 secundum
950 2835 1064 2870 numeros
1083 2827 1109 2893 at
1126 2823 1276 2873 sententiam
1296 2822 1433 2888 Copsmici.

211 2891 240 2960 cl
262 2897 287 2950 E
309 2912 339 2949 re
364 2896 423 2949 ‘one
445 2895 522 2959 sitos,
543 2904 576 2949 ut
598 2895 771 2959 atr-635,
794 2895 833 2948 sic
855 2893 1022 2948 333-333.

211 2973 239 3040 d)
263 2975 292 3030 Si
306 2912 371 3035 iffi
384 2992 438 3029 non
453 2991 545 3029 sumas
561 2973 631 3038 577,
655 2976 761 3029 radium
776 2974 899 3044 inscripti
915 2976 1060 3038 occasuro,
1085 2976 1133 3029 sed
1149 2971 1218 3039 lot,
1243 2976 1352 3030 radium
1364 2975 1490 3046 inscripti

133 3058 267 3127 quadrato
282 3054 419 3119 octaddri:
435 3062 500 3109 tunc
515 3056 568 3108 iste
583 3072 636 3108 non
651 3057 766 3110 multum
780 3055 920 3125 discrepat
934 3071 952 3109 a
967 3054 1033 3109 723.

212 3130 242 3199 a)
266 3135 318 3189 Hic
338 3135 481 3205 proportio
503 3135 608 3189 orbium
622 3135 694 3190 Solis
710 3143 739 3190 et
752 3137 847 3191 Lunae
869 3135 1018 3190 assumitur
1032 3152 1076 3200 ea,
1103 3152 1173 3206 quae
1199 3133 1236 3190 20
1252 3138 1287 3191 ad
1305 3139 1336 3200 l,
1361 3143 1495 3208 quantam

134 3215 218 3270 tradit
232 3214 401 3269 astronomia
416 3216 533 3286 antiqua
546 3215 663 3269 circiter.
692 3220 732 3270 At
746 3219 830 3271 doceo
846 3216 895 3268 lib.
911 3217 956 3269 IV.
973 3215 1123 3285 Epitomes,
1139 3217 1210 3287 quod
1224 3215 1275 3270 illa
1285 3217 1321 3271 sit
1335 3217 1393 3271 fere
1408 3217 1495 3288 triplo

133 3295 233 3364 majam
258 3294 310 3350 cisi
325 3294 353 3349 in
366 3295 597 3364 Ephameridibus
622 3297 757 3351 modestia
776 3297 894 3366 quadam
916 3313 980 3349 usus
1005 3296 1136 3367 usurpavi
1160 3295 1236 3351 illam
1250 3296 1392 3368 sesquiplo
1406 3297 1496 3366 majo·

132 3392 196 3439 rem,
212 3375 271 3430 scil.
287 3392 349 3430 eam
364 3392 436 3446 quae
452 3374 491 3431 30
507 3378 542 3431 ad
561 3377 571 3429 l
587 3417 593 3438 ,
610 3375 718 3431 interim
734 3378 795 3430 dum
811 3376 895 3445 plane
911 3377 1108 3431 concluderem.

591 3669 596 3681 '
699 3646 819 3747 Caput
846 3647 928 3721 XV.

309 3803 471 3870 desectio
495 3805 722 3869 distantiarum
745 3814 775 3868 et
794 3807 965 3909 diversitas
984 3806 1318 3888 promdapltoereseon.

222 3949 270 4012 Ne
294 3967 366 4010 vero
389 3946 445 4008 tibi
469 3946 565 4009 lector
583 3947 679 4009 amice
703 3948 892 4009 occasionem
916 3948 1006 4010 ullam
1031 3948 1193 4028 praebeam
1217 3956 1312 4011 totum
1327 3947 1384 4010 hoc
1399 3966 1495 4028 nego-

137 4037 210 4099 tium
227 4045 353 4116 propter
375 4035 534 4097 levicolam
554 4035 735 4098 discordiam
749 4036 914 4116 rejiciendi,
940 4038 1104 4101 monendus
1124 4037 1171 4099 hic
1187 4058 1230 4111 es,
1255 4037 1333 4117 quod
1357 4044 1388 4098 te
1404 4037 1497 4116 proba

136 4125 309 4187 meminisse
332 4124 435 4198 velim,
472 4123 630 4204 Copcrnici
653 4125 802 4187 intentum
830 4145 888 4186 non
913 4125 941 4186 in
966 4126 1197 4206 cosmographia
1226 4125 1355 4200 versari,
1390 4126 1444 4187 sed
1468 4125 1497 4188 in

137 4214 337 4277 astronomia:
368 4212 425 4274 hoc
449 4221 514 4296 est,
540 4221 639 4275 utrum
663 4214 797 4276 nonnihil
821 4215 849 4276 in
875 4234 977 4275 veram
1001 4216 1115 4278 orbium
1138 4216 1361 4294 proportionem
1380 4222 1495 4293 peccet,

137 4323 240 4383 parum
263 4303 323 4385 ipsi
346 4321 435 4365 curae
459 4310 516 4376 est,
541 4303 630 4364 modo
654 4322 792 4364 numeros
816 4323 854 4364 ex
879 4303 1142 4366 observationibus
1162 4323 1215 4364 eos
1239 4304 1422 4376 constituat,
1448 4303 1497 4382 qni

138 4393 200 4455 sint
232 4394 271 4456 ad
304 4391 554 4454 demonstrandos
588 4399 687 4453 motus
719 4392 967 4473 planetarumque
1000 4395 1067 4456 loca
1099 4392 1318 4471 computanda,
1354 4399 1498 4472 quantum
1569 4459 1575 4470 ¹

138 4481 200 4544 lieri
223 4482 325 4562 potuit
346 4479 475 4542 maxime
499 4481 573 4560 apti.
621 4480 665 4542 At
689 4480 714 4540 si
741 4480 807 4560 quis
836 4480 969 4561 aptiores
994 4482 1065 4544 darc
1089 4489 1214 4543 conetur
1242 4486 1274 4541 et
1297 4480 1352 4541 hos
1377 4477 1496 4560 (loper-

139 4571 195 4632 nici
219 4589 358 4633 numeros
380 4569 425 4630 ita
447 4569 594 4649 conigat,
624 4577 658 4631 ut
686 4567 758 4630 nihil
783 4568 898 4631 interea
928 4577 981 4631 ant
1010 4590 1115 4650 parum
1144 4569 1172 4630 in
1196 4567 1497 4648 prosthaphaeresesi

138 4659 248 4734 turbet,
273 4659 304 4721 id
330 4657 373 4720 illi
391 4674 451 4736 >par
474 4655 671 4737 Copemicum
697 4658 786 4720 facile
810 4658 922 4720 licebit.

226 4749 270 4812 Ut
298 4745 390 4827 igitur
418 4764 562 4808 summam
595 4746 721 4827 denique
750 4745 818 4808 lmic
846 4745 968 4826 negotio
996 4764 1115 4806 manum
1148 4741 1317 4824 imponam,
1351 4752 1442 4824 atque
1465 4750 1500 4805 ut

140 4843 302 4923 appareat,
335 4833 405 4922 quid
429 4842 630 4921 quantumque
660 4853 753 4921 penes
785 4835 919 4922 singulos
952 4834 1093 4920 planetas
1122 4831 1159 4923 in
1179 4832 1387 4915 parallaxibns
1417 4831 1504 4897 orbis,
