<?xml version="1.0" encoding="UTF-8"?>
<!DOCTYPE html PUBLIC "-//W3C//DTD XHTML 1.0 Transitional//EN"
    "http://www.w3.org/TR/xhtml1/DTD/xhtml1-transitional.dtd">
<html xmlns="http://www.w3.org/1999/xhtml" xml:lang="en" lang="en">
 <head>
  <title>
</title>
<meta http-equiv="Content-Type" content="text/html;charset=utf-8" />
  <meta name='ocr-system' content='tesseract 3.04.00' />
  <meta name='ocr-capabilities' content='ocr_page ocr_carea ocr_par ocr_line ocrx_word'/>
</head>
<body>
  <div class='ocr_page' id='page_1' title='image "./joanniskepleria10frisgoog/joanniskepleria10frisgoog_0238.png"; bbox 0 0 3428 5542; ppageno 0'>
   <div class='ocr_carea' id='block_1_1' title="bbox 554 1241 1059 1346">
    <p class='ocr_par' dir='ltr' id='par_1_1' title="bbox 554 1241 1059 1346">
     <span class='ocr_line' id='line_1_1' title="bbox 554 1241 1059 1346; baseline 0.006 -4"><span class='ocrx_word' id='word_1_1' title='bbox 554 1241 1059 1346; x_wconf 72' lang='lat' dir='ltr'>PROOEMIUM</span> 
     </span>
    </p>
   </div>
   <div class='ocr_carea' id='block_1_2' title="bbox 742 1511 874 1523">
    <p class='ocr_par' dir='ltr' id='par_1_2' title="bbox 742 1511 874 1523">
     <span class='ocr_line' id='line_1_2' title="bbox 742 1511 874 1523; baseline 0.015 -3"><span class='ocrx_word' id='word_1_2' title='bbox 742 1511 874 1523; x_wconf 47' lang='grc' dir='ltr'>...η-.-</span> 
     </span>
    </p>
   </div>
   <div class='ocr_carea' id='block_1_3' title="bbox 10 1669 1528 4787">
    <p class='ocr_par' dir='ltr' id='par_1_3' title="bbox 128 1669 1528 2470">
     <span class='ocr_line' id='line_1_3' title="bbox 218 1669 1528 1754; baseline 0.003 -21"><span class='ocrx_word' id='word_1_3' title='bbox 218 1673 251 1734; x_wconf 94' lang='lat' dir='ltr'>ln</span> <span class='ocrx_word' id='word_1_4' title='bbox 275 1672 464 1751; x_wconf 79' lang='lat' dir='ltr'>praefatione</span> <span class='ocrx_word' id='word_1_5' title='bbox 488 1672 526 1733; x_wconf 88' lang='lat' dir='ltr'>ad</span> <span class='ocrx_word' id='word_1_6' title='bbox 541 1672 736 1734; x_wconf 89' lang='lat' dir='ltr'>Prodromnm</span> <span class='ocrx_word' id='word_1_7' title='bbox 756 1673 840 1753; x_wconf 88' lang='lat' dir='ltr'>(pag.</span> <span class='ocrx_word' id='word_1_8' title='bbox 858 1669 917 1746; x_wconf 87' lang='grc'>36)</span> <span class='ocrx_word' id='word_1_9' title='bbox 941 1674 1072 1754; x_wconf 89' lang='lat' dir='ltr'>epistola</span> <span class='ocrx_word' id='word_1_10' title='bbox 1094 1682 1198 1737; x_wconf 87' lang='lat' dir='ltr'>exstat</span> <span class='ocrx_word' id='word_1_11' title='bbox 1212 1674 1257 1749; x_wconf 91' lang='lat' dir='ltr'>(d.</span> <span class='ocrx_word' id='word_1_12' title='bbox 1274 1673 1359 1753; x_wconf 89' lang='lat' dir='ltr'>Sept.</span> <span class='ocrx_word' id='word_1_13' title='bbox 1379 1669 1489 1748; x_wconf 78' lang='lat'>159⁷),</span> <span class='ocrx_word' id='word_1_14' title='bbox 1525 1744 1528 1749; x_wconf 48' lang='grc'><em>,</em></span> 
     </span>
     <span class='ocr_line' id='line_1_4' title="bbox 130 1761 1489 1845; baseline -0.001 -22"><span class='ocrx_word' id='word_1_15' title='bbox 130 1763 159 1823; x_wconf 91' lang='lat' dir='ltr'>in</span> <span class='ocrx_word' id='word_1_16' title='bbox 185 1781 244 1842; x_wconf 92' lang='lat' dir='ltr'>qua</span> <span class='ocrx_word' id='word_1_17' title='bbox 266 1761 417 1842; x_wconf 85' lang='lat' dir='ltr'>Keplerua</span> <span class='ocrx_word' id='word_1_18' title='bbox 440 1762 488 1823; x_wconf 88' lang='lat' dir='ltr'>his</span> <span class='ocrx_word' id='word_1_19' title='bbox 511 1761 613 1823; x_wconf 88' lang='lat' dir='ltr'>verbis</span> <span class='ocrx_word' id='word_1_20' title='bbox 632 1761 796 1823; x_wconf 88' lang='lat' dir='ltr'>Maestlino</span> <span class='ocrx_word' id='word_1_21' title='bbox 821 1764 958 1838; x_wconf 76' lang='lat' dir='ltr'>nunciat,</span> <span class='ocrx_word' id='word_1_22' title='bbox 993 1765 1113 1827; x_wconf 82' lang='lat' dir='ltr'>misisse</span> <span class='ocrx_word' id='word_1_23' title='bbox 1137 1784 1171 1825; x_wconf 89' lang='lat' dir='ltr'>ae</span> <span class='ocrx_word' id='word_1_24' title='bbox 1190 1763 1372 1845; x_wconf 86' lang='lat' dir='ltr'>Reymaro</span> <span class='ocrx_word' id='word_1_25' title='bbox 1396 1763 1489 1827; x_wconf 89' lang='lat' dir='ltr'>Urso</span> 
     </span>
     <span class='ocr_line' id='line_1_5' title="bbox 128 1850 1489 1934; baseline 0.001 -22"><span class='ocrx_word' id='word_1_26' title='bbox 128 1851 305 1912; x_wconf 88' lang='lat' dir='ltr'>Dithmarso</span> <span class='ocrx_word' id='word_1_27' title='bbox 337 1850 512 1930; x_wconf 89' lang='lat' dir='ltr'>opusculum</span> <span class='ocrx_word' id='word_1_28' title='bbox 536 1869 630 1912; x_wconf 87' lang='lat' dir='ltr'>suurn.</span> <span class='ocrx_word' id='word_1_29' title='bbox 679 1852 796 1925; x_wconf 89' lang='lat' dir='ltr'>„Ursus</span> <span class='ocrx_word' id='word_1_30' title='bbox 819 1852 921 1932; x_wconf 90' lang='lat' dir='ltr'>Praga</span> <span class='ocrx_word' id='word_1_31' title='bbox 949 1854 987 1914; x_wconf 90' lang='lat' dir='ltr'>ad</span> <span class='ocrx_word' id='word_1_32' title='bbox 1014 1872 1061 1915; x_wconf 90' lang='lat' dir='ltr'>me</span> <span class='ocrx_word' id='word_1_33' title='bbox 1086 1853 1221 1934; x_wconf 84' lang='lat' dir='ltr'>scripsit,</span> <span class='ocrx_word' id='word_1_34' title='bbox 1253 1863 1360 1932; x_wconf 81' lang='lat' dir='ltr'>petens</span> <span class='ocrx_word' id='word_1_35' title='bbox 1385 1870 1489 1914; x_wconf 85' lang='lat' dir='ltr'>exem-</span> 
     </span>
     <span class='ocr_line' id='line_1_6' title="bbox 129 1938 1491 2024; baseline 0.001 -23"><span class='ocrx_word' id='word_1_36' title='bbox 129 1940 248 2024; x_wconf 88' lang='lat' dir='ltr'>plaria;</span> <span class='ocrx_word' id='word_1_37' title='bbox 273 1941 318 2001; x_wconf 86' lang='lat' dir='ltr'>oui</span> <span class='ocrx_word' id='word_1_38' title='bbox 344 1939 480 2021; x_wconf 88' lang='lat' dir='ltr'>quamvis</span> <span class='ocrx_word' id='word_1_39' title='bbox 503 1938 623 2001; x_wconf 88' lang='lat' dir='ltr'>minime</span> <span class='ocrx_word' id='word_1_40' title='bbox 638 1941 723 2020; x_wconf 87' lang='lat' dir='ltr'>gravi</span> <span class='ocrx_word' id='word_1_41' title='bbox 749 1941 867 2004; x_wconf 90' lang='lat' dir='ltr'>authori</span> <span class='ocrx_word' id='word_1_42' title='bbox 890 1942 1000 2004; x_wconf 90' lang='lat' dir='ltr'>indulsi</span> <span class='ocrx_word' id='word_1_43' title='bbox 1024 1952 1137 2019; x_wconf 87' lang='lat' dir='ltr'>tamen,</span> <span class='ocrx_word' id='word_1_44' title='bbox 1163 1943 1233 2024; x_wconf 90' lang='lat' dir='ltr'>quia</span> <span class='ocrx_word' id='word_1_45' title='bbox 1248 1941 1419 2005; x_wconf 83' lang='lat' dir='ltr'>Caesareus</span> <span class='ocrx_word' id='word_1_46' title='bbox 1442 1946 1491 2002; x_wconf 84' lang='lat' dir='ltr'>eat</span> 
     </span>
     <span class='ocr_line' id='line_1_7' title="bbox 131 2029 1489 2113; baseline 0 -21"><span class='ocrx_word' id='word_1_47' title='bbox 131 2029 383 2103; x_wconf 83' lang='lat' dir='ltr'>mathematicus,</span> <span class='ocrx_word' id='word_1_48' title='bbox 416 2029 545 2109; x_wconf 87' lang='lat' dir='ltr'>mihique</span> <span class='ocrx_word' id='word_1_49' title='bbox 577 2048 636 2109; x_wconf 92' lang='lat' dir='ltr'>qna</span> <span class='ocrx_word' id='word_1_50' title='bbox 666 2031 811 2109; x_wconf 84' lang='lat' dir='ltr'>prodesse</span> <span class='ocrx_word' id='word_1_51' title='bbox 842 2051 901 2112; x_wconf 91' lang='lat' dir='ltr'>qua</span> <span class='ocrx_word' id='word_1_52' title='bbox 931 2031 1038 2093; x_wconf 87' lang='lat' dir='ltr'>obesse</span> <span class='ocrx_word' id='word_1_53' title='bbox 1068 2039 1180 2113; x_wconf 89' lang='lat' dir='ltr'>potest.</span> <span class='ocrx_word' id='word_1_54' title='bbox 1227 2031 1320 2093; x_wconf 83' lang='lat' dir='ltr'>Patet</span> <span class='ocrx_word' id='word_1_55' title='bbox 1348 2031 1429 2092; x_wconf 86' lang='lat' dir='ltr'>enirn</span> <span class='ocrx_word' id='word_1_56' title='bbox 1460 2029 1489 2092; x_wconf 86' lang='lat' dir='ltr'>in</span> 
     </span>
     <span class='ocr_line' id='line_1_8' title="bbox 131 2112 1490 2201; baseline -0.002 -20"><span class='ocrx_word' id='word_1_57' title='bbox 131 2119 264 2200; x_wconf 86' lang='lat' dir='ltr'>Styriam</span> <span class='ocrx_word' id='word_1_58' title='bbox 288 2138 382 2199; x_wconf 90' lang='lat' dir='ltr'>nsque</span> <span class='ocrx_word' id='word_1_59' title='bbox 406 2119 471 2196; x_wconf 87' lang='lat' dir='ltr'>ejus</span> <span class='ocrx_word' id='word_1_60' title='bbox 496 2117 721 2181; x_wconf 88' lang='lat' dir='ltr'>familiaritas.“</span> <span class='ocrx_word' id='word_1_61' title='bbox 766 2120 840 2182; x_wconf 93' lang='lat' dir='ltr'>Inde</span> <span class='ocrx_word' id='word_1_62' title='bbox 864 2121 997 2200; x_wconf 87' lang='lat' dir='ltr'>Keplero</span> <span class='ocrx_word' id='word_1_63' title='bbox 1021 2129 1088 2183; x_wconf 91' lang='lat' dir='ltr'>orta</span> <span class='ocrx_word' id='word_1_64' title='bbox 1103 2128 1174 2183; x_wconf 88' lang='lat' dir='ltr'>sunt</span> <span class='ocrx_word' id='word_1_65' title='bbox 1192 2120 1389 2194; x_wconf 89' lang='lat' dir='ltr'>incommoda,</span> <span class='ocrx_word' id='word_1_66' title='bbox 1413 2112 1490 2201; x_wconf 84' lang='lat' dir='ltr'>quae</span> 
     </span>
     <span class='ocr_line' id='line_1_9' title="bbox 131 2207 1489 2290; baseline -0.001 -19"><span class='ocrx_word' id='word_1_67' title='bbox 131 2215 293 2288; x_wconf 86' lang='lat' dir='ltr'>sequentes</span> <span class='ocrx_word' id='word_1_68' title='bbox 317 2209 461 2270; x_wconf 84' lang='lat' dir='ltr'>exhibent</span> <span class='ocrx_word' id='word_1_69' title='bbox 483 2207 612 2288; x_wconf 83' lang='lat' dir='ltr'>paginae</span> <span class='ocrx_word' id='word_1_70' title='bbox 637 2217 669 2269; x_wconf 91' lang='lat' dir='ltr'>et</span> <span class='ocrx_word' id='word_1_71' title='bbox 693 2228 817 2288; x_wconf 91' lang='lat' dir='ltr'>qnorum</span> <span class='ocrx_word' id='word_1_72' title='bbox 841 2210 1094 2272; x_wconf 90' lang='lat' dir='ltr'>sublevandorum</span> <span class='ocrx_word' id='word_1_73' title='bbox 1118 2230 1212 2271; x_wconf 86' lang='lat' dir='ltr'>causa</span> <span class='ocrx_word' id='word_1_74' title='bbox 1230 2209 1379 2290; x_wconf 89' lang='lat' dir='ltr'>Keplerus</span> <span class='ocrx_word' id='word_1_75' title='bbox 1400 2208 1489 2270; x_wconf 91' lang='lat' dir='ltr'>libel-</span> 
     </span>
     <span class='ocr_line' id='line_1_10' title="bbox 131 2296 1491 2380; baseline -0.001 -21"><span class='ocrx_word' id='word_1_76' title='bbox 131 2297 191 2359; x_wconf 91' lang='lat' dir='ltr'>lum</span> <span class='ocrx_word' id='word_1_77' title='bbox 225 2297 419 2378; x_wconf 90' lang='lat' dir='ltr'>conscripsit,</span> <span class='ocrx_word' id='word_1_78' title='bbox 453 2296 502 2378; x_wconf 92' lang='lat' dir='ltr'>qui</span> <span class='ocrx_word' id='word_1_79' title='bbox 530 2297 667 2377; x_wconf 89' lang='lat' dir='ltr'>quamvis</span> <span class='ocrx_word' id='word_1_80' title='bbox 695 2317 753 2358; x_wconf 93' lang='lat' dir='ltr'>non</span> <span class='ocrx_word' id='word_1_81' title='bbox 782 2298 980 2362; x_wconf 87' lang='lat' dir='ltr'>absolntnse</span> <span class='ocrx_word' id='word_1_82' title='bbox 1013 2299 1225 2380; x_wconf 83' lang='lat' dir='ltr'>manuscriptis</span> <span class='ocrx_word' id='word_1_83' title='bbox 1255 2296 1491 2378; x_wconf 91' lang='lat' dir='ltr'>Petropolitanis</span> 
     </span>
     <span class='ocr_line' id='line_1_11' title="bbox 131 2386 705 2470; baseline 0 -22"><span class='ocrx_word' id='word_1_84' title='bbox 131 2387 259 2466; x_wconf 89' lang='lat' dir='ltr'>primum</span> <span class='ocrx_word' id='word_1_85' title='bbox 283 2387 331 2449; x_wconf 91' lang='lat' dir='ltr'>hic</span> <span class='ocrx_word' id='word_1_86' title='bbox 355 2386 435 2470; x_wconf 87' lang='lat' dir='ltr'>typis</span> <span class='ocrx_word' id='word_1_87' title='bbox 459 2386 623 2466; x_wconf 86' lang='lat' dir='ltr'>impressus</span> <span class='ocrx_word' id='word_1_88' title='bbox 648 2395 705 2448; x_wconf 87' lang='lat' dir='ltr'>est.</span> 
     </span>
    </p>

    <p class='ocr_par' dir='ltr' id='par_1_4' title="bbox 131 2473 1492 3361">
     <span class='ocr_line' id='line_1_12' title="bbox 220 2473 1491 2556; baseline -0.001 -19"><span class='ocrx_word' id='word_1_89' title='bbox 220 2476 240 2537; x_wconf 89' lang='lat' dir='ltr'>J</span> <span class='ocrx_word' id='word_1_90' title='bbox 247 2476 301 2538; x_wconf 93' lang='lat' dir='ltr'>oh.</span> <span class='ocrx_word' id='word_1_91' title='bbox 326 2476 505 2538; x_wconf 90' lang='lat' dir='ltr'>Mollerus</span> <span class='ocrx_word' id='word_1_92' title='bbox 529 2475 781 2554; x_wconf 88' lang='lat' dir='ltr'>Flensburgensis</span> <span class='ocrx_word' id='word_1_93' title='bbox 812 2474 842 2535; x_wconf 90' lang='lat' dir='ltr'>in</span> <span class='ocrx_word' id='word_1_94' title='bbox 866 2482 948 2537; x_wconf 90' lang='lat' dir='ltr'>tomo</span> <span class='ocrx_word' id='word_1_95' title='bbox 968 2477 991 2538; x_wconf 92' lang='grc' dir='ltr'>Ι.</span> <span class='ocrx_word' id='word_1_96' title='bbox 1016 2477 1115 2556; x_wconf 88' lang='lat' dir='ltr'>operis</span> <span class='ocrx_word' id='word_1_97' title='bbox 1139 2475 1290 2555; x_wconf 87' lang='lat' dir='ltr'>inseripti:</span> <span class='ocrx_word' id='word_1_98' title='bbox 1325 2473 1491 2538; x_wconf 80' lang='lat' dir='ltr'>Cimbris</span> 
     </span>
     <span class='ocr_line' id='line_1_13' title="bbox 131 2560 1490 2637; baseline -0.001 -11"><span class='ocrx_word' id='word_1_99' title='bbox 131 2565 310 2626; x_wconf 89' lang='lat' dir='ltr'>Literata</span> <span class='ocrx_word' id='word_1_100' title='bbox 333 2564 480 2634; x_wconf 88' lang='lat' dir='ltr'>(Hafnlae</span> <span class='ocrx_word' id='word_1_101' title='bbox 498 2560 597 2637; x_wconf 83' lang='grc'>1744)</span> <span class='ocrx_word' id='word_1_102' title='bbox 629 2565 704 2627; x_wconf 88' lang='lat' dir='ltr'>haec</span> <span class='ocrx_word' id='word_1_103' title='bbox 728 2565 765 2625; x_wconf 91' lang='lat' dir='ltr'>de</span> <span class='ocrx_word' id='word_1_104' title='bbox 788 2563 868 2626; x_wconf 88' lang='lat' dir='ltr'>Urso</span> <span class='ocrx_word' id='word_1_105' title='bbox 891 2566 1000 2626; x_wconf 78' lang='lat' dir='ltr'>refert:</span> <span class='ocrx_word' id='word_1_106' title='bbox 1034 2565 1133 2628; x_wconf 87' lang='lat' dir='ltr'>Nicol.</span> <span class='ocrx_word' id='word_1_107' title='bbox 1154 2564 1361 2626; x_wconf 83' lang='lat' dir='ltr'>Reimarus</span> <span class='ocrx_word' id='word_1_108' title='bbox 1383 2564 1490 2633; x_wconf 86' lang='lat' dir='ltr'>Ursus,</span> 
     </span>
     <span class='ocr_line' id='line_1_14' title="bbox 131 2653 1492 2734; baseline -0.001 -19"><span class='ocrx_word' id='word_1_109' title='bbox 131 2654 291 2716; x_wconf 87' lang='lat' dir='ltr'>Hensteda</span> <span class='ocrx_word' id='word_1_110' title='bbox 313 2654 509 2716; x_wconf 86' lang='lat' dir='ltr'>Dithrnarsns</span> <span class='ocrx_word' id='word_1_111' title='bbox 533 2655 586 2728; x_wconf 94' lang='lat' dir='ltr'>(an</span> <span class='ocrx_word' id='word_1_112' title='bbox 610 2653 697 2718; x_wconf 88' lang='lat' dir='ltr'>Ursi</span> <span class='ocrx_word' id='word_1_113' title='bbox 727 2671 873 2733; x_wconf 86' lang='lat' dir='ltr'>agnomen</span> <span class='ocrx_word' id='word_1_114' title='bbox 898 2654 1080 2734; x_wconf 88' lang='lat' dir='ltr'>gentilitium</span> <span class='ocrx_word' id='word_1_115' title='bbox 1109 2654 1261 2730; x_wconf 87' lang='lat' dir='ltr'>habuerit,</span> <span class='ocrx_word' id='word_1_116' title='bbox 1291 2654 1340 2716; x_wconf 90' lang='lat' dir='ltr'>vel</span> <span class='ocrx_word' id='word_1_117' title='bbox 1362 2653 1492 2733; x_wconf 90' lang='lat' dir='ltr'>ipsemet</span> 
     </span>
     <span class='ocr_line' id='line_1_15' title="bbox 132 2741 1491 2824; baseline -0.001 -20"><span class='ocrx_word' id='word_1_118' title='bbox 132 2743 309 2820; x_wconf 84' lang='lat' dir='ltr'>adsciverit,</span> <span class='ocrx_word' id='word_1_119' title='bbox 335 2743 471 2824; x_wconf 90' lang='lat' dir='ltr'>ignoro),</span> <span class='ocrx_word' id='word_1_120' title='bbox 497 2741 638 2805; x_wconf 88' lang='lat' dir='ltr'>subulcus</span> <span class='ocrx_word' id='word_1_121' title='bbox 662 2741 870 2821; x_wconf 69' lang='lat' dir='ltr'>dsctqallpaoe</span> <span class='ocrx_word' id='word_1_122' title='bbox 885 2743 942 2805; x_wconf 91' lang='lat' dir='ltr'>fuit</span> <span class='ocrx_word' id='word_1_123' title='bbox 956 2744 995 2804; x_wconf 92' lang='lat' dir='ltr'>ad</span> <span class='ocrx_word' id='word_1_124' title='bbox 1010 2762 1119 2805; x_wconf 93' lang='lat' dir='ltr'>annum</span> <span class='ocrx_word' id='word_1_125' title='bbox 1137 2762 1230 2824; x_wconf 90' lang='lat' dir='ltr'>nsque</span> <span class='ocrx_word' id='word_1_126' title='bbox 1247 2742 1358 2805; x_wconf 82' lang='lat' dir='ltr'>aetatis</span> <span class='ocrx_word' id='word_1_127' title='bbox 1372 2741 1491 2805; x_wconf 84' lang='lat' dir='ltr'>XVIII.</span> 
     </span>
     <span class='ocr_line' id='line_1_16' title="bbox 131 2830 1490 2913; baseline -0.001 -18"><span class='ocrx_word' id='word_1_128' title='bbox 131 2833 162 2895; x_wconf 82' lang='lat' dir='ltr'>A</span> <span class='ocrx_word' id='word_1_129' title='bbox 185 2851 271 2893; x_wconf 88' lang='lat' dir='ltr'>suurn</span> <span class='ocrx_word' id='word_1_130' title='bbox 300 2852 373 2894; x_wconf 87' lang='lat' dir='ltr'>cura</span> <span class='ocrx_word' id='word_1_131' title='bbox 396 2833 434 2893; x_wconf 89' lang='lat' dir='ltr'>ad</span> <span class='ocrx_word' id='word_1_132' title='bbox 453 2832 608 2894; x_wconf 90' lang='lat' dir='ltr'>literamm</span> <span class='ocrx_word' id='word_1_133' title='bbox 631 2832 733 2893; x_wconf 88' lang='lat' dir='ltr'>studia</span> <span class='ocrx_word' id='word_1_134' title='bbox 757 2832 836 2893; x_wconf 91' lang='lat' dir='ltr'>felici</span> <span class='ocrx_word' id='word_1_135' title='bbox 861 2851 1002 2894; x_wconf 90' lang='lat' dir='ltr'>successu</span> <span class='ocrx_word' id='word_1_136' title='bbox 1025 2833 1147 2895; x_wconf 89' lang='lat' dir='ltr'>transiit</span> <span class='ocrx_word' id='word_1_137' title='bbox 1170 2841 1202 2895; x_wconf 92' lang='lat' dir='ltr'>et</span> <span class='ocrx_word' id='word_1_138' title='bbox 1224 2833 1384 2913; x_wconf 88' lang='lat' dir='ltr'>plerasque</span> <span class='ocrx_word' id='word_1_139' title='bbox 1404 2830 1490 2894; x_wconf 81' lang='lat' dir='ltr'>eiuro·</span> 
     </span>
     <span class='ocr_line' id='line_1_17' title="bbox 131 2921 1491 3002; baseline -0.001 -19"><span class='ocrx_word' id='word_1_140' title='bbox 131 2927 267 2992; x_wconf 62' lang='lat' dir='ltr'>astemoe</span> <span class='ocrx_word' id='word_1_141' title='bbox 289 2941 433 3002; x_wconf 91' lang='lat' dir='ltr'>perquam</span> <span class='ocrx_word' id='word_1_142' title='bbox 456 2921 515 2983; x_wconf 89' lang='lat' dir='ltr'>sibi</span> <span class='ocrx_word' id='word_1_143' title='bbox 538 2921 671 2982; x_wconf 88' lang='lat' dir='ltr'>reddidit</span> <span class='ocrx_word' id='word_1_144' title='bbox 694 2921 868 2983; x_wconf 79' lang='lat' dir='ltr'>familiares.</span> <span class='ocrx_word' id='word_1_145' title='bbox 916 2921 1061 2997; x_wconf 88' lang='lat' dir='ltr'>Scholaa,</span> <span class='ocrx_word' id='word_1_146' title='bbox 1095 2922 1174 2984; x_wconf 89' lang='lat' dir='ltr'>siout</span> <span class='ocrx_word' id='word_1_147' title='bbox 1196 2921 1325 3002; x_wconf 89' lang='lat' dir='ltr'>ipsemet</span> <span class='ocrx_word' id='word_1_148' title='bbox 1347 2921 1491 2983; x_wconf 87' lang='lat' dir='ltr'>rusticum</span> 
     </span>
     <span class='ocr_line' id='line_1_18' title="bbox 132 3009 1490 3091; baseline -0.001 -19"><span class='ocrx_word' id='word_1_149' title='bbox 132 3031 167 3072; x_wconf 91' lang='lat' dir='ltr'>se</span> <span class='ocrx_word' id='word_1_150' title='bbox 190 3029 304 3076; x_wconf 84' lang='lat' dir='ltr'>vocans</span> <span class='ocrx_word' id='word_1_151' title='bbox 327 3010 535 3073; x_wconf 90' lang='lat' dir='ltr'>Dithmarsnm</span> <span class='ocrx_word' id='word_1_152' title='bbox 566 3017 714 3086; x_wconf 88' lang='lat' dir='ltr'>testatur,</span> <span class='ocrx_word' id='word_1_153' title='bbox 740 3011 805 3085; x_wconf 89' lang='lat' dir='ltr'>„nti</span> <span class='ocrx_word' id='word_1_154' title='bbox 829 3030 881 3071; x_wconf 86' lang='lat' dir='ltr'>sus</span> <span class='ocrx_word' id='word_1_155' title='bbox 904 3011 1024 3073; x_wconf 90' lang='lat' dir='ltr'>hortum</span> <span class='ocrx_word' id='word_1_156' title='bbox 1047 3012 1196 3091; x_wconf 90' lang='lat' dir='ltr'>percurrit</span> <span class='ocrx_word' id='word_1_157' title='bbox 1219 3020 1250 3073; x_wconf 91' lang='lat' dir='ltr'>et</span> <span class='ocrx_word' id='word_1_158' title='bbox 1273 3011 1324 3072; x_wconf 81' lang='lat' dir='ltr'>vix</span> <span class='ocrx_word' id='word_1_159' title='bbox 1348 3030 1367 3072; x_wconf 98' lang='lat' dir='ltr'>a</span> <span class='ocrx_word' id='word_1_160' title='bbox 1390 3009 1490 3072; x_wconf 91' lang='lat' dir='ltr'>limine</span> 
     </span>
     <span class='ocr_line' id='line_1_19' title="bbox 131 3099 1492 3182; baseline -0.001 -21"><span class='ocrx_word' id='word_1_161' title='bbox 131 3100 292 3175; x_wconf 84' lang='lat' dir='ltr'>salutavit,</span> <span class='ocrx_word' id='word_1_162' title='bbox 325 3101 378 3161; x_wconf 89' lang='lat' dir='ltr'>sed</span> <span class='ocrx_word' id='word_1_163' title='bbox 403 3120 422 3161; x_wconf 92' lang='lat' dir='ltr'>a</span> <span class='ocrx_word' id='word_1_164' title='bbox 445 3100 527 3161; x_wconf 86' lang='lat' dir='ltr'>stiva</span> <span class='ocrx_word' id='word_1_165' title='bbox 549 3099 630 3161; x_wconf 90' lang='lat' dir='ltr'>illico</span> <span class='ocrx_word' id='word_1_166' title='bbox 653 3100 683 3160; x_wconf 97' lang='lat' dir='ltr'>in</span> <span class='ocrx_word' id='word_1_167' title='bbox 707 3119 801 3179; x_wconf 90' lang='lat' dir='ltr'>remp.</span> <span class='ocrx_word' id='word_1_168' title='bbox 825 3099 991 3162; x_wconf 82' lang='lat' dir='ltr'>literarium</span> <span class='ocrx_word' id='word_1_169' title='bbox 1020 3101 1165 3181; x_wconf 82' lang='lat' dir='ltr'>singulari</span> <span class='ocrx_word' id='word_1_170' title='bbox 1194 3101 1322 3182; x_wconf 88' lang='lat' dir='ltr'>quodam</span> <span class='ocrx_word' id='word_1_171' title='bbox 1351 3102 1415 3162; x_wconf 90' lang='lat' dir='ltr'>fato</span> <span class='ocrx_word' id='word_1_172' title='bbox 1433 3106 1492 3161; x_wconf 91' lang='lat' dir='ltr'>ant</span> 
     </span>
     <span class='ocr_line' id='line_1_20' title="bbox 131 3189 1490 3270; baseline -0.001 -20"><span class='ocrx_word' id='word_1_173' title='bbox 131 3189 219 3269; x_wconf 91' lang='lat' dir='ltr'>genio</span> <span class='ocrx_word' id='word_1_174' title='bbox 242 3189 387 3270; x_wconf 88' lang='lat' dir='ltr'>irrupit.“</span> <span class='ocrx_word' id='word_1_175' title='bbox 432 3189 465 3250; x_wconf 92' lang='lat' dir='ltr'>ln</span> <span class='ocrx_word' id='word_1_176' title='bbox 490 3189 620 3251; x_wconf 92' lang='lat' dir='ltr'>mathesi</span> <span class='ocrx_word' id='word_1_177' title='bbox 644 3196 674 3250; x_wconf 91' lang='lat' dir='ltr'>et</span> <span class='ocrx_word' id='word_1_178' title='bbox 689 3189 874 3250; x_wconf 89' lang='lat' dir='ltr'>astronomia</span> <span class='ocrx_word' id='word_1_179' title='bbox 897 3197 997 3252; x_wconf 87' lang='lat' dir='ltr'>tamen</span> <span class='ocrx_word' id='word_1_180' title='bbox 1013 3191 1166 3252; x_wconf 90' lang='lat' dir='ltr'>doctorem</span> <span class='ocrx_word' id='word_1_181' title='bbox 1181 3210 1265 3253; x_wconf 89' lang='lat' dir='ltr'>suurn</span> <span class='ocrx_word' id='word_1_182' title='bbox 1285 3189 1379 3252; x_wconf 88' lang='lat' dir='ltr'>fuisse</span> <span class='ocrx_word' id='word_1_183' title='bbox 1394 3204 1490 3268; x_wconf 90' lang='lat' dir='ltr'>agno·</span> 
     </span>
     <span class='ocr_line' id='line_1_21' title="bbox 132 3277 1486 3361; baseline -0.001 -21"><span class='ocrx_word' id='word_1_184' title='bbox 132 3278 192 3340; x_wconf 86' lang='lat' dir='ltr'>seit</span> <span class='ocrx_word' id='word_1_185' title='bbox 213 3277 234 3341; x_wconf 92' lang='lat' dir='ltr'><strong>J</strong></span> <span class='ocrx_word' id='word_1_186' title='bbox 242 3286 367 3341; x_wconf 91' lang='lat' dir='ltr'>ustum</span> <span class='ocrx_word' id='word_1_187' title='bbox 390 3278 574 3361; x_wconf 86' lang='lat' dir='ltr'>Byrginm.</span> <span class='ocrx_word' id='word_1_188' title='bbox 621 3278 745 3340; x_wconf 90' lang='lat' dir='ltr'>Patroni</span> <span class='ocrx_word' id='word_1_189' title='bbox 770 3277 935 3340; x_wconf 91' lang='lat' dir='ltr'>studiorum</span> <span class='ocrx_word' id='word_1_190' title='bbox 954 3280 1056 3359; x_wconf 76' lang='lat' dir='ltr'>Juveni</span> <span class='ocrx_word' id='word_1_191' title='bbox 1080 3280 1253 3359; x_wconf 90' lang='lat' dir='ltr'>obtigerunt</span> <span class='ocrx_word' id='word_1_192' title='bbox 1274 3280 1380 3340; x_wconf 89' lang='lat' dir='ltr'>Henr.</span> <span class='ocrx_word' id='word_1_193' title='bbox 1395 3277 1486 3340; x_wconf 83' lang='lat' dir='ltr'>Ran-</span> 
     </span>
    </p>

    <p class='ocr_par' dir='ltr' id='par_1_5' title="bbox 10 3365 1492 4787">
     <span class='ocr_line' id='line_1_22' title="bbox 10 3365 1492 3449; baseline -0.001 -20"><span class='ocrx_word' id='word_1_194' title='bbox 10 3441 13 3449; x_wconf 38' lang='grc'><strong>,</strong></span> <span class='ocrx_word' id='word_1_195' title='bbox 131 3367 276 3442; x_wconf 86' lang='lat' dir='ltr'>novius,</span> <span class='ocrx_word' id='word_1_196' title='bbox 307 3386 417 3448; x_wconf 90' lang='lat' dir='ltr'>prorex</span> <span class='ocrx_word' id='word_1_197' title='bbox 441 3365 609 3431; x_wconf 84' lang='lat' dir='ltr'>Cimbricus</span> <span class='ocrx_word' id='word_1_198' title='bbox 639 3375 670 3428; x_wconf 91' lang='lat' dir='ltr'>et</span> <span class='ocrx_word' id='word_1_199' title='bbox 694 3365 919 3429; x_wconf 88' lang='lat' dir='ltr'>Guilielmus</span> <span class='ocrx_word' id='word_1_200' title='bbox 946 3369 1115 3431; x_wconf 90' lang='lat' dir='ltr'>Hassornm</span> <span class='ocrx_word' id='word_1_201' title='bbox 1141 3369 1290 3448; x_wconf 89' lang='lat' dir='ltr'>princeps.</span> <span class='ocrx_word' id='word_1_202' title='bbox 1335 3365 1492 3447; x_wconf 84' lang='lat' dir='ltr'>Epatria</span> 
     </span>
     <span class='ocr_line' id='line_1_23' title="bbox 131 3452 1489 3536; baseline -0.001 -18"><span class='ocrx_word' id='word_1_203' title='bbox 131 3456 302 3536; x_wconf 89' lang='lat' dir='ltr'>digressus,</span> <span class='ocrx_word' id='word_1_204' title='bbox 327 3457 423 3518; x_wconf 84' lang='lat' dir='ltr'>vitam</span> <span class='ocrx_word' id='word_1_205' title='bbox 442 3457 587 3536; x_wconf 87' lang='lat' dir='ltr'>juvenum</span> <span class='ocrx_word' id='word_1_206' title='bbox 609 3456 820 3518; x_wconf 84' lang='lat' dir='ltr'>informatione</span> <span class='ocrx_word' id='word_1_207' title='bbox 843 3456 988 3519; x_wconf 88' lang='lat' dir='ltr'>toleravit</span> <span class='ocrx_word' id='word_1_208' title='bbox 1010 3459 1167 3532; x_wconf 89' lang='lat' dir='ltr'>nobilium,</span> <span class='ocrx_word' id='word_1_209' title='bbox 1200 3465 1232 3519; x_wconf 92' lang='lat' dir='ltr'>et</span> <span class='ocrx_word' id='word_1_210' title='bbox 1255 3478 1281 3520; x_wconf 88' lang='lat' dir='ltr'>a.</span> <span class='ocrx_word' id='word_1_211' title='bbox 1311 3452 1395 3520; x_wconf 73' lang='lat'>1584</span> <span class='ocrx_word' id='word_1_212' title='bbox 1419 3453 1489 3516; x_wconf 89' lang='lat' dir='ltr'>Eri·</span> 
     </span>
     <span class='ocr_line' id='line_1_24' title="bbox 131 3544 1489 3628; baseline -0.003 -21"><span class='ocrx_word' id='word_1_213' title='bbox 131 3565 199 3607; x_wconf 85' lang='lat' dir='ltr'>curn</span> <span class='ocrx_word' id='word_1_214' title='bbox 222 3547 371 3628; x_wconf 89' lang='lat' dir='ltr'>Langinm</span> <span class='ocrx_word' id='word_1_215' title='bbox 395 3546 567 3627; x_wconf 82' lang='lat' dir='ltr'>Tychonem</span> <span class='ocrx_word' id='word_1_216' title='bbox 589 3546 619 3607; x_wconf 92' lang='lat' dir='ltr'>in</span> <span class='ocrx_word' id='word_1_217' title='bbox 644 3564 713 3607; x_wconf 89' lang='lat' dir='ltr'>arce</span> <span class='ocrx_word' id='word_1_218' title='bbox 736 3546 882 3607; x_wconf 88' lang='lat' dir='ltr'>Huennae</span> <span class='ocrx_word' id='word_1_219' title='bbox 903 3546 1022 3608; x_wconf 90' lang='lat' dir='ltr'>insulae</span> <span class='ocrx_word' id='word_1_220' title='bbox 1045 3547 1225 3609; x_wconf 83' lang='lat' dir='ltr'>invisentem</span> <span class='ocrx_word' id='word_1_221' title='bbox 1249 3554 1297 3608; x_wconf 93' lang='lat' dir='ltr'>est</span> <span class='ocrx_word' id='word_1_222' title='bbox 1316 3544 1489 3606; x_wconf 87' lang='lat' dir='ltr'>comitatus.</span> 
     </span>
     <span class='ocr_line' id='line_1_25' title="bbox 132 3630 1489 3715; baseline -0.002 -20"><span class='ocrx_word' id='word_1_223' title='bbox 132 3632 290 3710; x_wconf 77' lang='lat' dir='ltr'>cassellis,</span> <span class='ocrx_word' id='word_1_224' title='bbox 316 3635 365 3697; x_wconf 93' lang='lat' dir='ltr'>nbi</span> <span class='ocrx_word' id='word_1_225' title='bbox 390 3635 572 3715; x_wconf 88' lang='lat' dir='ltr'>aliquamdiu</span> <span class='ocrx_word' id='word_1_226' title='bbox 596 3643 661 3697; x_wconf 86' lang='lat' dir='ltr'>erat</span> <span class='ocrx_word' id='word_1_227' title='bbox 686 3641 889 3710; x_wconf 88' lang='lat' dir='ltr'>sustentatus,</span> <span class='ocrx_word' id='word_1_228' title='bbox 914 3635 943 3696; x_wconf 92' lang='lat' dir='ltr'>in</span> <span class='ocrx_word' id='word_1_229' title='bbox 968 3636 1154 3698; x_wconf 88' lang='lat' dir='ltr'>academiam</span> <span class='ocrx_word' id='word_1_230' title='bbox 1177 3635 1319 3715; x_wconf 86' lang='lat' dir='ltr'>migravit</span> <span class='ocrx_word' id='word_1_231' title='bbox 1341 3630 1489 3713; x_wconf 86' lang='lat' dir='ltr'>Argenti·</span> 
     </span>
     <span class='ocr_line' id='line_1_26' title="bbox 130 3719 1489 3805; baseline -0.001 -21"><span class='ocrx_word' id='word_1_232' title='bbox 130 3741 254 3786; x_wconf 90' lang='lat' dir='ltr'>nensem</span> <span class='ocrx_word' id='word_1_233' title='bbox 277 3725 377 3805; x_wconf 91' lang='lat' dir='ltr'>ibique</span> <span class='ocrx_word' id='word_1_234' title='bbox 400 3745 430 3786; x_wconf 87' lang='lat' dir='ltr'>a.</span> <span class='ocrx_word' id='word_1_235' title='bbox 460 3719 543 3787; x_wconf 79' lang='lat'>1588</span> <span class='ocrx_word' id='word_1_236' title='bbox 566 3725 826 3798; x_wconf 75' lang='lat' dir='ltr'>„Fundamentum</span> <span class='ocrx_word' id='word_1_237' title='bbox 841 3723 1107 3787; x_wconf 89' lang='lat' dir='ltr'>Astronomieum“</span> <span class='ocrx_word' id='word_1_238' title='bbox 1131 3724 1235 3787; x_wconf 91' lang='lat' dir='ltr'>edidit.</span> <span class='ocrx_word' id='word_1_239' title='bbox 1282 3725 1412 3802; x_wconf 89' lang='lat' dir='ltr'>Pragam</span> <span class='ocrx_word' id='word_1_240' title='bbox 1431 3738 1489 3783; x_wconf 95' lang='lat' dir='ltr'>non</span> 
     </span>
     <span class='ocr_line' id='line_1_27' title="bbox 129 3811 1490 3894; baseline 0 -21"><span class='ocrx_word' id='word_1_241' title='bbox 129 3813 223 3874; x_wconf 89' lang='lat' dir='ltr'>multo</span> <span class='ocrx_word' id='word_1_242' title='bbox 254 3821 327 3894; x_wconf 90' lang='lat' dir='ltr'>post</span> <span class='ocrx_word' id='word_1_243' title='bbox 356 3836 375 3876; x_wconf 91' lang='lat' dir='ltr'>a</span> <span class='ocrx_word' id='word_1_244' title='bbox 401 3813 562 3892; x_wconf 89' lang='lat' dir='ltr'>Rudolpho</span> <span class='ocrx_word' id='word_1_245' title='bbox 591 3813 631 3874; x_wconf 89' lang='lat' dir='ltr'>ll.</span> <span class='ocrx_word' id='word_1_246' title='bbox 663 3814 844 3894; x_wconf 88' lang='lat' dir='ltr'>imperatore</span> <span class='ocrx_word' id='word_1_247' title='bbox 877 3821 1022 3876; x_wconf 88' lang='lat' dir='ltr'>evocatus</span> <span class='ocrx_word' id='word_1_248' title='bbox 1059 3833 1116 3875; x_wconf 93' lang='lat' dir='ltr'>non</span> <span class='ocrx_word' id='word_1_249' title='bbox 1152 3813 1359 3876; x_wconf 84' lang='lat' dir='ltr'>mathematici</span> <span class='ocrx_word' id='word_1_250' title='bbox 1394 3811 1490 3874; x_wconf 87' lang='lat' dir='ltr'>solum</span> 
     </span>
     <span class='ocr_line' id='line_1_28' title="bbox 131 3900 1488 3983; baseline -0.001 -22"><span class='ocrx_word' id='word_1_251' title='bbox 131 3902 219 3963; x_wconf 88' lang='lat' dir='ltr'>aulici</span> <span class='ocrx_word' id='word_1_252' title='bbox 244 3903 436 3982; x_wconf 88' lang='lat' dir='ltr'>dignitatem,</span> <span class='ocrx_word' id='word_1_253' title='bbox 466 3902 521 3965; x_wconf 91' lang='lat' dir='ltr'>aed</span> <span class='ocrx_word' id='word_1_254' title='bbox 544 3903 717 3965; x_wconf 89' lang='lat' dir='ltr'>matheseos</span> <span class='ocrx_word' id='word_1_255' title='bbox 741 3902 834 3964; x_wconf 87' lang='lat' dir='ltr'>etiarn</span> <span class='ocrx_word' id='word_1_256' title='bbox 858 3902 887 3964; x_wconf 89' lang='lat' dir='ltr'>in</span> <span class='ocrx_word' id='word_1_257' title='bbox 912 3904 1069 3966; x_wconf 89' lang='lat' dir='ltr'>academia</span> <span class='ocrx_word' id='word_1_258' title='bbox 1099 3903 1319 3983; x_wconf 90' lang='lat' dir='ltr'>professionem</span> <span class='ocrx_word' id='word_1_259' title='bbox 1349 3900 1488 3964; x_wconf 86' lang='lat' dir='ltr'>obtinuit.</span> 
     </span>
     <span class='ocr_line' id='line_1_29' title="bbox 129 3990 1489 4074; baseline -0.001 -23"><span class='ocrx_word' id='word_1_260' title='bbox 129 3990 306 4054; x_wconf 87' lang='lat' dir='ltr'>Tractatum</span> <span class='ocrx_word' id='word_1_261' title='bbox 330 3993 398 4068; x_wconf 90' lang='lat' dir='ltr'>„De</span> <span class='ocrx_word' id='word_1_262' title='bbox 421 3991 638 4074; x_wconf 83' lang='lat' dir='ltr'>hypothesibus</span> <span class='ocrx_word' id='word_1_263' title='bbox 662 3991 906 4054; x_wconf 83' lang='lat' dir='ltr'>Astronornicis“</span> <span class='ocrx_word' id='word_1_264' title='bbox 930 4014 957 4055; x_wconf 92' lang='lat' dir='ltr'>a.</span> <span class='ocrx_word' id='word_1_265' title='bbox 986 3990 1070 4057; x_wconf 80' lang='lat'>1597</span> <span class='ocrx_word' id='word_1_266' title='bbox 1095 3993 1362 4073; x_wconf 80' lang='lat' dir='ltr'>Pragaeeditum,</span> <span class='ocrx_word' id='word_1_267' title='bbox 1388 3999 1436 4053; x_wconf 92' lang='lat' dir='ltr'>tot</span> <span class='ocrx_word' id='word_1_268' title='bbox 1459 3990 1489 4050; x_wconf 96' lang='lat' dir='ltr'>in</span> 
     </span>
     <span class='ocr_line' id='line_1_30' title="bbox 129 4077 1488 4163; baseline 0.001 -24"><span class='ocrx_word' id='word_1_269' title='bbox 129 4079 330 4158; x_wconf 84' lang='lat' dir='ltr'>adversarios,</span> <span class='ocrx_word' id='word_1_270' title='bbox 355 4082 533 4161; x_wconf 88' lang='lat' dir='ltr'>praesertim</span> <span class='ocrx_word' id='word_1_271' title='bbox 552 4081 723 4163; x_wconf 87' lang='lat' dir='ltr'>Tyohonem</span> <span class='ocrx_word' id='word_1_272' title='bbox 737 4081 897 4159; x_wconf 88' lang='lat' dir='ltr'>Brahenm,</span> <span class='ocrx_word' id='word_1_273' title='bbox 922 4083 1079 4145; x_wconf 88' lang='lat' dir='ltr'>calumniis</span> <span class='ocrx_word' id='word_1_274' title='bbox 1103 4082 1157 4144; x_wconf 79' lang='lat' dir='ltr'>fro.</span> <span class='ocrx_word' id='word_1_275' title='bbox 1183 4083 1330 4163; x_wconf 89' lang='lat' dir='ltr'>opplevit,</span> <span class='ocrx_word' id='word_1_276' title='bbox 1354 4081 1421 4144; x_wconf 91' lang='lat' dir='ltr'>ntJ</span> <span class='ocrx_word' id='word_1_277' title='bbox 1431 4077 1488 4142; x_wconf 89' lang='lat' dir='ltr'>ob.</span> 
     </span>
     <span class='ocr_line' id='line_1_31' title="bbox 128 4166 1489 4252; baseline -0.001 -22"><span class='ocrx_word' id='word_1_278' title='bbox 128 4167 150 4230; x_wconf 89' lang='lat' dir='ltr'><strong>J</strong></span> <span class='ocrx_word' id='word_1_279' title='bbox 157 4170 334 4233; x_wconf 89' lang='lat' dir='ltr'>essenins</span> <span class='ocrx_word' id='word_1_280' title='bbox 357 4171 403 4245; x_wconf 88' lang='lat' dir='ltr'>(in</span> <span class='ocrx_word' id='word_1_281' title='bbox 427 4191 470 4234; x_wconf 90' lang='lat' dir='ltr'>or.</span> <span class='ocrx_word' id='word_1_282' title='bbox 496 4172 532 4232; x_wconf 90' lang='lat' dir='ltr'>de</span> <span class='ocrx_word' id='word_1_283' title='bbox 555 4171 621 4232; x_wconf 88' lang='lat' dir='ltr'>vita</span> <span class='ocrx_word' id='word_1_284' title='bbox 644 4178 676 4232; x_wconf 93' lang='lat' dir='ltr'>et</span> <span class='ocrx_word' id='word_1_285' title='bbox 698 4177 794 4233; x_wconf 90' lang='lat' dir='ltr'>morte</span> <span class='ocrx_word' id='word_1_286' title='bbox 819 4172 912 4252; x_wconf 83' lang='lat' dir='ltr'>Tych.</span> <span class='ocrx_word' id='word_1_287' title='bbox 933 4172 1060 4246; x_wconf 89' lang='lat' dir='ltr'>Brahei)</span> <span class='ocrx_word' id='word_1_288' title='bbox 1084 4191 1212 4252; x_wconf 90' lang='lat' dir='ltr'>sequens</span> <span class='ocrx_word' id='word_1_289' title='bbox 1235 4173 1272 4233; x_wconf 87' lang='lat' dir='ltr'>de</span> <span class='ocrx_word' id='word_1_290' title='bbox 1300 4173 1352 4234; x_wconf 94' lang='lat' dir='ltr'>illo</span> <span class='ocrx_word' id='word_1_291' title='bbox 1382 4166 1489 4232; x_wconf 89' lang='lat' dir='ltr'>merito</span> 
     </span>
     <span class='ocr_line' id='line_1_32' title="bbox 128 4257 1489 4342; baseline 0 -24"><span class='ocrx_word' id='word_1_292' title='bbox 128 4258 236 4320; x_wconf 89' lang='lat' dir='ltr'>tulisse</span> <span class='ocrx_word' id='word_1_293' title='bbox 264 4259 404 4322; x_wconf 88' lang='lat' dir='ltr'>videatur</span> <span class='ocrx_word' id='word_1_294' title='bbox 429 4259 592 4340; x_wconf 87' lang='lat' dir='ltr'>judicium:</span> <span class='ocrx_word' id='word_1_295' title='bbox 624 4269 695 4322; x_wconf 89' lang='lat' dir='ltr'>ante</span> <span class='ocrx_word' id='word_1_296' title='bbox 727 4279 821 4321; x_wconf 92' lang='lat' dir='ltr'>annos</span> <span class='ocrx_word' id='word_1_297' title='bbox 848 4263 993 4340; x_wconf 87' lang='lat' dir='ltr'>pauculos</span> <span class='ocrx_word' id='word_1_298' title='bbox 1022 4261 1143 4342; x_wconf 89' lang='lat' dir='ltr'>quidam</span> <span class='ocrx_word' id='word_1_299' title='bbox 1171 4261 1345 4341; x_wconf 87' lang='lat' dir='ltr'>ingeniosus</span> <span class='ocrx_word' id='word_1_300' title='bbox 1376 4267 1409 4321; x_wconf 90' lang='lat' dir='ltr'>et</span> <span class='ocrx_word' id='word_1_301' title='bbox 1431 4257 1489 4319; x_wconf 91' lang='lat' dir='ltr'>do·</span> 
     </span>
     <span class='ocr_line' id='line_1_33' title="bbox 128 4346 1488 4429; baseline 0.001 -22"><span class='ocrx_word' id='word_1_302' title='bbox 128 4352 206 4417; x_wconf 88' lang='lat' dir='ltr'>ctus,</span> <span class='ocrx_word' id='word_1_303' title='bbox 231 4349 284 4410; x_wconf 87' lang='lat' dir='ltr'>ssd</span> <span class='ocrx_word' id='word_1_304' title='bbox 308 4349 422 4429; x_wconf 91' lang='lat' dir='ltr'>absque</span> <span class='ocrx_word' id='word_1_305' title='bbox 446 4348 591 4428; x_wconf 88' lang='lat' dir='ltr'>religione</span> <span class='ocrx_word' id='word_1_306' title='bbox 614 4359 646 4411; x_wconf 89' lang='lat' dir='ltr'>et</span> <span class='ocrx_word' id='word_1_307' title='bbox 667 4349 780 4411; x_wconf 86' lang='lat' dir='ltr'>virtute</span> <span class='ocrx_word' id='word_1_308' title='bbox 799 4350 887 4412; x_wconf 89' lang='lat' dir='ltr'>horno</span> <span class='ocrx_word' id='word_1_309' title='bbox 910 4351 1051 4413; x_wconf 90' lang='lat' dir='ltr'>tetricum</span> <span class='ocrx_word' id='word_1_310' title='bbox 1078 4359 1110 4413; x_wconf 84' lang='lat' dir='ltr'>et</span> <span class='ocrx_word' id='word_1_311' title='bbox 1132 4350 1279 4413; x_wconf 92' lang='lat' dir='ltr'>famosum</span> <span class='ocrx_word' id='word_1_312' title='bbox 1304 4357 1411 4412; x_wconf 91' lang='lat' dir='ltr'>contra</span> <span class='ocrx_word' id='word_1_313' title='bbox 1425 4346 1488 4428; x_wconf 79' lang='lat' dir='ltr'>Ty·</span> 
     </span>
     <span class='ocr_line' id='line_1_34' title="bbox 128 4435 1488 4520; baseline -0.001 -24"><span class='ocrx_word' id='word_1_314' title='bbox 128 4435 253 4498; x_wconf 89' lang='lat' dir='ltr'>chonem</span> <span class='ocrx_word' id='word_1_315' title='bbox 278 4437 447 4518; x_wconf 88' lang='lat' dir='ltr'>divulgavit</span> <span class='ocrx_word' id='word_1_316' title='bbox 470 4438 623 4518; x_wconf 88' lang='lat' dir='ltr'>scripturn.</span> <span class='ocrx_word' id='word_1_317' title='bbox 669 4437 737 4500; x_wconf 93' lang='lat' dir='ltr'>Non</span> <span class='ocrx_word' id='word_1_318' title='bbox 767 4446 818 4500; x_wconf 88' lang='lat' dir='ltr'>sat</span> <span class='ocrx_word' id='word_1_319' title='bbox 841 4440 941 4502; x_wconf 88' lang='lat' dir='ltr'>fuerat</span> <span class='ocrx_word' id='word_1_320' title='bbox 968 4439 1142 4502; x_wconf 83' lang='lat' dir='ltr'>infamatori</span> <span class='ocrx_word' id='word_1_321' title='bbox 1170 4439 1214 4502; x_wconf 89' lang='lat' dir='ltr'>illi</span> <span class='ocrx_word' id='word_1_322' title='bbox 1246 4439 1379 4520; x_wconf 86' lang='lat' dir='ltr'>plagium</span> <span class='ocrx_word' id='word_1_323' title='bbox 1404 4452 1488 4498; x_wconf 83' lang='lat' dir='ltr'>conr-</span> 
     </span>
     <span class='ocr_line' id='line_1_35' title="bbox 129 4524 1489 4610; baseline -0.001 -24"><span class='ocrx_word' id='word_1_324' title='bbox 129 4524 248 4588; x_wconf 89' lang='lat' dir='ltr'>mittere</span> <span class='ocrx_word' id='word_1_325' title='bbox 281 4527 448 4590; x_wconf 89' lang='lat' dir='ltr'>literarium</span> <span class='ocrx_word' id='word_1_326' title='bbox 480 4535 511 4589; x_wconf 90' lang='lat' dir='ltr'>et</span> <span class='ocrx_word' id='word_1_327' title='bbox 544 4528 695 4608; x_wconf 82' lang='lat' dir='ltr'>Tychonis</span> <span class='ocrx_word' id='word_1_328' title='bbox 731 4528 913 4609; x_wconf 87' lang='lat' dir='ltr'>hypothesin</span> <span class='ocrx_word' id='word_1_329' title='bbox 956 4529 1078 4590; x_wconf 91' lang='lat' dir='ltr'>falsarie</span> <span class='ocrx_word' id='word_1_330' title='bbox 1114 4547 1168 4609; x_wconf 89' lang='lat' dir='ltr'>pro</span> <span class='ocrx_word' id='word_1_331' title='bbox 1204 4529 1325 4610; x_wconf 92' lang='lat' dir='ltr'>proprio</span> <span class='ocrx_word' id='word_1_332' title='bbox 1367 4528 1489 4589; x_wconf 85' lang='lat' dir='ltr'>invento</span> 
     </span>
     <span class='ocr_line' id='line_1_36' title="bbox 127 4613 1487 4698; baseline 0.002 -26"><span class='ocrx_word' id='word_1_333' title='bbox 127 4615 297 4691; x_wconf 87' lang='lat' dir='ltr'>venditare,</span> <span class='ocrx_word' id='word_1_334' title='bbox 322 4616 497 4679; x_wconf 88' lang='lat' dir='ltr'>nisietiam</span> <span class='ocrx_word' id='word_1_335' title='bbox 520 4616 616 4679; x_wconf 88' lang='lat' dir='ltr'>virum</span> <span class='ocrx_word' id='word_1_336' title='bbox 640 4617 714 4679; x_wconf 87' lang='lat' dir='ltr'>aviti</span> <span class='ocrx_word' id='word_1_337' title='bbox 737 4618 876 4698; x_wconf 86' lang='lat' dir='ltr'>generis,</span> <span class='ocrx_word' id='word_1_338' title='bbox 901 4638 1035 4680; x_wconf 90' lang='lat' dir='ltr'>summae</span> <span class='ocrx_word' id='word_1_339' title='bbox 1061 4618 1251 4693; x_wconf 88' lang='lat' dir='ltr'>eruditionis,</span> <span class='ocrx_word' id='word_1_340' title='bbox 1278 4613 1487 4696; x_wconf 86' lang='lat' dir='ltr'>inculpatissi·</span> 
     </span>
     <span class='ocr_line' id='line_1_37' title="bbox 127 4705 1488 4787; baseline 0.001 -23"><span class='ocrx_word' id='word_1_341' title='bbox 127 4722 196 4766; x_wconf 91' lang='lat' dir='ltr'>mae</span> <span class='ocrx_word' id='word_1_342' title='bbox 220 4705 315 4779; x_wconf 87' lang='lat' dir='ltr'>vitae,</span> <span class='ocrx_word' id='word_1_343' title='bbox 341 4706 495 4769; x_wconf 86' lang='lat' dir='ltr'>sexcentis</span> <span class='ocrx_word' id='word_1_344' title='bbox 519 4706 707 4769; x_wconf 87' lang='lat' dir='ltr'>contumeliis</span> <span class='ocrx_word' id='word_1_345' title='bbox 732 4707 811 4787; x_wconf 91' lang='lat' dir='ltr'>apud</span> <span class='ocrx_word' id='word_1_346' title='bbox 836 4708 930 4782; x_wconf 89' lang='lat' dir='ltr'>alios,</span> <span class='ocrx_word' id='word_1_347' title='bbox 956 4707 982 4770; x_wconf 91' lang='lat' dir='ltr'>si</span> <span class='ocrx_word' id='word_1_348' title='bbox 997 4725 1054 4770; x_wconf 90' lang='lat' dir='ltr'>non</span> <span class='ocrx_word' id='word_1_349' title='bbox 1079 4707 1289 4781; x_wconf 89' lang='lat' dir='ltr'>deformatum,</span> <span class='ocrx_word' id='word_1_350' title='bbox 1314 4711 1488 4784; x_wconf 86' lang='lat' dir='ltr'>suspectum</span> 
     </span>
    </p>
   </div>
   <div class='ocr_carea' id='block_1_4' title="bbox 128 4792 1489 4881">
    <p class='ocr_par' dir='ltr' id='par_1_6' title="bbox 128 4792 1489 4881">
     <span class='ocr_line' id='line_1_38' title="bbox 128 4792 1489 4881; baseline -0.001 -26"><span class='ocrx_word' id='word_1_351' title='bbox 128 4794 245 4863; x_wconf 32' lang='lat' dir='ltr'>saltem.</span> <span class='ocrx_word' id='word_1_352' title='bbox 262 4794 457 4862; x_wconf 87' lang='lat' dir='ltr'>reddidisset.</span> <span class='ocrx_word' id='word_1_353' title='bbox 502 4795 545 4859; x_wconf 83' lang='lat' dir='ltr'>Et</span> <span class='ocrx_word' id='word_1_354' title='bbox 567 4796 703 4878; x_wconf 84' lang='lat' dir='ltr'>profecto</span> <span class='ocrx_word' id='word_1_355' title='bbox 723 4796 791 4881; x_wconf 90' lang='lat' dir='ltr'>jure</span> <span class='ocrx_word' id='word_1_356' title='bbox 811 4804 910 4865; x_wconf 88' lang='lat' dir='ltr'>actum</span> <span class='ocrx_word' id='word_1_357' title='bbox 934 4816 1000 4863; x_wconf 85' lang='lat' dir='ltr'>cum</span> <span class='ocrx_word' id='word_1_358' title='bbox 1023 4797 1079 4864; x_wconf 88' lang='lat' dir='ltr'>hoe</span> <span class='ocrx_word' id='word_1_359' title='bbox 1100 4795 1222 4876; x_wconf 88' lang='lat' dir='ltr'>fuisset,</span> <span class='ocrx_word' id='word_1_360' title='bbox 1246 4796 1295 4860; x_wconf 87' lang='lat' dir='ltr'>vel</span> <span class='ocrx_word' id='word_1_361' title='bbox 1319 4792 1489 4876; x_wconf 88' lang='lat' dir='ltr'>etiamjam</span> 
     </span>
    </p>
   </div>
   <div class='ocr_carea' id='block_1_5' title="bbox 0 0 1718 5542">
    <p class='ocr_par' dir='ltr' id='par_1_7' title="bbox 0 0 1718 5542">
     <span class='ocr_line' id='line_1_39' title="bbox 0 0 1718 5542; baseline 0 0"><span class='ocrx_word' id='word_1_362' title='bbox 0 0 1718 5542; x_wconf 95' lang='lat' dir='ltr'> </span> 
     </span>
    </p>
   </div>
  </div>
 </body>
</html>
