3428 5542
549 506 672 560 Honora
789 505 886 560 Plano
899 508 1006 562 Latera
992 509 1119 618 Ἀηριιι.
1154 508 1251 562 Orbem
1264 510 1434 579 inscriptum.

831 631 848 683 6
898 607 1005 685 12-
1063 631 1081 688 8
1152 633 1323 688 mediocrem.

831 708 849 763 8
931 711 964 764 12
1063 713 1080 767 6
1151 713 1221 767 cubo
1236 716 1391 785 aequalem.

1017 785 1119 795 ,no-
1136 789 1388 803 βὴῳ,

411 802 416 822 “
471 788 715 878 quinquangulum
722 784 889 957 112
927 810 964 863 30
1043 807 1081 863 20
1152 812 1307 868 marimum

164 884 329 939 loossedroo
429 884 642 972 ‘triangulum
784 888 996 977 ἐρῶ-,Ἀ-
927 890 964 943 30
1047 888 1081 941 12
1153 893 1245 946 dodoc.
1261 894 1415 964 aequalsm.

164 983 384 1048 reuuedron.
472 984 643 1055 triangulum
829 986 848 1040 4
946 990 963 1042 6
1063 988 1081 1041 4
1157 989 1300 1044 minimum

1010 1065 1097 1072 un..—
1130 1066 1235 1074 ..n-—

195 1112 389 1179 (matutinos
408 1130 423 1167 c
440 1121 467 1167 et
484 1116 500 1166 d
519 1116 617 1167 eddidit
628 1115 759 1181 Keplerus.
780 1119 922 1168 auctoribus
934 1117 997 1168 torte
1009 1116 1144 1168 licestlino
1162 1118 1310 1184 reliquisque
1329 1123 1415 1171 ιιιιιιιι
1433 1120 1484 1172 tu-

120 1186 283 1253 bumba
300 1182 394 1257 [comp.
410 1202 436 1251 p.
450 1181 496 1252 23]
515 1188 542 1239 ιιι
559 1187 670 1239 eddone
687 1190 747 1238 anui
767 1185 854 1246 1588,
880 1189 1082 1254 subjunxitqne'
1075 1204 1101 1240 ιιι
1127 1190 1166 1241 ed.
1191 1194 1339 1253 posteriore:
1370 1191 1425 1244 lico
1449 1196 1488 1244 e'st

122 1257 253 1311 dimidium
269 1259 326 1311 libri
343 1261 392 1311 mel
410 1257 437 1310 11
453 1259 542 1310 Herm.
562 1260 594 1310 de
611 1261 775 1325 congruentis
791 1260 945 1324 planorum'
938 1276 965 1310 ιιι
982 1257 1082 1321 solido.)

203 1381 234 1454 ιι)
249 1387 311 1441 Non
325 1386 390 1440 illos
404 1386 516 1452 solidos,
537 1389 609 1441 mole
624 1386 669 1441 bic
684 1404 743 1440 sum
757 1387 916 1441 intellectus
932 1404 950 1441 ιι
964 1389 1093 1459 'l'yohone
1109 1387 1220 1442 Braheo
1235 1385 1302 1455 (rid.
1318 1406 1362 1460 ep.
1378 1391 1485 1460 Tycha·

123 1467 167 1520 nis
180 1465 209 1520 in
223 1466 363 1536 prooemio
376 1485 404 1538 p.
419 1465 484 1532 44),
499 1470 548 1522 sed
563 1468 664 1538 spatis,
679 1484 805 1538 prorsum
819 1468 927 1538 quidem
941 1468 1095 1532 circularia,
1115 1476 1148 1523 ut
1166 1468 1353 1523 revolutiones
1367 1470 1486 1527 siderum

123 1548 152 1601 ιιι
174 1547 296 1616 seipsas
309 1547 401 1603 reduc
423 1554 453 1602 et
473 1556 627 1619 perpetuae
641 1563 703 1602 esse
725 1555 853 1617 possent;
877 1565 974 1603 versus
995 1549 1075 1618 polos
1099 1548 1193 1603 itidem
1215 1549 1371 1614 circularis,
1395 1550 1421 1603 id
1440 1557 1487 1607 est

122 1628 282 1698 superficies
304 1628 466 1698 sphaericos
488 1636 605 1699 propter
625 1635 715 1682 motus
731 1628 921 1693 latitudinum
946 1645 1000 1682 non
1015 1631 1085 1699 quod
1109 1630 1181 1700 polis
1201 1645 1269 1699 opus
1284 1629 1442 1695 habuerint
1467 1646 1486 1686 ι

123 1708 232 1778 quibus,
257 1715 290 1763 ut
309 1708 432 1779 sphoera
453 1709 616 1772 materialis,
642 1709 833 1779 affigerentur.

204 1784 230 1857 0
252 1786 378 1861 Corpore
399 1789 527 1861 intellige
541 1787 712 1861 geometrica
731 1789 878 1860 regularia
892 1789 981 1843 solida
995 1788 1126 1858 quinque;
1151 1789 1222 1843 baec
1241 1796 1274 1843 ut·
1292 1790 1484 1861 archetypum,

121 1866 204 1922 orbes
227 1885 294 1923 vero
318 1875 350 1923 ut
372 1885 442 1940 opus
465 1870 672 1924 exstruendum.

202 1944 235 2020 g)
259 1948 329 2002 Vide
352 1949 400 2004 lib.
417 1949 438 2004 1
463 1949 625 2003 Hannon.
618 1967 644 2001 ιιι
666 1964 787 2018 prooem.
811 1954 840 2000 et
864 1946 910 2000 lib.
928 1948 961 2004 11.
985 1965 1064 2017 prop.
1088 1947 1134 2001 25.
1159 1954 1188 2003 ct
1208 1947 1256 2003 lib.
1273 1950 1307 2004 V.
1322 1966 1385 2019 cop.
1405 1952 1430 2004 1.
1454 1958 1484 2006 et

121 2028 198 2099 Epir.
219 2033 297 2084 Astr.
322 2027 371 2085 lib.
395 2030 443 2084 IV.

202 2103 236 2176 h)
260 2110 333 2163 Vere
348 2108 456 2180 quidem
471 2116 521 2163 aut
534 2108 708 2177 sphaericum
722 2107 805 2160 etiam
821 2107 895 2160 inter
907 2107 996 2160 solida
1009 2109 1182 2170 censendum,
1203 2109 1274 2178 quod
1289 2111 1402 2180 globum
1416 2109 1481 2163 dici·

120 2205 194 2250 mus;
219 2194 269 2243 aut
290 2189 361 2243 haec
381 2205 497 2259 corpora
520 2187 610 2241 solida
631 2188 682 2241 dici
707 2204 760 2241 uon
774 2193 930 2249 merentum
959 2205 1010 2240 uec
1032 2195 1113 2241 erant
1133 2188 1314 2254 aeoliditote,
1339 2190 1391 2243 hoc
1405 2196 1482 2245 esta

120 2269 292 2342 perfectione
315 2270 396 2323 trium
417 2268 614 2322 dimensionum
635 2274 801 2338 argumenta
821 2269 952 2330 texenda,
976 2285 1027 2336 pro
1043 2268 1148 2321 orbium
1170 2269 1353 2323 exornatione
1373 2287 1424 2339 per
1437 2286 1480 2325 ea

122 2351 194 2422 Nam
216 2357 248 2404 et
272 2348 326 2420 ipsi
346 2350 427 2404 orbes
452 2348 514 2417 (sou
537 2344 645 2418 spatia)
670 2347 732 2402 cori
746 2353 818 2410 suut.
843 2353 873 2401 et
896 2346 1002 2418 figurae
1026 2347 1079 2400 hae
1101 2349 1136 2401 ob
1151 2348 1177 2401 id
1195 2349 1303 2402 nobiles
1318 2358 1391 2415 sunt,
1416 2350 1483 2419 quis

121 2430 262 2502 sphaerici
279 2429 478 2502 perlectionem
498 2427 652 2483 omnimode
665 2427 841 2482 conclusione
854 2427 947 2498 spatii,
972 2427 1043 2497 quod
1062 2428 1210 2498 amplexae
1225 2435 1298 2493 sunt,
1323 2445 1405 2500 quam
1418 2446 1500 2499 pro-2

122 2512 197 2567 xime
212 2508 397 2565 aemulentur.
438 2506 569 2564 Soliditas
582 2524 649 2562 vero
663 2513 720 2562 tam
734 2507 763 2560 in
778 2506 871 2577 globo,
894 2522 976 2577 quam
998 2507 1025 2560 in
1040 2506 1082 2561 bis
1101 2507 1208 2579 figuris,
1231 2516 1275 2563 est
1288 2509 1413 2580 genuina
1426 2526 1482 2564 me·

122 2593 213 2649 turice
233 2591 298 2647 idea
319 2595 353 2646 ut
372 2588 532 2660 superdueo
553 2587 668 2644 tornae.

709 2766 895 2778 --—-—·—-—-

698 2914 817 3014 Caput
844 2914 910 2992 III.

256 3077 353 3156 Quod
374 3075 453 3140 boec
475 3077 611 3169 quinque
634 3093 769 3157 corporo
790 3075 826 3138 ιιι
849 3074 930 3136 daos
951 3074 1081 3137 ordines
1103 3075 1359 3158 inaspectae,-

519 3172 550 3228 et
571 3164 655 3247 quod
679 3162 783 3226 rma
804 3170 888 3226 recte
910 3161 1015 3227 locato
1037 3165 1087 3228 sit.

211 3308 306 3371 Porro
330 3314 431 3371 sutem
460 3308 616 3371 fortuitum
644 3306 700 3367 hoc
732 3304 828 3368 videri
859 3314 964 3385 posset
995 3314 1086 3388 atque
1114 3307 1238 3370 anullo
1260 3307 1356 3369 fluens
1379 3325 1481 3383 causa,

122 3398 204 3481 quod
225 3417 281 3460 sex
303 3396 393 3460 orbes
412 3395 572 3477 Copernioi
593 3394 743 3474 recipiant
766 3395 847 3456 intra
869 3414 941 3457 suas
964 3396 1050 3457 onius
1074 3396 1113 3458 ab
1136 3397 1197 3459 alio
1221 3395 1384 3458 distantias
1407 3396 1482 3458 haee
1537 3408 1540 3415 ’

122 3488 253 3569 quinque
275 3504 421 3568 corpora,
449 3485 508 3549 ιιιιιι
529 3487 556 3548 is
579 3485 645 3566 ipse
669 3485 742 3545 ordo
766 3491 849 3545 esset
872 3484 952 3546 inter
974 3484 1046 3558 ills,
1077 3503 1133 3565 quo
1158 3484 1260 3546 ordine
1284 3501 1340 3563 ego
1364 3483 1484 3562 singula

122 3576 313 3640 interlooavi.
358 3576 439 3638 Nam
461 3576 489 3638 ei
511 3575 661 3641 Saturnus
683 3571 753 3634 Jovi
777 3579 842 3635 tam
863 3572 1048 3653 propinquus
1076 3582 1167 3647 esset,
1193 3592 1282 3652 quam
1307 3578 1356 3633 est
1378 3572 1483 3633 Venno

121 3665 253 3739 Telluri,
279 3664 412 3727 vicissim
434 3664 461 3726 si
484 3665 642 3727 haedoue
666 3662 704 3724 ab
729 3661 857 3723 invicem
880 3670 966 3723 tanto
989 3662 1150 3723 intervallo
1174 3661 1430 3741 distinguerentur
1451 3660 1482 3722 in

122 3753 301 3835 (lopernico,
325 3762 437 3833 quanto
456 3753 679 3834 distinguuntur
692 3749 811 3829 Jupiter
827 3758 859 3811 et
872 3751 972 3812 Mars:
998 3751 1057 3812 alio
1081 3750 1184 3812 ordine
1209 3749 1351 3811 utendum
1375 3747 1483 3811 fuisset
1571 3826 1574 3831 Ι

120 3845 151 3908 ιιι
174 3842 344 3907 inserendis
368 3843 551 3921 corporibus.
597 3843 691 3904 Foret
713 3840 792 3901 euim
815 3839 895 3902 inter
922 3839 997 3901 duos
1029 3839 1142 3918 primos
1171 3837 1260 3899 orbes
1289 3835 1385 3917 primo
1416 3837 1482 3901 loco

122 3931 332 3997 dodecaedron
362 3931 411 3992 vel
438 3931 631 4006 icossedron,
663 3936 771 4010 quarto
802 3948 873 3991 vero
902 3929 967 3990 loco
995 3928 1179 3991 tetraddron.
1225 3923 1286 3997 Qui
1313 3926 1386 3988 ordo
1417 3946 1483 3990 cum

122 4041 180 4084 non
203 4021 304 4102 possit
327 4019 446 4083 admitti
468 4020 635 4083 rationibus
658 4017 896 4092 mathematicis,
929 4017 1018 4079 facile
1043 4018 1121 4078 soret
1144 4015 1321 4079 futilitatem
1346 4018 1483 4098 concepti

121 4109 319 4174 theorematis
341 4109 526 4190 patefacere.
558 4110 646 4171 Nunc
670 4115 772 4169 autem
785 4107 940 4169 videamus
961 4125 1025 4180 nos,
1051 4105 1194 4184 ecquibus
1218 4106 1386 4170 rationibus
1409 4125 1481 4186 pro-

121 4201 224 4275 betur,
254 4198 395 4261 debuisse
418 4199 474 4260 hoc
497 4198 565 4283 ipso
588 4197 692 4259 ordine
716 4196 833 4275 disponi
858 4214 984 4275 corpora
1006 4196 1086 4258 inter
1108 4194 1207 4258 orbes.
1254 4195 1345 4257 Initio
1369 4196 1481 4258 dietin-

121 4296 253 4370 guuntur
275 4288 353 4350 baec
376 4304 501 4369 corpora
524 4289 553 4350 in
578 4288 638 4349 tris
660 4284 811 4365 primaria,
837 4284 953 4356 cubum,
976 4283 1173 4359 tetrabdrum,
1197 4284 1425 4358 dodecaddrum,
1451 4293 1483 4346 et

121 4380 181 4442 duo
212 4376 410 4450 secundaria,
441 4377 616 4438 octoddrum
648 4385 680 4437 et
711 4374 909 4435 ieosaedrum.
962 4372 1109 4454 Quodque
1139 4374 1329 4436 verissimum
1356 4373 1412 4433 boc
1440 4373 1482 4435 sit

121 4466 297 4542 discrimen,
320 4473 395 4528 nots
417 4466 571 4547 utriusque
594 4462 714 4545 generis
737 4463 950 4543 proprietates
999 4462 1033 4536 ι)
1062 4463 1210 4524 Primaria
1232 4463 1322 4542 plano
1346 4462 1425 4522 inter
1448 4481 1482 4524 se

122 4557 282 4626 differunt,
314 4554 493 4619 secundaria
520 4562 643 4617 utuntur
669 4552 774 4613 codem
797 4551 994 4631 triangulari;
1030 4548 1065 4626 2)
1095 4551 1301 4632 primariorum
1326 4550 1482 4632 quodlibet

121 4644 272 4727 proprium
296 4643 389 4707 babet
409 4643 551 4722 planum:
576 4644 670 4705 cubus
689 4641 877 4722 quadratum,
901 4640 1034 4723 pyramis
1056 4641 1247 4719 triangulum,
1272 4640 1481 4704 dodecae'dron

122 4733 397 4816 quinquangulum.
421 4733 598 4795 secundaria
611 4732 732 4811 planum
746 4730 929 4809 triangulum
944 4752 963 4792 a
976 4730 1129 4811 pyramide
1144 4736 1327 4792 mutuantur.
1358 4725 1394 4802 3)
1408 4728 1479 4792 Pri·

122 4823 219 4888 msris
241 4822 344 4886 omnis
366 4820 493 4906 simplici
515 4829 639 4885 utuntur
657 4820 777 4900 angulo,
801 4837 908 4899 nempe
932 4819 1028 4884 tribus
1049 4820 1150 4901 planis
1174 4818 1402 4899 comprehenso:
1426 4838 1479 4885 se·

231 4928 246 4955 ἱ
