3428 5542
709 293 904 357 murrata
935 318 940 329 ·
1420 290 1492 361 w

125 445 290 511 astronomi
315 447 426 523 officia,
451 449 578 515 alterum
603 469 673 512 vere
697 453 939 528 astronomicum,
964 453 1148 537 hypotheses
1163 457 1381 522 astronomicas
1404 453 1487 519 tales

124 536 325 612 consumere,
359 557 397 599 ex
426 537 532 618 quibus
563 548 745 642 apparentes
777 550 876 607 mutus
900 552 1076 623 sequautur,
1111 544 1240 611 alteram
1261 542 1485 623 geometricum,

126 625 309 706 hypotheses
338 627 539 705 geometricas
569 629 769 732 cujuscunque
801 632 913 695 formae
938 633 1056 705 (variae
1087 652 1214 713 namque
1238 652 1330 714 saepe
1354 633 1383 694 in
1409 650 1485 712 geos

124 713 233 776 metria
256 734 324 775 esse
349 717 491 795 possunt)
521 717 600 777 tales
629 717 825 793 constituere,
860 739 898 780 ex
927 721 1032 800 quibus
1061 721 1244 804 hypotheses
1269 722 1339 784 illae
1369 721 1489 802 priores

125 802 362 878 astronomicae,
391 805 473 866 he.
493 805 557 868 veri
580 806 770 885 planetarum
792 815 907 882 motus,
941 829 998 870 non
1023 809 1185 883 adulterati
1210 811 1292 874 visus
1316 818 1484 873 commuta-

125 893 216 967 tione,
240 900 272 954 et
294 900 458 973 sequautur
480 900 513 955 et
535 895 730 959 calculentur.

215 980 272 1043 llic
296 1001 343 1044 me
366 991 453 1044 tenor
476 981 541 1062 ipse
565 985 711 1047 sermonis
735 984 792 1047 mei
817 985 937 1060 invitat,
961 993 995 1049 ut
1018 984 1169 1051 Osiandro
1193 987 1402 1051 Patricium
1426 987 1485 1051 ad·

120 1072 247 1150 jungam
276 1070 361 1151 eique
391 1079 518 1135 conatus
541 1080 780 1137 astronomorum
807 1094 909 1143 omnes
938 1074 1100 1150 decidenti,
1134 1076 1316 1157 hypotheses
1343 1085 1484 1147 astrono

126 1160 220 1223 micas
243 1179 347 1221 omnes
370 1160 518 1240 rejicienti
540 1161 673 1225 nonnihil
696 1164 904 1242 respondeam.

215 1248 418 1311 Succeuset
409 1269 436 1311 rs
465 1251 662 1320 astronomis,
689 1252 774 1331 quod
807 1261 952 1316 conentur
982 1272 1019 1313 ex
1048 1252 1141 1315 variis
1167 1252 1287 1319 circulis
1318 1261 1351 1314 et
1378 1251 1487 1316 solidis

125 1337 246 1401 orbibus
269 1337 457 1417 planetarum
480 1328 580 1401 m'otus
603 1347 784 1420 apparentes
808 1342 935 1414 efficere,
961 1360 1070 1423 eosque
1091 1341 1229 1417 circulos,
1253 1361 1306 1405 aas
1331 1342 1484 1443 hypothe-

125 1448 189 1502 ses,
218 1426 335 1490 cerebri
363 1427 409 1489 sui
438 1428 593 1506 figmenta,
622 1449 720 1491 rerum
749 1438 873 1492 naturae
902 1429 1059 1509 imputare.
1106 1431 1152 1492 De
1180 1431 1347 1512 planetis
1339 1449 1405 1510 ipse
1427 1431 1485 1495 hoc
1553 1474 1556 1481 -

125 1517 269 1590 affirmat,
303 1517 381 1578 inter
404 1516 479 1577 lixas
504 1517 603 1579 illos
595 1537 623 1579 ιιι
649 1517 760 1598 liquido
783 1519 904 1581 aethere
928 1518 1082 1592 incedere,
1108 1520 1358 1622 quemadmodum
1381 1529 1413 1589 et
1434 1519 1484 1581 vi

125 1607 267 1680 deantur,
296 1604 407 1667 liberos
432 1607 470 1666 ab
495 1606 610 1668 orbium
634 1606 796 1671 solidorum
824 1607 1032 1687 compedibus,
1066 1608 1115 1690 qui
1144 1609 1216 1671 nulli
1245 1608 1321 1684 sint,
1356 1626 1484 1689 vereque

125 1693 293 1774 hujusmodi
325 1694 453 1773 spiraies
477 1703 509 1756 et
531 1696 614 1756 varie
645 1715 760 1758 rursum
782 1715 975 1777 pressumque
1004 1704 1159 1758 contortas
1190 1697 1301 1771 lineas,
1333 1714 1484 1780 nunquam

124 1783 183 1846 sibi
206 1782 281 1863 ipsis
304 1801 359 1862 per
381 1782 482 1845 omnia
503 1784 632 1859 similes,
658 1803 751 1865 eaque
776 1793 874 1849 mutus
899 1785 1132 1866 inaequalitate,
1152 1786 1243 1867 plane
1268 1794 1300 1848 ut
1323 1786 1353 1848 iu
1378 1785 1481 1851 oculos

126 1880 247 1936 nostros
270 1872 431 1948 incurrunt,
457 1873 637 1936 describere.
684 1874 750 1936 Nec
773 1874 876 1942 mirari
899 1893 955 1938 nos
978 1875 1087 1938 debere
1102 1877 1283 1938 varietatem
1305 1875 1393 1950 hanc,
1417 1892 1485 1937 cum

126 1961 266 2040 planetae
295 1979 401 2023 revera
424 1961 487 2023 sint
515 1961 658 2025 animalia
689 1963 814 2025 rationis
838 1962 975 2044 capacia,
1007 1965 1222 2043 comprobante
1247 1965 1275 2026 id
1300 1963 1484 2026 auctoritate

123 2049 333 2153 philosophiae
349 2050 535 2125 barbaricae,
561 2058 593 2112 et
607 2051 842 2131 omnipotentiae
858 2052 976 2115 divinae
991 2072 1048 2115 nou
1075 2054 1165 2116 fuerit
1178 2053 1373 2133 impossibile,
1399 2058 1487 2123 tauta

123 2138 276 2219 sapientia
299 2148 454 2202 creaturas
477 2140 621 2216 condere,
647 2150 681 2202 ut
703 2140 869 2222 imperatos
891 2141 947 2203 hos
970 2151 1068 2203 motus
1093 2144 1130 2204 ad
1155 2144 1242 2211 finem
1266 2160 1359 2222 usque
1384 2140 1485 2203 mundi

123 2237 337 2309 exsequantur.

212 2317 345 2380 Primum
373 2317 429 2378 boc
456 2315 501 2377 illi
531 2316 619 2379 facile
639 2336 832 2393 concessero,
866 2317 979 2381 solidos
1003 2319 1090 2382 orbes
1114 2319 1212 2382 nullos
1242 2338 1320 2381 esse.
1369 2320 1401 2380 Iu
1427 2336 1484 2399 quo

124 2415 157 2468 et
179 2406 331 2488 Tychouis
355 2404 522 2470 rationibus
547 2405 637 2469 facile
660 2406 816 2472 subscribo
844 2415 875 2469 et
897 2407 1034 2487 privatas
1058 2408 1150 2470 etiam
1179 2408 1285 2470 habeo
1333 2408 1483 2471 Patricius

122 2514 194 2556 vero
209 2494 343 2577 Tychoni
367 2494 490 2563 ridicule
515 2493 621 2556 facit
613 2495 761 2575 iujuriam,
786 2515 872 2578 quem
896 2496 940 2558 ait
964 2497 1144 2561 fascinatum
1167 2496 1305 2576 opinione
1320 2496 1483 2558 solidorum

125 2583 240 2647 orbium
274 2603 384 2646 novam
408 2584 586 2645 confinxisse
611 2584 711 2647 mundi
737 2587 880 2660 formam3
912 2605 1000 2666 quam
1028 2585 1196 2666 opinionem
1221 2585 1322 2666 Tyclro
1347 2584 1483 2655 omnibus

124 2672 245 2762 seriptis
273 2682 305 2734 et
334 2672 402 2753 ipsa
425 2672 627 2754 hypotheseos
650 2693 724 2736 suae
747 2674 956 2745 conditione
949 2683 1115 2755 rrnpngnat.
1161 2673 1266 2754 Neque
1290 2692 1385 2752 nego,
1414 2672 1483 2752 pla·

124 2772 260 2825 netarum
289 2761 429 2825 circuitus
456 2762 573 2823 racione
604 2782 721 2825 summa
749 2762 961 2826 administrari.
1010 2762 1073 2825 Sed
1101 2771 1132 2824 et
1162 2764 1217 2824 hoc
1241 2762 1334 2838 dabo,
1368 2761 1394 2824 si
1417 2762 1483 2827 Deo

122 2851 270 2913 conditori
294 2851 474 2931 placuisset,
503 2858 537 2911 ut
559 2850 701 2930 planetae
725 2852 854 2932 spirales
878 2852 1045 2931 hujusmodi
1069 2861 1101 2912 et
1124 2852 1304 2930 irregulares
1328 2850 1482 2925 circuitus,

122 2941 228 3020 quales
254 2939 470 3020 aspicientibus
494 2940 580 3000 nobis
605 2950 763 3022 apparent,
782 2942 970 3015 conficerent,
997 2941 1028 3003 id
1048 2940 1092 3003 illi
1108 2942 1215 3003 effectu
1239 2940 1328 3002 facile
1352 2941 1484 3003 futurum

123 3029 443 3091 fnisse.Verum'1n
468 3027 557 3089 hoc
544 3049 610 3108 Jam
633 3029 734 3093 differt
747 3028 898 3094 Patricius
922 3031 961 3092 ab
976 3030 1159 3092 astronomis
1174 3047 1244 3090 vere
1262 3028 1481 3110 philosophan-

121 3119 218 3193 tibus,
252 3137 319 3181 cum
343 3116 511 3199 quaeritur·
546 3118 698 3208 quidnam
711 3120 810 3222 potius
834 3119 900 3182 Deo
923 3119 1084 3200 placuerit,
1115 3139 1153 3182 an
1177 3126 1210 3180 ut
1233 3118 1374 3200 planetae
1398 3136 1482 3179 corn·

123 3207 240 3287 positos
261 3203 433 3288 hujusmodi
462 3218 664 3288 perpetuoque
689 3229 708 3270 a
731 3229 763 3270 se
795 3209 867 3290 ipsis
892 3210 1088 3273 diversost
1057 3216 1088 3272 et
1116 3208 1297 3288 irregulares
1326 3208 1483 3269 anfractus

121 3297 320 3377 pervolitant,
355 3316 433 3358 anne
463 3305 498 3356 ut
525 3296 698 3360 uniformem
723 3308 754 3360 et
778 3319 868 3378 quarn
891 3300 954 3361 fieri
976 3306 1080 3379 potest
1103 3297 1355 3398 regularissimupr
1383 3295 1481 3356 circu·

122 3388 182 3449 lum
205 3386 386 3458 describant,
412 3385 501 3465 plane
526 3385 677 3449 diversum
699 3388 738 3448 'rab
763 3408 800 3449 ea
823 3396 921 3449 motus
946 3387 1063 3449 confusi
1088 3387 1198 3459 forma,
1224 3403 1299 3465 quae
1323 3384 1354 3445 in
1378 3383 1482 3445 oculos

122 3483 245 3538 nostros
266 3474 405 3548 incurrit;
437 3493 546 3537 causae
571 3495 641 3537 vero
670 3475 788 3556 possint
810 3474 950 3548 inveniri,
985 3473 1091 3554 quibus
1118 3473 1201 3535 visus
1231 3481 1335 3535 noster
1358 3472 1481 3535 delusus

122 3564 212 3626 aliter
244 3564 312 3626 illos
344 3563 499 3642 regulares
528 3574 627 3628 motus
655 3564 823 3638 intueatur,
857 3582 946 3643 quam
974 3581 1080 3631 revera
1108 3562 1274 3642 comparati
1303 3561 1375 3622 sint.
1423 3559 1480 3635 Hic

122 3672 209 3715 nemo
234 3660 282 3714 est
305 3672 321 3716 e
344 3650 443 3714 sobrie
467 3652 757 3732 philosophantibus,
784 3653 833 3733 qui
858 3670 916 3714 nou
940 3652 995 3716 hoc
1019 3653 1163 3725 affirmet,
1187 3650 1262 3712 illud
1285 3648 1405 3710 omnino
1430 3666 1482 3709 re·

117 3743 209 3822 Jiciat
232 3741 347 3822 sibique
370 3740 458 3802 simul
482 3742 662 3805 astronomis
687 3741 888 3822 maximopere
912 3742 1090 3820 gratuletur,
1115 3739 1141 3800 si
1161 3758 1271 3800 causas
1295 3734 1482 3815 deceptionis

122 3831 298 3904 invenerint,
324 3829 445 3892 avaris
468 3830 658 3909 planetarum
682 3829 811 3892 motibus
836 3829 1056 3893 accidentarios
1085 3836 1117 3889 et
1139 3845 1177 3888 ex
1199 3825 1364 3905 phantasia
1386 3824 1482 3887 visio·

122 3921 169 3982 nis
193 3927 277 3982 ortus
300 3919 477 3997 sejunxerit,
501 3927 533 3982 et
556 3919 728 3982 circuitibus
753 3918 979 3998 simplicitatem
999 3924 1088 3998 atque
1103 3915 1272 3978 ordinatam
1297 3913 1480 4001 regularita-

123 4023 184 4072 tem
208 4007 383 4071 asseruerit.
431 4009 579 4071 Patricius
603 4028 673 4070 vero
698 4008 743 4070 ita
765 4008 1008 4089 philosophatur,
1039 4013 1084 4081 ut,
1110 4005 1159 4086 qui
1183 4005 1265 4068 illurn
1289 4004 1387 4080 audit,
1422 4021 1481 4067 nou

121 4100 229 4179 pedem
251 4116 371 4161 movere
390 4097 501 4176 possit,
533 4098 602 4178 quin
626 4099 798 4161 miraculum
822 4097 996 4177 contingere
1020 4097 1162 4159 fateatur.
1210 4093 1370 4175 Spatiatus
1399 4089 1480 4159 enim

123 4207 175 4267 per
199 4205 331 4268 campos,
358 4185 407 4247 uhi
430 4206 520 4267 sepes
544 4197 575 4249 et
597 4186 763 4267 propinqua
786 4188 852 4249 viae
877 4186 935 4250 sibi
958 4203 1123 4258 occurrere,
1149 4192 1281 4247 remotos
1297 4202 1368 4245 vero
1391 4199 1479 4245 mon·

122 4287 170 4339 tes
194 4297 227 4339 se
259 4275 396 4338 comitari
427 4276 494 4337 visu
522 4277 623 4356 judice
651 4277 818 4356 putaverit:
852 4296 908 4338 non
933 4282 1035 4338 utetur
1055 4274 1167 4356 judicio
1191 4272 1333 4345 rationis,
1365 4269 1420 4331 sed
1443 4287 1481 4330 ne

124 4385 244 4429 sensum
268 4364 388 4468 quidem
410 4385 596 4428 communem
621 4366 773 4429 consulet:
805 4366 872 4446 quin
901 4364 1002 4445 potius
1025 4363 1103 4426 visui
1135 4363 1253 4432 credet,
1281 4367 1399 4423 montes
1422 4375 1482 4419 uun

123 4455 221 4521 minus
250 4474 285 4518 ac
309 4472 342 4515 se
371 4454 468 4534 ipsum
496 4455 635 4534 progredi
663 4455 763 4517 dicet:
794 4455 929 4534 adeoque
960 4453 985 4515 si
1009 4472 1096 4515 curru
1127 4471 1252 4514 aversus
1275 4449 1482 4528 Argentorato

123 4555 178 4607 aut
200 4545 322 4606 Vienna
346 4545 530 4624 egrediatur,
563 4541 671 4605 Jovem
695 4544 825 4624 lapidem
849 4541 980 4622 jmabit,
1015 4540 1153 4611 turrium,
1186 4558 1261 4621 qnae
1290 4537 1337 4598 bis
1360 4534 1484 4599 urbibus

124 4634 279 4713 praealtae
304 4639 384 4704 suut,
409 4633 510 4694 ruinas
535 4632 564 4693 in
589 4652 621 4692 se
645 4651 779 4712 vergere.
827 4630 908 4694 Olim
928 4631 1049 4711 quidam
1072 4647 1203 4691 meorum
1227 4623 1483 4687 contubernalium

123 4743 177 4805 per
201 4723 351 4784 fenestrae
371 4719 480 4783 vitrum
503 4730 663 4811 pascentes
687 4722 716 4783 in
740 4722 911 4783 suburbano
934 4725 1027 4800 prato
1046 4719 1139 4780 hoves
1153 4714 1371 4798 prospiciebat;
1396 4730 1481 4775 cnm-

125 4831 182 4895 que
211 4830 264 4892 pro
288 4810 424 4873 fenestra
451 4810 597 4894 penderet
620 4830 767 4886 araneus,
801 4829 868 4872 eum
891 4809 941 4872 ille
965 4827 1031 4871 cum
1059 4806 1154 4869 bobus
1182 4811 1307 4885 aspectu
1335 4802 1483 4865 directore
