3428 5542
162 272 252 368 ,296¹
597 299 700 352 utens
717 298 822 364 Keplsri
839 299 990 365 aliorumque
1007 305 1110 351 mutan

174 466 324 547 jacturas;
348 469 538 523 tamencum
560 478 656 540 neque
681 460 763 524 alind
786 471 969 542 suppeteret
991 470 1200 543 argumentum
1223 459 1439 541 significandae
1462 478 1541 540 gra·

177 551 315 617 titudinis
346 558 378 613 et
408 550 475 626 ipsa
503 549 713 613 beneficiorum
736 550 815 614 Rev.
840 552 923 613 Tuae
953 553 1097 614 memoria
1120 572 1167 613 mc
1192 552 1386 622 admoneret,
1418 555 1454 611 nt
1477 549 1540 611 sli-

179 641 300 724 qnando
324 638 477 719 specimen
503 639 624 717 aliquod
638 639 760 701 ederem
779 659 881 702 eorum
896 642 1072 714 studiorum,
1089 643 1212 721 ejusque
1234 638 1377 713 muneris,
1401 637 1440 700 sd
1461 656 1542 718 qnae

175 749 231 811 per
253 728 307 790 illa
327 729 392 807 jam
417 728 499 788 dicta
514 726 590 787 Rev.
607 726 690 789 Tuae
715 729 860 791 beneficia
882 738 1038 808 promotus
1063 749 1138 803 suni,
1166 748 1224 791 non
1240 725 1310 790 duxi
1334 725 1538 806 aliteragen-

179 819 249 882 dnm
272 837 359 891 esse,
390 835 484 896 qnam
507 814 547 876 R.
572 815 607 876 T.
633 816 688 878 hoc
714 818 868 895 exemplar
891 818 948 879 mei
972 819 1176 897 Prognostici,
1206 818 1284 897 quod
1307 834 1347 876 ex
1368 814 1461 877 officii
1483 834 1539 876 rs·

177 907 260 971 tione
285 906 322 966 de
348 905 447 966 futuro
473 923 550 964 anuo
567 904 779 982 publicandum
795 907 860 980 luit,
885 906 985 986 exigui
1013 907 1178 968 munusculi
1198 906 1264 967 loco
1285 904 1537 966 transmitterem.

175 995 325 1078 Equidem
349 1012 482 1072 agnosco
506 1001 666 1072 paternam
689 993 728 1057 R.
755 995 790 1056 T.
814 995 1016 1068 voluntatem,
1052 1014 1139 1075 qnam
1168 995 1197 1055 in
1221 992 1441 1056 commodanda
1464 992 1537 1054 mibi

175 1083 302 1167 pecunia
325 1082 503 1153 declaravit,
528 1100 582 1142 nec
607 1081 717 1144 oblitus
742 1091 805 1144 tarn
828 1084 888 1144 cito
913 1104 992 1158 snm,
1017 1091 1148 1162 quantae
1172 1081 1379 1145 commoditati
1402 1088 1537 1162 quanto-

177 1192 235 1255 que
260 1171 433 1250 adjnmento
457 1169 528 1231 mihi
545 1169 636 1230 fuerit
659 1171 713 1233 illa
726 1172 764 1233 D.
782 1172 818 1233 D.
834 1181 1064 1252 praeceptorum
1087 1172 1285 1252 promtitudo,
1312 1171 1342 1232 in
1367 1171 1492 1249 quibus,
1518 1189 1540 1231 a

176 1261 253 1325 meis
276 1261 431 1332 desertus,
455 1278 571 1320 omnem
597 1277 681 1338 spem
705 1261 850 1339 reliquam
874 1279 1044 1340 posueram.
1092 1261 1296 1322 Vehementer
1322 1260 1416 1320 etiam
1435 1259 1536 1332 doleo,

177 1370 237 1414 nou
263 1350 385 1412 licuisse
409 1347 481 1409 mihi
504 1348 610 1409 statim
633 1349 735 1427 aliqua
759 1368 796 1410 ex
819 1359 906 1428 parte
930 1350 1113 1428 respondere
1136 1350 1179 1410 illi
1201 1348 1359 1423 voluntati,
1385 1347 1454 1411 dum
1477 1367 1536 1423 ne·

176 1458 233 1522 que
258 1439 365 1501 literas
389 1437 609 1499 eucharisticae
634 1439 764 1500 scribere
795 1440 878 1517 potui
902 1448 1025 1518 propter
1048 1457 1145 1499 ineam
1169 1437 1405 1517 aegritudinem,
1437 1454 1537 1516 neque

177 1528 334 1608 imperiale
359 1526 508 1588 numisma
539 1525 669 1600 mittere,
698 1536 860 1606 propterea
883 1529 962 1606 quod
985 1528 1033 1588 hic
1056 1527 1237 1589 Austriacos
1260 1525 1396 1588 thaleros
1424 1543 1537 1604 magna
1577 1602 1585 1611 ἱ

175 1637 244 1682 curn
267 1615 480 1677 aestimatione
505 1632 691 1694 acceperam.
740 1614 886 1685 Quamvis
902 1615 1096 1678 consobrinus
1112 1635 1211 1689 mens,
1237 1615 1285 1695 qni
1301 1633 1347 1675 me
1371 1613 1537 1675 comitatus

175 1715 237 1779 est,
263 1712 294 1767 et
312 1704 428 1784 gratias
453 1724 518 1765 meo
543 1704 662 1764 nomine
687 1722 786 1764 coram
812 1723 902 1783 agere
918 1705 1069 1784 potuisset
1089 1714 1119 1765 et
1133 1705 1267 1766 thaleros
1284 1703 1406 1765 minimo
1431 1702 1536 1764 valore

176 1793 357 1857 aestimatos
381 1793 522 1863 reddere,
556 1793 598 1865 si,
632 1794 710 1872 qnod
735 1811 791 1872 ego
816 1794 1008 1855 vehementer
1039 1794 1076 1854 ab
1111 1794 1175 1873 ipso
1208 1793 1363 1864 contendi,
1395 1792 1535 1871 quodque

175 1882 248 1945 mihi
282 1881 430 1960 stipulata
458 1900 547 1942 manu
580 1881 737 1961 promisit,
772 1882 914 1961 perficere
944 1883 1001 1962 ipsi
1031 1882 1177 1945 libuisset.
1225 1880 1327 1952 Quare
1350 1879 1391 1941 R.
1415 1879 1451 1942 T.
1486 1900 1535 1942 me

175 1963 353 2035 excusatum
384 1970 509 2032 habebit
540 1979 572 2030 et
600 1970 656 2031 hoc
680 1978 769 2031 tenue
803 1972 1008 2032 munusculum
1033 1970 1062 2032 in
1090 1970 1264 2050 praesentia
1290 1970 1359 2032 boui
1383 1970 1533 2033 consulet.

174 2060 298 2125 Utinam
321 2067 421 2120 autem
445 2079 498 2139 per
522 2059 651 2138 aliquem
674 2078 805 2121 meorum
830 2060 1020 2122 familiarium
1044 2061 1154 2122 certior
1177 2058 1238 2121 fieri
1262 2078 1399 2140 possem,
1442 2060 1533 2139 quid·

175 2168 245 2212 narn
268 2150 297 2211 in
323 2148 375 2210 illo
399 2148 599 2225 Prognostico
624 2148 662 2210 R.
688 2149 722 2211 T.
748 2148 899 2226 improbet
923 2151 1051 2230 quidque
1076 2149 1146 2210 mihi
1175 2149 1203 2210 in
1229 2148 1423 2229 sequentibus
1447 2149 1536 2210 annis

175 2238 255 2313 (Deo
279 2257 326 2299 me
346 2238 564 2308 conservante)
589 2237 754 2299 cavendum
779 2237 906 2316 amplius
930 2239 978 2300 sit
1027 2237 1088 2300 Sed
1112 2237 1151 2299 R.
1168 2238 1202 2299 T.
1228 2237 1353 2300 arbitrio
1377 2239 1533 2317 permitto,

175 2326 223 2390 cui
246 2346 314 2389 mea
338 2326 455 2399 studia,
489 2345 543 2387 nos
576 2336 677 2388 antem
707 2345 810 2387 omnes
844 2334 876 2387 et
899 2337 1087 2408 utrorumque
1118 2327 1310 2389 calamitates
1333 2326 1535 2406 gravissimas

173 2413 240 2478 Deo
264 2414 543 2477 misericordissimo
568 2416 742 2477 ardentibus
766 2415 905 2496 precibus
929 2418 1114 2479 commendo.

263 2501 386 2566 Graeeii
405 2500 453 2567 19.
471 2499 558 2577 (29.)
574 2502 643 2566 Oct.
670 2500 761 2568 1594.

276 2606 278 2611 ’
1012 2590 1214 2653 Reverentiae
1237 2590 1319 2653 'lirae

938 2680 1223 2743 observantissimus
1246 2679 1411 2760 discipulus

1038 2768 1083 2831 Μ.
1106 2769 1159 2832 Jo.
1184 2767 1312 2850 Kepler.

244 2925 432 2977 solicitudinem
450 2924 551 2989 Kepleri
571 2925 601 2975 ub
619 2928 752 2988 pecuniam
765 2927 897 2991 Tubinpae
915 2926 949 2977 sd
967 2929 1015 2978 iter
1032 2942 1103 2978 suurn
1121 2929 1146 2977 in
1160 2925 1268 2990 styriam
1285 2927 1462 2991 perficiendum
1478 2944 1533 2979 rna·

172 3005 216 3049 tuo
234 3005 341 3047 sumtum
360 2996 508 3046 Massiliuns
525 2997 567 3045 hir
582 2997 693 3047 dirimere
712 2998 809 3049 studet:
834 2999 874 3048 De
892 2999 924 3047 D.
945 3013 1031 3048 socero
1057 3013 1113 3048 mee
1132 3013 1196 3063 qnae
1215 2999 1288 3048 anxie
1306 2998 1414 3049 seribere
1432 2998 1534 3057 rideris,

172 3071 226 3135 ipse
242 3082 283 3118 me
301 3068 446 3131 respondere
462 3068 542 3129 iubat,
561 3074 590 3116 ut
608 3070 690 3117 auimo
708 3071 805 3133 quietus
823 3071 870 3127 sis;
890 3077 916 3119 te
934 3071 1001 3120 enim
1019 3071 1045 3119 in
1064 3070 1138 3133 eulpa
1155 3084 1204 3118 non
1217 3083 1272 3119 sese
1293 3070 1391 3126 merit,
1411 3069 1456 3120 sed
1474 3083 1533 3121 suin

173 3141 268 3204 ipsum,
294 3140 335 3202 qai
353 3139 484 3202 pecuniam
503 3144 545 3187 tuo
564 3140 662 3190 nomine
679 3141 811 3191 restituere
830 3141 944 3190 debebat.
982 3140 1095 3191 Pecunia
1119 3142 1185 3191 enirn
1210 3149 1269 3190 ate
1294 3140 1372 3204 proba
1388 3143 1467 3191 missa
1483 3149 1532 3197 aa.

174 3217 203 3261 at
220 3211 304 3260 nescio
322 3211 375 3273 quis
393 3209 442 3265 ilis,
462 3209 488 3258 in
507 3212 577 3273 culus
594 3225 682 3260 manns
701 3211 810 3267 devenit,
829 3213 870 3276 qni
890 3211 1035 3274 ,paulinee“
1056 3214 1106 3262 sire
1123 3210 1302 3275 ldiinebskbpii
1316 3211 1428 3275 aliasque
1445 3225 1532 3263 mone·

172 3289 213 3332 tas
232 3279 321 3343 (unam
339 3282 416 3330 etiam
434 3281 569 3344 improbam
587 3279 698 3345 penitus)
716 3284 791 3331 misit.
829 3282 921 3333 Verum
940 3282 1003 3346 quod
1024 3283 1056 3333 sd
1074 3289 1100 3332 ta
1119 3284 1217 3340 attinet,
1236 3289 1262 3332 ta
1280 3284 1437 3333 innocentem
1456 3297 1535 3348 prae·

173 3353 243 3404 dieat
259 3353 352 3416 tibique
370 3366 420 3401 non
438 3360 584 3414 succenset,
614 3353 679 3403 adeo
697 3360 726 3402 nt
744 3366 791 3405 nea
809 3355 905 3418 prolixa
922 3355 1082 3404 excusatione
1101 3354 1134 3404 ad
1153 3356 1245 3417 ipsum,
1271 3368 1318 3403 nec
1336 3367 1394 3403 unsa
1411 3355 1532 3406 muscas·

173 3424 244 3475 siene
263 3438 324 3487 opus
341 3423 422 3473 inerit

244 3512 378 3576 Keplerum
404 3512 481 3576 primo
508 3519 618 3576 tempore
646 3527 693 3577 qno
713 3512 820 3562 Graetlis
839 3512 962 3578 degebat,
988 3513 1050 3562 iorte
1073 3515 1127 3576 Jsm
1152 3513 1280 3579 Tubingae
1299 3512 1454 3579 astrologicis
1471 3514 1532 3566 lusi·

173 3584 219 3635 bns
245 3584 457 3648 tempustririsse
484 3597 513 3632 es
538 3584 575 3632 his
601 3584 673 3634 amici
699 3583 788 3633 Christ.
810 3583 989 3647 Ortboipbi.
1015 3591 1067 3633 tum
1091 3586 1207 3648 temporis
1232 3585 1399 3648 praeceptoris
1424 3586 1449 3635 in
1479 3600 1531 3636 rno-

172 3657 281 3707 nastsrio
299 3654 463 3713 Eireariensi,
481 3653 559 3704 literis
574 3657 666 3719 iocosis
685 3661 772 3720 patet:

245 3788 253 3801 .
274 3789 280 3802 .
302 3789 308 3801 .
327 3751 367 3802 De
385 3751 448 3802 bora
466 3753 607 3803 nativitatis
624 3767 765 3803 mesenen
785 3758 837 3809 eet,
856 3749 920 3815 quod
938 3751 1021 3800 multis
1040 3753 1178 3817 ambigam
1202 3752 1260 3801 mibi
1278 3752 1379 3815 perinde
1398 3759 1445 3802 est.
1483 3753 1533 3805 Es·

174 3829 261 3889 specto
279 3822 415 3873 Dominum
433 3823 492 3873 dum
509 3824 594 3873 reniet
614 3830 640 3874 et
657 3839 697 3873 me
716 3831 866 3888 promereat,
887 3829 1020 3878 removeat,
1040 3823 1072 3872 ad
1092 3837 1118 3872 se
1138 3829 1233 3872 avocet.
1254 3858 1260 3872 .
1280 3859 1287 3871 .
1307 3859 1313 3870 .
1342 3821 1407 3884 Quid
1426 3839 1483 3874 rese
1501 3825 1534 3875 de

174 3902 201 3946 ta
219 3896 334 3954 seutiam,
354 3910 427 3959 qnam
446 3909 476 3944 eo
496 3896 643 3944 temeritatis
662 3896 811 3957 processisse
830 3896 913 3951 rideo,
932 3901 961 3942 nt
979 3909 1008 3944 ex
1027 3896 1100 3944 astris
1115 3893 1228 3956 indicare
1246 3895 1348 3951 nitatiur,
1367 3895 1425 3958 qnid
1444 3896 1533 3947 desta

173 3980 215 4016 rus
233 3967 280 4014 sim
297 3967 324 4015 in
342 3966 450 4017 ecclesia
468 3973 494 4015 et
511 3968 538 4015 in
555 3980 602 4029 qno
621 3965 725 4015 amenio
738 3974 893 4029 peccaturus.
933 3964 1004 4024 Quae
1022 3964 1143 4015 hactenus
1164 3965 1223 4013 mibi
1235 3965 1400 4028 praedixeras,
1419 3969 1533 4032 aeeipls·

173 4036 377 4101 bani'tanqnam
401 4038 511 4092 monitu.
537 4044 566 4086 nt
589 4036 633 4085 ilia
651 4050 772 4086 carerem.
810 4037 980 4087 Diescitaiem
998 4037 1154 4099 praedixeras
1178 4043 1205 4086 et
1226 4036 1311 4100 iugulo
1334 4038 1471 4100 perieulum
1503 4054 1535 4089 aa

175 4106 282 4159 lieentia
299 4109 408 4173 linguae.
447 4107 541 4157 Malum
567 4115 595 4156 ut
613 4120 726 4157 carerem
753 4114 779 4156 et
797 4110 914 4158 vanitatis
933 4108 1083 4173 astrologum
1109 4115 1137 4157 ut
1156 4109 1340 4163 convincerem,
1368 4109 1401 4157 ad
1419 4110 1533 4161 ιιιᾱοιωι

174 4193 253 4245 usqae
270 4182 339 4230 tacui
357 4180 509 4243 saepissime.
546 4177 680 4235 Monuisti,
710 4193 823 4229 carerem
849 4178 970 4229 veneficia
997 4186 1022 4228 et
1039 4179 1169 4229 illecebras
1194 4179 1332 4242 puellares:
1360 4181 1392 4229 ab
1409 4180 1448 4231 his
1466 4183 1534 4233 suin

173 4266 215 4303 ms
235 4250 351 4301 damnum
371 4258 537 4314 accepturum.
575 4249 690 4298 Abstinui
715 4249 747 4298 sd
766 4252 871 4300 esuriem
896 4250 928 4299 ab
947 4253 1012 4299 omni
1032 4251 1171 4307 esculento,
1198 4250 1262 4313 qnod
1286 4249 1347 4298 mihi
1374 4263 1391 4300 a
1413 4260 1535 4317 snspsesa

174 4337 280 4387 persona
297 4330 473 4386 praeparatum
492 4320 629 4369 ridebatur.
665 4320 724 4369 Jam
743 4320 813 4378 dicis,
839 4336 879 4370 me
899 4323 974 4371 etiam
994 4323 1018 4371 in
1039 4322 1149 4371 articulis
1167 4328 1340 4385 peccaturum
1369 4320 1478 4380 seilicet,
1505 4333 1535 4374 ut

175 4394 316 4444 libertatern
336 4395 496 4444 christianam
515 4391 616 4455 prodam
638 4398 664 4439 et
681 4392 787 4440 salutem
807 4392 929 4443 ecelesiae
946 4407 1019 4443 meae
1037 4393 1200 4443 incolumitati
1223 4400 1376 4457 postponam.
1414 4392 1465 4444 Cur
1483 4410 1534 4446 aon

176 4470 203 4515 et
229 4464 254 4513 id
272 4464 391 4520 mandas,
418 4470 447 4512 ut
465 4477 560 4512 cessem
587 4460 690 4526 posthac
718 4463 763 4511 tibi
782 4478 887 4513 errorem
916 4463 1084 4527 opprobrare?
1112 4470 1140 4513 ut
1158 4464 1240 4514 dicam
1265 4472 1291 4512 te
1310 4478 1358 4513 non
1383 4465 1461 4527 prime
1478 4481 1533 4517 uso·

174 4543 258 4585 mento
278 4536 402 4585 delibatae
422 4534 578 4583 astrolatriae
598 4534 733 4598 perlectum
754 4534 829 4584 inisse
849 4543 874 4584 et
893 4534 924 4583 ad
943 4542 1094 4585 momentum
1114 4534 1177 4585 Solis
1195 4536 1226 4584 de
1244 4549 1317 4585 mane
1337 4536 1482 4592 occidentis.
1502 4538 1534 4588 da

175 4615 248 4657 nocte
267 4607 376 4660 oriende,
395 4606 528 4669 perniciem
546 4620 628 4655 means
647 4606 706 4656 mibi
725 4605 857 4671 designare
869 4608 987 4669 potuisse,
1004 4607 1049 4655 sed
1067 4607 1106 4655 ris
1119 4607 1176 4656 dum
1189 4608 1287 4657 Graeeii
1299 4606 1435 4669 proficere?
1459 4607 1534 4668 Quod

175 4678 196 4727 si
214 4678 305 4733 fecero,
325 4684 351 4725 et
368 4677 495 4726 honestius
515 4677 545 4725 de
564 4679 729 4727 antromantis
746 4692 855 4733 sensero,
876 4691 950 4743 quarn
970 4677 1000 4726 de
1014 4684 1165 4742 quaestuosa
1177 4678 1370 4743 Zygeinerorum
1382 4677 1533 4741 iudiciaria:

176 4749 234 4798 dnm
251 4747 341 4796 inultos
359 4746 499 4796 numerabis
518 4761 605 4802 annos,
622 4747 758 4812 longaerns
777 4751 838 4799 en's:
858 4763 908 4798 non
927 4748 999 4798 detur
1016 4763 1055 4797 ms
1074 4748 1156 4799 sidera
1174 4763 1251 4800 mauu
1268 4756 1381 4814 ungere

248 4818 321 4880 Quod
339 4819 436 4884 quaeris
454 4817 486 4868 ds
505 4819 578 4868 annis
596 4818 643 4867 iliis
664 4816 741 4876 sito,
763 4816 828 4868 iiii
850 4818 907 4875 le..
925 4821 1010 4870 aestio
1028 4819 1086 4885 quid
1109 4819 1177 4882 reiis,
1196 4835 1243 4871 nse
1262 4821 1390 4881 amnia
1409 4821 1469 4886 Μ
1485 4836 1532 4890 00·
