3428 5542
243 275 288 343 72
841 278 1004 331 mamm

242 437 434 502 Banatbkam
455 437 535 500 reni.
582 435 632 501 Ab
657 456 692 499 eo
716 437 764 498 die
788 457 880 541 usque
905 438 944 500 ad
968 435 1035 501 Cal.
1059 436 1146 513 Jun,
1176 436 1203 500 si
1226 433 1247 500 3
1270 435 1391 500 circiter
1413 434 1606 516 septimanae

244 527 368 602 eximas,
393 526 532 588 continue
556 545 623 588 cum
647 526 820 607 Tychone
812 547 900 608 mque
924 527 1062 588 convictu
1086 528 1150 606 ejus
1173 526 1245 588 vixi.

331 615 550 677 Iuritaverat
542 634 569 676 rs
592 634 639 676 me
663 615 760 676 altera
782 615 847 677 vice
879 616 933 689 (de
955 616 1054 699 prima
1076 615 1155 676 enim
1184 613 1364 677 invitatione
1386 611 1442 675 tibi
1465 614 1606 682 constat)

242 721 387 786 perquam
409 703 546 766 humanis
579 703 618 764 ad
642 723 688 764 rue
720 704 841 783 scriptis
868 704 976 766 literis.
1023 702 1158 765 Sedeas
1186 721 1242 783 ego
1267 701 1427 763 literasd.
1458 698 1506 763 10.
1530 699 1603 762 Jun.

244 794 364 855 demum
387 792 557 852 Viennae
549 811 579 852 ιιι
608 793 706 853 reditu
741 793 853 871 accepi.
905 791 956 855 Sic
985 812 1055 873 ergo
1088 811 1146 854 uon
1174 800 1291 853 tantum
1322 797 1429 870 gratus
1463 788 1518 850 sed
1549 807 1606 849 ex-

242 888 384 964 pectatus
414 880 506 941 etiam
540 881 597 943 fult
626 881 776 942 adventus
799 900 894 942 meus.
940 879 1026 952 Quae
1051 880 1190 954 viderim,
1215 899 1291 960 quae
1315 878 1487 953 didicerim,
1514 876 1605 938 nimis

240 971 305 1051 jam
337 968 459 1048 longum
487 977 581 1030 esset'
603 988 769 1031 recensere.
829 967 985 1032 Summam
1021 969 1202 1031 narrationis
1237 967 1301 1048 ipse
1337 966 1411 1029 mihi
1443 965 1607 1029 delineasti

242 1056 410 1120 verissimis
433 1057 554 1119 verbis:
579 1078 636 1120 uon
661 1063 774 1120 metum
797 1076 874 1132 esse,
909 1067 942 1120 ut
974 1078 1021 1120 me
1050 1057 1206 1138 poeniteat
1235 1056 1362 1119 itineris.
1402 1055 1485 1119 Nam
1508 1062 1541 1116 et
1569 1055 1606 1117 de

245 1145 392 1209 sumtibus
416 1164 557 1209 accessus
581 1146 640 1208 mei
663 1155 785 1209 cautum
808 1166 875 1208 esse
899 1148 971 1209 mihi
994 1147 1099 1221 voluit,
1123 1147 1150 1208 si
1173 1144 1352 1220 voluissem,
1375 1152 1409 1207 et
1431 1143 1468 1205 de
1492 1142 1607 1205 viatico

244 1233 284 1297 ad
306 1233 435 1297 reditum
458 1235 630 1296 necessario
655 1234 805 1297 Viennam
828 1254 922 1314 usque
945 1235 1110 1315 prospexit.
1161 1234 1284 1296 Summa
1312 1251 1383 1295 vero
1411 1231 1606 1294 tractationis

244 1329 366 1386 nostrae
391 1323 448 1386 fuit
470 1323 554 1396 haec,
579 1331 613 1384 ut
634 1333 811 1401 procuraret
833 1323 905 1385 mibi
929 1325 1031 1405 Tycbo
1055 1325 1160 1386 literas
1185 1320 1338 1396 Caesaris,
1362 1320 1469 1402 quibus
1494 1328 1527 1382 et
1549 1338 1607 1383 ro-

243 1429 329 1474 carer
350 1411 381 1473 in
405 1411 587 1474 biennium'
580 1431 608 1473 ιιι
631 1411 826 1487 Bobemiam‚
852 1411 1039 1474 maturandis
1054 1411 1211 1493 Tychonis
1229 1409 1421 1484 editionibus,
1442 1417 1477 1471 et
1492 1408 1607 1471 nihilo-

244 1499 341 1583 minus
371 1500 514 1563 salarium
545 1519 643 1563 meum
671 1500 700 1562 in
729 1499 833 1582 Styria
861 1500 995 1562 obtinere
1023 1519 1164 1580 possem:
1196 1497 1406 1579 suppeditaret
1433 1506 1465 1560 et
1488 1488 1610 1561 samma

244 1576 344 1651 itineri
367 1590 555 1652 necessarios
579 1590 618 1651 ad
643 1588 786 1650 familiam
815 1589 1077 1651 transferendam:
1107 1588 1214 1668 quibus
1238 1608 1258 1648 a
1288 1606 1334 1648 me
1362 1578 1552 1668 prepositis
1558 1586 1609 1648 in-

246 1695 341 1781 snper·
359 1677 473 1757 adjecit
498 1687 670 1740 curaturum
698 1697 745 1752 se,
770 1686 805 1739 ut
827 1676 980 1740 minimum
1006 1675 1100 1741 100
1093 1695 1215 1757 iusuper
1237 1675 1408 1763 thaleros'
1400 1695 1429 1737 ιιι
1458 1662 1610 1767 Bob'nmia

245 1767 402 1848 accipiam.

333 1855 410 1918 Huic
442 1861 545 1917 nostro
582 1861 672 1933 pacto
706 1872 765 1915 ιιοιι
789 1853 894 1916 dubito
927 1855 995 1934 quin
1026 1856 1141 1916 faveas.
1188 1852 1303 1914 Verum
1332 1870 1402 1914 ecce
1426 1852 1515 1915 tibi
1506 1866 1607 1933 tmpe-

246 1944 411 2008 dimentum
435 1952 467 2005 et
491 1943 598 2004 faciem
622 1962 719 2005 rerum
753 1962 885 2005 mearum
914 1945 1004 2022 plane
1032 1942 1224 2006 contrariam.
1270 1941 1368 2002 Domo
1396 1940 1510 2003 discesi
1540 1960 1608 2004 cnm

244 2031 333 2096 vania
355 2032 552 2112 magistratus
576 2031 654 2107 mei;
678 2032 806 2095 reditum
830 2049 927 2093 meum
945 2031 996 2094 ubi
1015 2032 1076 2094 illis
1091 2028 1267 2108 significavi,
1286 2028 1472 2108 diligentiam
1487 2029 1608 2133 quidem

245 2121 473 2194 collaudatunt,
499 2128 631 2182 ceterum
654 2122 837 2182 verbotenus
860 2128 1039 2191 suaserunt,
1074 2139 1105 2181 re
1132 2120 1201 2199 ipsa
1223 2118 1278 2179 sub
1303 2117 1485 2180 dimissionis
1510 2119 1606 2202 inter-

245 2210 409 2272 minatione
433 2210 633 2311 imperarunt,
670 2216 704 2271 nt
726 2207 861 2289 reposita
888 2209 917 2271 in
942 2227 1087 2288 praesens
1117 2207 1303 2270 astronomia
1331 2194 1521 2270 medicinam
1528 2224 1611 2276 ιιι
1640 2254 1644 2260 -

246 2298 414 2379 plecterer,
440 2297 629 2377 animumque
654 2320 673 2359 a
700 2297 957 2378 speculationibus
989 2297 1123 2377 pulchris
1150 2297 1247 2374 magis
1289 2314 1377 2376 quam
1409 2297 1465 2358 boc
1492 2283 1608 2359 difficili

246 2396 380 2469 ternpore
404 2385 589 2449 salutaribus
620 2387 660 2448 ad
683 2405 784 2449 curam
807 2386 949 2448 utilitatis
972 2387 1111 2466 publicae
1135 2386 1332 2447 traducerem.

333 2475 377 2539 Et
400 2476 470 2556 quia
493 2477 696 2554 experimento
719 2475 927 2556 probaveram,
952 2493 1042 2554 posse
1068 2495 1116 2537 me
1141 2475 1229 2535 domo
1252 2493 1321 2534 mea
1344 2491 1458 2546 carere,
1482 2471 1606 2536 brnen-

244 2565 327 2629 aibus
351 2564 459 2628 itinere
482 2565 646 2627 Bohemico
674 2565 858 2638 consumtis,
897 2572 1075 2633 suasemnt.
1114 2573 1148 2626 ut
1180 2555 1235 2624 sub
1263 2563 1398 2623 autumni
1427 2571 1547 2642 tempus
1578 2562 1607 2624 in

245 2654 367 2717 ltaliam
389 2653 472 2727 irem,
498 2654 665 2716 medicinae
688 2673 791 2716 causa.
839 2651 874 2715 Si
897 2671 1006 2714 causas
1030 2672 1133 2714 omnes
1162 2651 1313 2732 explicare
1341 2651 1469 2725 vellem,
1500 2651 1608 2730 quibus

243 2743 309 2823 jam
333 2743 364 2804 in
385 2741 562 2804 Bohemiarn
586 2744 696 2824 rapior,
717 2743 784 2822 jam
808 2742 836 2803 in
861 2742 992 2815 Italiam,
1016 2749 1134 2821 tempus
1158 2749 1295 2802 tererem.
1340 2737 1466 2801 Summa
1489 2739 1607 2802 delibe-

244 2830 371 2895 rationis
394 2849 480 2893 meae
503 2832 579 2894 baec
603 2840 670 2894 est:
703 2830 789 2912 cupio
822 2831 920 2892 adhuc
950 2849 1044 2892 annos
1069 2831 1184 2910 aliquot
1206 2829 1236 2890 in
1260 2828 1470 2890 astronomicis
1494 2846 1607 2890 consu-

246 2937 337 2993 mere,
360 2926 485 2999 propter
508 2921 679 3001 Tychouem
704 2919 886 2981 ditissimum
909 2938 1006 2981 rerum
1030 2921 1134 2981 barum
1158 2936 1386 2998 possessorem:
1410 2917 1474 2977 sive
1503 2917 1535 2979 id
1555 2919 1610 2980 liat

247 3007 462 3077 inBobemia.
487 3009 559 3084 sive,
586 3009 666 3090 qued
689 3008 805 3081 malim,
830 3007 878 3069 hic
904 3007 1033 3070 Graetii.
1081 3009 1204 3070 Interea
1225 3006 1384 3087 paullatim
1408 3005 1438 3066 in
1462 3005 1612 3068 medicina

243 3096 454 3176 progrederer.
500 3098 551 3159 Ad
584 3099 640 3160 hoc
670 3097 841 3158 institutum
870 3115 944 3177 opus
968 3097 1039 3159 mihi
1068 3106 1117 3159 est
1143 3095 1367 3158 continuatione
1391 3095 1504 3168 salarii,
1530 3094 1609 3176 quod

246 3183 286 3247 ab
309 3182 473 3247 Ordinibus
495 3186 584 3266 hujus
607 3186 777 3267 provinciae
801 3184 907 3260 habeo,
929 3204 1004 3265 opus
1027 3195 1059 3248 et
1073 3187 1236 3248 securitate
1255 3186 1283 3246 in
1304 3183 1458 3264 religionis
1473 3184 1608 3263 negotio,

246 3291 336 3355 quam
357 3282 515 3352 praestare
538 3275 677 3355 princeps
699 3280 818 3356 potest,
847 3275 926 3355 quali
951 3275 1043 3336 etiam
1066 3275 1169 3354 Tycbo
1193 3275 1248 3335 snb
1272 3271 1407 3335 Caesare
1431 3272 1541 3334 iruitur
1563 3272 1610 3345 (in

248 3380 349 3443 marg:
373 3363 510 3444 utrinque
534 3383 581 3426 me
601 3372 689 3425 extra
711 3371 823 3425 metum
846 3383 914 3425 esse
939 3367 1084 3443 oportet).

334 3448 364 3514 Α
388 3459 418 3512 te
442 3470 523 3526 vero,
547 3453 591 3516 Μ.
616 3453 687 3527 Vir,
712 3453 768 3514 hoc
791 3459 881 3531 peto,
905 3453 1031 3532 primum
1055 3461 1089 3514 ut
1110 3452 1265 3514 consultor
1288 3451 1360 3511 mihi
1383 3448 1515 3528 optimus
1539 3467 1609 3510 esse

244 3538 336 3614 velis,
361 3539 482 3614 deinde,
507 3541 572 3602 sive
596 3541 692 3613 aliud,
716 3540 781 3602 sive
805 3541 877 3615 hoc,
901 3542 979 3623 quod
1004 3560 1060 3619 ego
1084 3540 1180 3620 elegi,
1205 3539 1352 3613 suaseris,
1387 3538 1430 3601 uti
1453 3538 1555 3600 media
1578 3547 1612 3601 et

244 3627 359 3691 indices
383 3636 415 3690 et
439 3629 667 3705 subministres,
692 3648 816 3711 quornm
839 3631 967 3693 alterum
990 3631 1082 3711 probe
1106 3630 1200 3703 nosti,
1227 3629 1353 3689 alterum
1376 3629 1474 3708 polles
1497 3626 1608 3689 illustri

246 3717 312 3779 loco
335 3719 529 3792 constitutus,
554 3719 583 3780 in
608 3720 665 3780 hac
688 3718 867 3798 pracsertim
890 3719 1130 3788 Monacbiensis.
1155 3716 1338 3780 Graezensis
1371 3727 1403 3778 et
1425 3712 1609 3779 Bobemicae

245 3805 333 3868 aulae
357 3814 461 3868 mutua
484 3808 668 3869 connexione
692 3815 725 3868 et
746 3808 965 3884 praestantium
989 3808 1152 3870 autoritate
1178 3805 1306 3867 virorum
1330 3805 1449 3868 notitia.

335 3891 477 3968 Quaeris,
503 3896 545 3969 si,
571 3896 648 3975 qnod
679 3896 727 3957 hic
761 3896 856 3956 habco
880 3897 1036 3970 salarium,
1071 3916 1137 3958 cum
1161 3912 1304 3956 caesareo
1333 3895 1434 3955 forsan
1463 3894 1609 3973 ampliore

247 3988 501 4057 commutaretur,
533 3983 583 4065 qni
615 3986 644 4047 id
678 3984 749 4047 mihi
783 3985 823 4046 sit
857 3994 1015 4064 acceptum
1044 3985 1196 4047 futurum?
1242 3982 1375 4045 Primum
1403 4001 1562 4063 separarer
1590 4002 1609 4044 a

251 4066 367 4152 Styria,
392 4072 439 4133 cui
463 4091 529 4134 sum
553 4074 697 4135 astrictus
720 4073 822 4136 multis
847 4072 1125 4136 necessitudinibus.
1152 4073 1185 4134 ld
1209 4071 1359 4133 vinculum
1382 4073 1411 4135 in
1436 4090 1528 4134 uxore
1543 4090 1612 4134 mea

247 4157 372 4238 ejusque
405 4159 492 4222 bonis
525 4161 692 4242 stringitur.
739 4161 856 4223 Deinde
889 4181 936 4224 me
970 4163 1100 4241 vestigia
1130 4168 1252 4223 terrent.
1300 4160 1420 4242 Tycho‚
1454 4163 1501 4223 vir
1530 4159 1610 4223 tanti

248 4246 385 4320 nominis,
411 4254 498 4311 tauta
522 4248 666 4312 Caesaris
690 4250 800 4330 gratia,
826 4269 923 4311 annuo
948 4270 1002 4313 suo
1026 4251 1176 4331 stipendio
1199 4249 1331 4311 maxima
1345 4269 1412 4311 curn
1431 4249 1609 4312 difficultate

247 4334 297 4396 vix
320 4337 454 4415 potitur,
479 4358 515 4399 ac
539 4358 612 4399 sane
637 4339 757 4410 nescio,
782 4359 819 4399 an
843 4339 958 4417 potitus
982 4340 1042 4402 sit:
1077 4359 1153 4420 quae
1184 4358 1276 4399 causa
1305 4339 1518 4400 meditationes
1543 4337 1609 4418 ejus

247 4423 440 4487 vehementer
463 4426 575 4488 turbat.
624 4425 703 4497 Quid
734 4444 805 4503 ergo
836 4427 943 4488 deme
968 4429 1097 4491 futurum
1126 4427 1232 4489 esset?
1278 4429 1326 4489 An
1351 4446 1409 4487 nou
1434 4446 1481 4488 mo
1505 4445 1608 4488 meos·

247 4532 302 4594 que
328 4514 356 4574 in
382 4525 534 4576 extremas
559 4515 714 4592 angustias
740 4516 804 4576 loco
828 4517 985 4595 peregrino
1008 4516 1217 4597 conjicerent?
1254 4516 1338 4577 Haec
1362 4535 1455 4578 cansa
1478 4524 1535 4586 est,
1556 4532 1609 4577 cur

247 4610 300 4664 aut
323 4603 464 4664 salarium
488 4603 658 4684 Styriacum
683 4604 905 4684 quibuscunque
938 4607 1059 4668 tandem
1093 4605 1189 4666 modis
1222 4605 1461 4678 defendendum,
1486 4612 1556 4675 aut,
1582 4603 1608 4665 si

248 4709 306 4771 qua
330 4693 498 4754 necessitas
522 4702 647 4768 urgeat,
681 4691 797 4771 longius
828 4694 925 4755 adhuc
949 4694 977 4754 in
1003 4693 1195 4756 Germaniam
1226 4693 1437 4754 discedendum
1462 4700 1606 4779 statuam.

336 4780 381 4842 De
409 4781 574 4843 Werneri
599 4780 860 4843 observationibus
885 4783 946 4843 lieri
970 4792 1087 4864 potest,
1119 4792 1149 4844 ιιι
1175 4802 1221 4846 rne
1247 4782 1336 4845 fallat
1359 4782 1514 4856 neomenia,
1540 4799 1608 4843 curn
