3428 5542
719 323 880 397 mm·
1429 318 1472 387 25

124 497 208 535 rerum
225 485 456 551 typographicam
473 485 558 549 parim.
589 483 655 534 liinc
672 484 752 535 nudos
769 485 951 549 typothetarum
969 485 1035 550 operi
1052 483 1288 553 manusadmorere
1305 488 1403 547 potestr
1421 484 1473 547 ipse

129 555 376 704 milhma&
382 570 508 702 egotibi
525 636 626 686 Terram
644 636 779 703 siguificat,
799 651 848 686 non
865 637 996 694 hahemus,
1015 636 1070 687 ideo
1088 651 1131 701 pro
1149 651 1179 686 eo
1197 637 1340 687 oharamme
1358 635 1413 698 ipsa
1430 650 1476 684 ror

127 705 222 757 Terrae
240 707 370 760 scribenda
386 707 441 758 luit
478 708 612 772 (Keplerua
628 708 676 757 hoo
693 707 837 759 charactera
855 709 891 758 uti
914 708 1052 760 consuerit,
1078 709 1099 756 si
1124 722 1173 757 non
1196 709 1276 771 ipsam
1292 706 1373 770 posuit
1390 720 1475 756 rooem

125 777 228 828 Terrae.
259 778 312 829 llos
328 794 371 847 pro
389 778 430 828 iilo
448 785 533 828 notam
550 779 623 829 bodie
640 780 758 828 usitatam
778 773 835 844 [ὅ]
854 775 999 843 posuimus.)
1029 765 1149 828 Numeros
1166 779 1257 829 lraotos
1275 777 1382 827 noudum
1399 777 1476 827 habet

126 850 304 916 typographus,
322 864 396 917 quam
414 848 445 899 ob
461 864 513 900 rem
529 850 586 900 hnic
605 850 712 901 delectui
730 850 784 900 allis
804 851 1023 900 combinationibns
1039 850 1131 900 mederi
1150 864 1231 908 conor,
1250 848 1329 898 donee
1347 848 1477 911 typothata

127 921 223 985 plenius
241 936 260 972 a
275 937 315 974 me
332 922 379 974 boo
396 922 422 971 in
439 923 539 988 negotio
557 921 630 971 merit
647 922 788 971 insmuctm.
824 921 875 972 Res
893 936 942 971 non
960 927 1013 971 tam
1030 921 1109 971 tacitis
1127 927 1167 970 est
1183 935 1257 986 quam
1278 925 1395 985 potator,
1419 919 1475 970 ideo

126 1006 177 1042 non
195 1006 251 1042 raro
268 993 401 1044 tectiores
418 1008 462 1057 per
478 1007 551 1043 voces
570 993 673 1043 describi
692 994 783 1042 curari.

196 1063 253 1114 rtur
265 1065 372 1129 quotidie
385 1078 468 1114 eoram
480 1064 603 1114 adstarem
615 1063 759 1127 typothetae
776 1070 803 1114 et
819 1063 980 1129 typographo,
998 1063 1120 1113 interdum
1138 1074 1233 1128 quoque
1251 1063 1303 1126 ipse
1322 1059 1476 1111 admoverem

127 1149 232 1194 manua,
254 1137 325 1187 molti
343 1137 478 1201 irreperent
495 1149 601 1186 errores:
626 1136 736 1200 quamvis
760 1135 822 1186 torte
840 1135 961 1185 interdum
979 1135 1102 1200 quaedam
1120 1134 1273 1200 diligentiam
1290 1146 1372 1182 meam
1389 1132 1476 1198 {ugare

127 1207 260 1272 potuerint,
280 1207 402 1273 qondam
414 1212 498 1258 aotam
510 1206 657 1271 sphalmata,
676 1221 732 1256 oum
745 1221 794 1256 uon
805 1207 925 1271 potuerim
937 1207 1053 1256 continuo
1065 1220 1183 1268 praesens
1195 1217 1258 1264 esse,
1277 1203 1371 1253 nullam
1390 1208 1478 1267 postea

128 1278 305 1329 eorrection‘em
323 1278 472 1329 admiserim
509 1278 542 1328 Et
562 1277 627 1328 haec
649 1279 705 1342 ipsa
728 1284 767 1327 est
788 1291 880 1333 causa,
905 1276 969 1342 qnod
991 1283 1069 1326 totum
1087 1291 1148 1341 opus
1165 1279 1191 1325 iu
1208 1289 1248 1326 me
1266 1275 1374 1339 recipere
1391 1273 1476 1332 malni,

127 1362 202 1416 quam
220 1348 294 1400 alicui
311 1352 439 1417 magistro,
457 1351 496 1399 oui
508 1355 536 1398 tu
548 1351 702 1399 commissum
714 1355 795 1413 putes,
813 1348 957 1413 relinquere,
977 1350 1015 1397 cui
1034 1354 1060 1398 et
1077 1350 1182 1398 materia
1197 1362 1247 1396 uon
1259 1346 1336 1395 solide
1346 1351 1477 1409 perspecta

128 1427 176 1478 ast,
195 1428 221 1471 et
238 1422 280 1486 qui
296 1435 377 1472 rerum
395 1421 626 1486 typographicamm
645 1418 887 1482 (mathematicorum
904 1417 1025 1482 inprimis)
1043 1435 1092 1468 non
1110 1421 1202 1483 peritus
1221 1424 1266 1469 eet.

199 1490 272 1553 Quae
289 1494 316 1543 io
334 1493 424 1556 scripto
442 1497 484 1542 tuo
502 1492 610 1556 paucula
626 1493 735 1549 mutari,
760 1492 855 1542 leniora
870 1491 992 1541 interdum
1010 1491 1130 1540 voeabula
1147 1489 1273 1554 ponendo,
1298 1488 1391 1538 videbis
1409 1488 1477 1552 ipsu

124 1565 180 1628 jam
198 1577 231 1614 aa
247 1565 352 1615 seribere
370 1579 419 1614 nou
436 1578 544 1629 possum.
571 1562 719 1613 Praesertim
736 1562 800 1628 qnod
817 1563 924 1627 pertinet
941 1562 974 1611 ad
992 1562 1095 1627 flguram
1114 1567 1261 1625 postremum
1278 1572 1336 1625 pag.
1356 1555 1390 1609 78
1410 1555 1477 1623 (cap.

127 1633 208 1691 mr,
226 1634 269 1702 dg.
281 1632 325 1703 tt,
353 1633 437 1700 Comp.
458 1641 525 1684 anot
546 1630 591 1695 bl)
609 1639 688 1684 totum
710 1635 816 1692 mutari,
840 1635 897 1698 quia
913 1634 1009 1697 lapsum
1027 1638 1053 1683 te
1070 1632 1133 1691 vidi;
1152 1646 1211 1682 nam
1228 1645 1278 1681 non
1296 1629 1316 1680 C
1334 1630 1378 1680 sed
1396 1629 1420 1679 ll
1440 1635 1478 1679 est

127 1712 240 1756 aeneum
259 1707 396 1772 aequantia
434 1706 569 1771 Agnosces,
588 1719 667 1769 sparo,
685 1705 711 1756 id
729 1719 807 1770 aequo
825 1707 915 1755 animo.
953 1703 1025 1764 Quae
1043 1705 1108 1754 enim
1126 1718 1143 1754 a
1160 1718 1200 1753 me
1219 1704 1288 1753 lacta
1306 1709 1379 1759 sont,
1397 1702 1423 1750 in
1440 1701 1476 1750 tui

127 1779 237 1844 gratiam
256 1784 283 1828 et
301 1792 331 1828 ex
348 1778 492 1843 integritate
511 1777 600 1826 amoris
618 1791 678 1842 erga
692 1782 718 1826 te
736 1777 792 1827 ieci.

200 1849 307 1906 Addidi,
325 1854 352 1900 te
370 1849 467 1913 quidem
484 1849 584 1898 inscio
609 1854 639 1898 et
660 1848 853 1905 inconsulto,
878 1846 1097 1897 Narrationem
1116 1843 1257 1899 Rhetlci.
1281 1858 1298 1894 a
1315 1858 1354 1894 me
1372 1843 1476 1893 revisam

128 1923 156 1970 et
167 1919 334 1971 schematibus
346 1926 454 1978 auctam,
472 1933 525 1970 una
542 1934 598 1969 oum
615 1933 673 1970 mea
689 1920 857 1982 praelatione;
876 1932 908 1969 es
925 1933 990 1968 nnnc
1008 1918 1053 1967 snb
1066 1917 1159 1981 prelum
1175 1918 1211 1966 ire
1224 1917 1316 1980 incipit,
1339 1930 1394 1966 eom
1411 1919 1478 1979 post·

128 1993 203 2042 remis
221 1992 271 2042 tuis
288 1991 399 2059 pagellis.
437 1990 513 2055 Spero
532 1997 630 2047 autem,
650 2004 706 2041 eum
723 1991 767 2039 tibi
785 2005 834 2040 uon
852 1990 966 2041 dedecori
983 1989 1098 2039 loturam.

201 2061 292 2114 cetera
309 2064 335 2113 in
353 2062 420 2112 aliud
436 2064 532 2126 tempos
549 2076 674 2112 reservare
692 2076 773 2128 cogor.
810 2060 987 2126 'l'ypograpbua
1005 2061 1162 2125 conqueritur
1179 2059 1210 2110 de
1229 2059 1348 2108 sumtibus
1366 2055 1477 2107 schema·

129 2140 192 2191 tum,
209 2135 341 2198 praecipua
360 2133 391 2185 de
410 2148 452 2191 eo,
471 2133 535 2198 quod
554 2135 605 2182 aeri
622 2133 726 2196 insculpi
745 2134 845 2182 comsit
883 2133 933 2184 Sed
951 2132 982 2182 de
999 2131 1038 2181 his
1055 2133 1107 2194 ipse
1126 2130 1257 2195 aliquando
1275 2130 1374 2179 scribet.

200 2204 265 2256 Vale
282 2205 430 2256 felicissime.
467 2206 558 2254 Actum
576 2205 728 2268 rapidissimo
746 2204 850 2255 calamo.
888 2202 930 2253 15.
950 2200 1009 2266 (²5)
1027 2202 1089 2253 Nor.
1108 2200 1151 2252 tt.

200 2275 256 2328 RS.
293 2276 347 2327 Etsi
363 2283 462 2340 praeter
480 2277 688 2339 exspectationem
705 2277 809 2325 nuncius
834 2275 924 2325 diutim
948 2281 1064 2334 maneat,
1091 2274 1145 2324 aliis
1170 2279 1254 2322 tamen
1279 2266 1480 2335 occupationibos

127 2348 231 2399 obrutus
248 2362 296 2399 uec
314 2348 359 2398 tibi
377 2362 424 2398 uae
441 2347 500 2397 mihi
523 2346 667 2397 satisfacere
690 2361 795 2411 possum.
834 2346 872 2397 Ne
896 2353 980 2397 tamen
1004 2345 1064 2395 nihil
1088 2345 1194 2402 iaciam,
1220 2343 1481 2406 adjiciopostremam

126 2418 269 2486 plagulam,
288 2419 373 2470 rodem
391 2419 489 2484 quidem
507 2424 533 2468 et
550 2418 657 2468 nondum
675 2424 810 2468 correctam
828 2417 861 2467 ad
878 2418 991 2482 prelum:
1004 2417 1067 2467 sicut
1084 2416 1159 2466 rides.
1196 2414 1226 2465 ln
1244 2427 1276 2464 ea
1292 2413 1394 2479 plagula
1411 2411 1479 2462 sides

127 2497 226 2556 partem
244 2490 404 2555 praefationis
421 2504 502 2545 meae.

201 2562 341 2628 ,Plagola“
354 2562 417 2612 haec
429 2559 559 2612 reserenda
575 2566 612 2610 est
627 2560 660 2609 sd
673 2559 749 2608 rerba
762 2560 816 2617 „Ab
827 2558 874 2609 hoo
886 2560 960 2625 igitur
972 2557 1096 2622 tempme‘
1111 2565 1158 2609 eto.
1173 2555 1242 2623 (pag.
1251 2570 1301 2620 seq.
1313 2552 1368 2615 tt),
1387 2553 1482 2617 reliqna

131 2632 279 2683 llaeatlinus
306 2635 396 2698 partim
419 2633 531 2699 integra,
556 2632 646 2695 partim
671 2631 810 2679 summatim
834 2632 948 2695 proponit
974 2628 1081 2694 Keplero
1106 2631 1131 2679 in
1156 2629 1307 2693 poatsoriptie
1333 2623 1413 2687 (dd.
1440 2620 1481 2672 ib.

132 2700 190 2766 (tt)
208 2701 287 2766 Nor.)
305 2718 370 2770 quae
387 2703 425 2753 his
444 2703 584 2754 concludit:
611 2701 652 2770 De
670 2702 771 2751 adverso
790 2709 816 2750 et
838 2703 1007 2764 inexspectato
1032 2705 1101 2750 statu
1123 2700 1270 2749 matrimonii
1292 2697 1328 2756 toi
1351 2711 1382 2746 ex
1400 2697 1481 2746 animo

131 2775 217 2834 deleo;
243 2775 288 2826 sed
312 2791 397 2841 spero,
423 2774 505 2825 Deum
523 2775 636 2824 daturum
654 2773 763 2823 meliora.
800 2772 847 2822 Pro
865 2775 926 2822 meis
944 2773 1066 2822 laboribus
1086 2777 1111 2822 et
1128 2785 1183 2821 meo
1207 2783 1268 2834 arga
1289 2775 1315 2818 te
1334 2782 1417 2818 amore
1435 2780 1481 2833 ago

129 2846 224 2897 nullam
243 2846 319 2898 aliern
337 2848 561 2911 compensatiouem
580 2852 647 2909 peto,
666 2859 739 2910 qnam
756 2849 794 2899 ut,
811 2846 876 2894 sicut
893 2844 963 2900 iacis,
982 2859 1022 2893 me
1040 2842 1159 2893 redames.
1191 2841 1272 2891 Unum
1290 2848 1375 2890 tamen
1394 2843 1420 2889 et
1436 2837 1483 2888 hoo

128 2925 198 2983 pcto,
218 2919 239 2968 si
257 2919 314 2982 qnid
333 2920 431 2968 omnino'
449 2917 508 2967 mibi
526 2917 728 2966 remunerationis
746 2916 799 2964 loco
818 2916 979 2970 constituisti,
998 2915 1025 2964 id
1042 2913 1096 2963 aliis
1114 2928 1164 2963 non
1181 2915 1217 2962 sic
1236 2911 1342 2968 soribss,
1360 2909 1399 2959 rel
1417 2908 1483 2974 apud

129 2989 193 3040 alios
210 2990 361 3055 proclames.
383 2989 527 3054 praesertim
549 3004 593 3053 per
615 3002 676 3053 quoa
694 2988 727 3038 ad
745 2986 828 3037 aulam
846 2987 1076 3052 wirtembergicam
1094 2999 1125 3035 ea
1141 2998 1181 3035 res
1199 2983 1286 3034 deferri
1303 2987 1395 3046 posset.
1431 2978 1482 3031 De·

128 3061 224 3112 latores
243 3067 270 3112 et
288 3060 474 3118 obtrectatores,
493 3064 521 3110 ot
537 3060 611 3117 nosti,
629 3059 699 3120 rarii,
717 3058 802 3108 iaciles
820 3065 846 3109 at
863 3057 934 3108 multi
951 3064 1017 3108 suut.
1052 3056 1123 3123 Rogo
1142 3071 1209 3122 ergo,
1227 3059 1300 3106 utet
1316 3053 1376 3102 milri
1394 3057 1420 3102 et
1436 3051 1480 3101 tibi

129 3135 157 3184 in
175 3147 205 3184 eo
223 3146 321 3197 parcas.
357 3133 410 3199 ligo
428 3138 486 3182 tuus
505 3146 566 3182 snm.
602 3130 667 3181 Vale
685 3131 784 3194 optime.

203 3202 276 3265 Quae
296 3204 459 3262 „matrimonii
477 3201 586 3253 statnm“
605 3201 708 3265 Kepleri
727 3202 849 3260 attinent,
868 3199 961 3249 nullam
981 3200 1011 3250 de
1029 3201 1067 3249 his
1087 3198 1193 3249 antehac
1212 3198 1245 3247 ad
1262 3194 1421 3245 Maestlinnm
1440 3193 1482 3244 de·

132 3275 206 3326 derat
224 3275 359 3339 epistolm
396 3273 530 3324 Nunciavlt
547 3275 608 3323 torte
631 3273 695 3322 talia
712 3270 883 3322 Haienreiiem
906 3271 944 3320 vel
962 3270 1082 3326 Besoldo,
1109 3278 1165 3319 cum
1186 3269 1273 3334 quibus
1295 3273 1347 3316 tum
1369 3266 1485 3330 temporis

130 3346 211 3396 multa
228 3361 273 3410 per
283 3346 368 3397 literas
380 3347 440 3412 egit.
467 3345 497 3395 ln
508 3346 585 3396 literis
597 3344 754 3409 sequentibus
774 3341 809 3407 (p.
823 3339 869 3404 29)
887 3343 958 3407 plura
974 3343 1023 3393 isac
1042 3343 1072 3392 de
1085 3357 1111 3392 re
1123 3340 1198 3391 refert
1208 3338 1330 3403 Kepleros
1342 3336 1483 3388 llaestlino.

205 3416 395 3478 ,itmatonem
412 3417 554 3468 Rhaetici“'
564 3431 637 3481 quum
656 3414 778 3465 addiderit
789 3413 936 3464 Maestlinus
948 3414 1079 3464 Prodromo
1100 3411 1192 3471 ,inscio
1211 3417 1237 3462 et
1253 3407 1417 3466 inconsulto“,
1435 3407 1483 3465 rel,

130 3494 161 3540 ut
179 3504 194 3538 e
211 3490 370 3554 amnentibm
388 3489 490 3554 patebit,
508 3488 583 3538 inrito
601 3486 719 3551 Keplero,
737 3501 841 3551 cumque
858 3485 902 3536 illa
919 3499 1005 3552 parum
1023 3485 1085 3536 locis
1104 3482 1194 3534 silent
1211 3482 1278 3547 operi
1295 3481 1350 3546 ipsi,
1371 3494 1422 3530 noo
1439 3478 1483 3530 ad·

131 3559 242 3611 tentam
260 3574 315 3611 eam
334 3562 473 3612 censuimus
490 3559 547 3611 huic
566 3558 674 3609 editioni.

204 3631 384 3683 Praelatio
402 3638 486 3683 autem
504 3630 683 3681 Maestllni
701 3628 764 3679 haee
782 3634 835 3678 est:

516 3775 557 3829 M
580 3774 700 3830 Micloel
720 3773 852 3828 Macellin
874 3771 1100 3845 Goeppisrgesscie,

670 3849 788 3901 Cossds'do
806 3847 910 3900 Lectori
929 3847 957 3900 S.

203 3948 284 4001 Recte
303 3950 436 4002 sl'latone
453 3951 590 4015 geometria
607 3955 633 4000 et
650 3947 807 4000 arithmetica
824 3947 880 3997 alae
893 3948 1058 3997 astronomiae
1071 3944 1233 4010 appellantur.
1262 3941 1403 3993 Geometria
1420 3941 1485 3991 euim

132 4024 160 4073 iu
178 4021 279 4072 coelesti
298 4036 410 4087 corpore,
434 4022 499 4087 quod
516 4028 635 4086 quantum
653 4027 692 4070 est
708 4020 835 4085 globosum
852 4026 879 4069 et
896 4017 1008 4068 circulari
1025 4025 1094 4067 moto
1111 4015 1256 4082 regulariter
1272 4012 1374 4074 mobile,
1393 4027 1424 4063 aa
1442 4012 1484 4062 ob·

133 4092 313 4144 mationibus
332 4094 431 4144 dirersis
449 4093 597 4158 temporibus
614 4092 704 4142 habitis
726 4105 777 4140 noo
795 4096 891 4140 tautum
909 4091 974 4139 riam
992 4089 1119 4139 stellarum
1135 4087 1242 4143 invenit,
1270 4084 1408 4135 sedetiam
1425 4085 1484 4133 irra-
1596 4102 1598 4107 ·

133 4163 275 4230 garrirem
293 4166 492 4229 apparentiamm
510 4180 540 4214 ex
556 4164 708 4231 regularibus
726 4162 830 4212 motibus
848 4163 955 4212 rationes
973 4160 1068 4215 reddit,
1096 4172 1228 4223 eammqoe
1252 4163 1333 4208 certas
1358 4167 1486 4205 mensuras

133 4234 264 4300 patefacit,
283 4242 358 4301 atque
369 4250 496 4300 corporum
507 4236 603 4285 illorum
618 4234 757 4285 sublimium
772 4233 953 4298 magnitudines
971 4240 999 4282 ut
1017 4238 1042 4281 et
1060 4230 1202 4281 altitudines
1215 4228 1374 4278 demonstrat
1402 4224 1484 4276 Arith-

133 4307 229 4357 metica
250 4314 351 4363 autem.
377 4308 434 4358 dum
455 4307 528 4370 hujus
546 4308 632 4372 quanti
650 4307 756 4370 corporis
773 4311 856 4368 partes
874 4305 899 4353 in
917 4319 1030 4354 numeros
1049 4303 1162 4365 conjicit,
1184 4300 1240 4350 illas
1262 4297 1444 4364 magnitudines
1462 4302 1488 4346 et

133 4376 279 4429 alh'totlines
297 4380 406 4436 metitur,
424 4379 570 4443 tabulasque
589 4377 680 4432 condit,
699 4377 832 4441 exquibus
851 4375 884 4425 ad
901 4376 1000 4439 quodvis
1018 4375 1103 4424 datum
1121 4380 1217 4436 tempus
1235 4370 1361 4421 stellarum
1379 4369 1485 4418 omnium

133 4449 201 4506 loca,
220 4450 331 4514 adeoque
348 4456 403 4500 tota
421 4451 482 4501 ooeli
499 4451 576 4500 facies
595 4449 728 4500 exhibetur.
765 4448 820 4497 Etsi
838 4452 921 4497 autern
939 4447 988 4497 ista
1005 4445 1151 4496 admiranda
1169 4449 1196 4493 et
1214 4442 1292 4493 ardoa
1309 4442 1373 4497 sint,
1399 4438 1486 4489 harum

134 4528 223 4571 tamen
241 4520 336 4571 alarum
353 4522 462 4587 remigiia
479 4522 512 4571 ad
530 4521 603 4587 louge
621 4521 709 4571 altiora
727 4519 853 4569 subvolare
872 4534 916 4569 nos
935 4518 1035 4570 eximius
1057 4516 1097 4567 hic
1119 4521 1203 4565 noster
1220 4512 1428 4569 Mathematicus,
1450 4509 1485 4560 M.

135 4591 276 4642 loannes
293 4591 465 4656 Keplerus,
485 4593 563 4643 docet.
594 4592 689 4658 Magna
706 4605 768 4642 sane
785 4596 851 4648 sunt,
870 4605 934 4653 quae
952 4588 1058 4640 artifices
1077 4586 1210 4637 astronomi
1227 4585 1276 4636 hoo
1293 4598 1369 4648 osque
1387 4582 1486 4633 iurene-

134 4668 209 4713 rnnt:
228 4665 404 4715 nmeoomium
421 4670 506 4714 tamen
523 4663 643 4715 hactenus
661 4677 745 4712 omnes
763 4677 812 4712 non
830 4661 878 4710 nisi
896 4661 912 4710 t
929 4667 998 4726 tergo
1017 4659 1096 4710 adorti
1114 4665 1179 4716 sunt,
1199 4663 1295 4708 ettam
1306 4661 1395 4712 motus,
1413 4666 1487 4718 quam

135 4734 323 4799 magnitudines
341 4742 367 4785 et
385 4734 516 4786 distantias
534 4750 564 4785 er
581 4735 638 4785 soils
656 4733 864 4785 observationibus
888 4733 1008 4798 indagare
1033 4731 1177 4780 docueruut.
1212 4729 1252 4778 An
1271 4732 1354 4778 autem
1372 4726 1389 4774 t
1404 4724 1487 4790 priori,

135 4805 190 4855 sire
207 4804 224 4855 l
241 4805 322 4857 tronto
339 4806 403 4857 ullos
420 4807 470 4857 ista
487 4806 629 4856 dimetiendi
647 4811 734 4870 pateat
752 4805 848 4863 aditos,
870 4804 908 4854 rel
926 4818 992 4853 anne
1014 4802 1066 4854 ulla
1090 4801 1155 4859 elim
1180 4810 1279 4865 praeter
1296 4797 1486 4856 observationes,

137 4876 291 4950 gsometica
308 4892 395 4930 norma
411 4879 523 4931 inventos
540 4883 650 4931 motuum
669 4882 695 4929 et
711 4876 878 4942 quantitatum
896 4888 1009 4926 numeros
1027 4871 1184 4931 examinandi
1201 4870 1287 4923 haberi
1308 4868 1400 4936 possit,
1427 4867 1489 4922 nulli
