3428 5542
688 324 770 391 capus
788 325 879 378 xxm.
1046 366 1053 379 -
1399 321 1460 390 185

16 468 24 475 ’
105 488 206 549 drans.
254 483 356 567 Caput
379 493 478 549 autem
503 486 534 549 in
558 486 674 560 libram,
701 494 733 548 et
756 487 881 548 caudam
906 487 934 548 in
958 487 1082 550 arietem
1106 489 1213 563 refero,
1239 495 1273 549 ut
1295 487 1337 549 sit
1359 487 1389 549 in
1412 505 1465 548 ra-

105 577 210 639 tionali
234 576 295 639 situ
318 595 385 638 cnm
407 576 514 649 Luna,
546 575 659 654 absque
693 576 797 655 eclipsi
826 584 947 650 tamen,
981 584 1013 639 et
1039 584 1073 639 ut
1097 578 1184 639 Luna
1212 576 1253 638 ait
1282 576 1311 637 in
1336 575 1466 637 maximo

106 666 200 728 limite
224 665 326 729 boreo.
371 664 441 725 Erit
467 664 559 744 igitur
582 664 678 725 Terra
705 664 817 725 oculari
850 665 940 726 etiam
973 665 1073 745 positu
1106 666 1206 727 media
1239 664 1317 726 inter
1349 665 1465 740 stellas,
1574 732 1578 749 .

100 755 183 817 sicut
207 754 289 816 orbis
313 754 378 833 ejus
401 753 480 815 inter
504 753 591 814 orbes
616 753 743 813 medinm
769 755 865 814 locum
888 763 971 815 certo
994 754 1052 816 Dei
1076 753 1200 816 consilio
1225 752 1382 827 obtinuit„
1399 752 1468 834 qnia

105 843 204 905 omnia
226 851 350 923 propter
372 841 531 903 hominem.
579 839 667 912 Quod
691 841 717 903 si
740 839 845 904 Solem
869 843 960 904 etiam
990 843 1038 904 hic
1062 842 1092 904 in
1116 842 1152 919 Υ
1175 844 1273 916 loces,
1307 842 1367 905 erit
1393 839 1414 919 ii
1437 841 1467 903 in

106 943 163 1008 Δ,
188 939 220 994 et
241 934 268 1004 h
289 932 318 993 in
335 946 377 1005 ee,
403 931 573 1011 etreliqua
596 930 744 992 similiter.
779 929 922 992 Sumendi
945 939 1045 994 antem
1069 939 1169 993 motus
1192 932 1293 1003 medii,
1318 951 1389 993 nam
1411 931 1468 993 bos

106 1023 135 1083 in
159 1020 305 1101 principio
329 1038 436 1082 cursus
457 1039 545 1081 veros
570 1039 636 1081 esse
663 1019 812 1088 convenit,
837 1039 941 1099 nempe
961 1021 1000 1082 ab
1015 1020 1180 1084 absidibus.
1196 1018 1225 1093 ἃ)
1257 1021 1343 1081 Haec
1366 1021 1469 1100 palma

107 1110 135 1170 in
160 1110 257 1171 medio
281 1108 392 1190 posita,
417 1128 505 1188 quam
529 1116 584 1170 aut
606 1109 732 1170 similem
756 1109 781 1169 si
806 1109 871 1187 quis
896 1116 950 1171 ant
973 1129 1010 1170 ex
1034 1109 1149 1186 calculo
1174 1116 1227 1172 ant
1250 1129 1288 1170 ex
1310 1116 1468 1171 restaura-

107 1200 189 1261 tione
213 1190 418 1260 astronomiae
439 1200 568 1280 adeptus
583 1198 683 1272 inerit,
707 1199 734 1258 is
752 1197 893 1280 Phyllida
918 1198 1000 1260 solus
1024 1197 1158 1260 habebit.
1196 1198 1291 1270 „Haeo
1316 1199 1352 1259 da
1376 1196 1470 1260 initio.

196 1287 300 1349 Finem
329 1287 422 1349 motui
451 1287 563 1349 nullum
591 1306 657 1347 cum
687 1285 804 1348 ratione
838 1287 953 1360 statui,
986 1288 1157 1367 nullumque
1191 1287 1254 1348 lore
1282 1287 1470 1349 Platonicum

108 1396 218 1439 annum
242 1396 279 1437 ex
297 1377 452 1455 postulato
466 1394 523 1437 nno
538 1375 683 1455 probabo.
700 1376 727 1448 ⁸)
762 1376 859 1437 Detur
878 1396 1005 1457 namque
1030 1375 1287 1438 eccentricitatcm
1311 1395 1379 1436 esse
1405 1394 1472 1438 cum

109 1465 179 1528 orbe
203 1465 233 1526 in
257 1466 449 1549 proportione
473 1464 627 1538 rationali,
652 1472 741 1525 erunt
764 1463 855 1544 igitur
878 1465 992 1527 orbium
1016 1465 1092 1526 radii
1115 1464 1243 1526 invicem
1267 1464 1470 1537 irrationales,

109 1553 179 1635 quia
200 1552 313 1616 habent
336 1574 369 1615 se
393 1561 426 1616 nt
448 1553 584 1633 inscripti
608 1560 639 1614 et
661 1552 876 1633 circumscripti
897 1554 1079 1634 corporibus,
1105 1554 1154 1634 qui
1177 1552 1370 1616 irrationales
1389 1559 1470 1626 sunt,

110 1642 180 1725 qnia
203 1651 365 1723 sequuntur
389 1662 425 1703 ex
449 1643 566 1704 ratione
591 1641 753 1703 subtensae
777 1641 807 1703 in
832 1644 989 1722 quadrato,
1015 1651 1047 1704 et
1070 1642 1213 1705 sectionis
1229 1641 1393 1704 secundum
1416 1660 1473 1703 ex-

110 1741 236 1794 tremam
261 1740 294 1793 et
316 1732 448 1794 mediam
471 1730 634 1805 rationem,
660 1750 737 1811 quae
761 1732 818 1793 dno
842 1739 913 1794 sunt
936 1733 1075 1812 exempla
1099 1731 1320 1794 irrationalium
1342 1731 1372 1793 in
1396 1750 1471 1811 geo-

49 1895 54 1903 ·
111 1822 229 1885 metria.
264 1821 334 1883 Jam
358 1828 458 1882 antem
482 1827 581 1882 motus
604 1838 673 1881 cum
695 1819 788 1882 radiis
808 1821 838 1882 in
853 1821 1044 1902 proportione
1060 1828 1150 1895 sont;
1175 1840 1245 1900 ergo
1269 1827 1370 1882 motus
1393 1820 1473 1884 iuter

110 1931 144 1973 se
168 1909 369 1980 irrationales,
393 1916 425 1971 et
447 1909 490 1971 sic
513 1927 665 1988 nunqnam
689 1908 728 1970 ad
751 1908 829 1971 idern
853 1911 992 1973 redibunt
1014 1903 1230 1984 initiumetsi
1256 1911 1400 1971 durarent
1423 1910 1471 1973 in·

112 1999 204 2062 linitis
228 1999 360 2061 seculis:
392 1997 463 2078 qnia
485 2017 649 2077 nunquam,
677 2018 714 2059 ne
738 1998 767 2059 in
791 1999 907 2062 infinita
930 2000 1049 2079 quidem
1071 1998 1205 2061 sectione
1229 1998 1390 2079 temporis,
1419 2016 1479 2061 oc·

112 2095 245 2151 curreret
268 2086 433 2150 communis
448 2105 595 2160 mensura,
621 2105 680 2166 qua
699 2087 819 2165 saepius
841 2089 971 2169 repetita
994 2097 1128 2151 motuum
1151 2087 1280 2151 omnium
1305 2108 1381 2150 unns
1406 2095 1472 2149 ter-

113 2176 220 2251 minns,
246 2185 278 2240 et
300 2184 382 2239 meta
405 2176 476 2238 anni
490 2174 641 2239 Platonici
666 2177 879 2240 constituatur.
913 2177 955 2238 Et
974 2177 1040 2256 jam
1064 2178 1111 2239 vel
1137 2178 1259 2240 tandem
1273 2192 1349 2240 ‘cum
1373 2176 1474 2239 divino

114 2266 280 2345 Copernico
313 2265 388 2328 libet
420 2265 609 2327 exclamare:
651 2266 771 2339 „Tanta
803 2266 940 2328 nimirum
974 2268 1077 2328 divina
1109 2267 1183 2328 haec
1215 2275 1263 2328 est
1292 2265 1365 2345 Opt.
1390 2267 1475 2328 Max.
1560 2258 1565 2266 ’

114 2355 269 2429 labrica;“
295 2364 326 2416 et
341 2374 407 2416 cnm
421 2354 538 2416 Plinio:
566 2350 680 2426 „Sacer
701 2361 749 2415 est
772 2355 931 2428 (mundns)
956 2355 1127 2424 immensus,
1152 2362 1235 2417 totus
1259 2355 1289 2415 in
1315 2363 1391 2431 toto,
1415 2355 1475 2417 imo

114 2464 185 2505 vero
208 2444 274 2525 ipse
298 2453 410 2514 toturn,
434 2442 535 2504 linitus
560 2449 590 2502 et
613 2442 726 2503 infinito
751 2443 888 2505 similis.“

203 2534 248 2595 Tu
271 2553 360 2606 nunc,
392 2532 485 2594 amice
510 2531 636 2604 Lector,
666 2531 754 2592 finem
778 2532 908 2594 omnium
931 2534 1035 2595 horum
1059 2551 1096 2593 ne
1126 2531 1323 2605 obliviscare,
1353 2529 1402 2610 qui
1431 2537 1479 2590 est

115 2622 262 2702 cognitio,
292 2620 453 2683 admiratio
482 2627 513 2681 et
541 2619 697 2681 veneratio
721 2619 946 2700 sapientissimi
970 2619 1104 2701 Opificis.
1151 2621 1236 2684 Nihil
1265 2619 1344 2681 enirn
1367 2627 1416 2681 est
1440 2617 1478 2680 ab

52 2727 64 2741 ·
115 2712 210 2778 ocrdis
234 2711 273 2772 ad
296 2718 441 2784 mentem,
467 2731 486 2770 a
508 2709 574 2771 visn
600 2709 638 2770 ad
663 2709 959 2788 contemplationem,
985 2729 1004 2774 a
1028 2729 1114 2772 cursu
1140 2708 1320 2790 aspectabili
1344 2706 1382 2768 ad
1405 2725 1478 2787 pro·

116 2799 324 2864 fundissimnm
349 2797 505 2864 Creatoris
529 2797 686 2860 consilinm
709 2800 915 2876 processisse:
945 2801 969 2861 si
994 2798 1041 2860 hic
1067 2799 1219 2879 quiescere
1244 2798 1335 2872 velis,
1365 2803 1398 2857 et
1420 2813 1478 2857 non

115 2911 173 2953 nno
197 2890 311 2970 irnpetu
340 2896 463 2969 totaque
492 2887 583 2950 animi
608 2887 768 2952 devotione
794 2907 909 2950 snrsnm
934 2889 962 2949 in
988 2886 1143 2950 Creatoria
1167 2886 1323 2960 notitiam,
1349 2903 1481 2947 amorem

116 2981 286 3059 cultumque
310 2980 444 3043 efferare.
484 2975 586 3048 Quare
609 2984 696 3037 casta
715 2986 814 3038 mente
839 2985 871 3038 et
894 2987 982 3056 grato
1007 2979 1106 3039 animo
1130 2996 1243 3051 mecum
1267 2972 1481 3056 perfectissimi

116 3070 215 3150 operis
240 3067 418 3131 Architecto
442 3073 615 3146 sequentem
640 3064 781 3146 hymnum
805 3067 918 3128 accine.

340 3244 344 3249 ’
375 3244 454 3306 Jova
476 3241 570 3304 Sator
593 3241 714 3315 Mundi,
739 3251 931 3323 nostrumque
957 3251 1082 3305 aeterna
1103 3249 1259 3322 potestas,

332 3332 456 3404 Quanta
479 3339 532 3393 tna
556 3339 604 3394 est
627 3350 744 3392 omnem
769 3333 930 3392 Terrarum
955 3334 1036 3394 fama
1059 3351 1113 3411 per
1137 3331 1262 3393 orbem?

333 3421 441 3485 Gloria
465 3427 578 3501 quanta
601 3429 655 3482 tua
678 3421 751 3481 est?
789 3418 874 3482 Coeli
899 3440 974 3500 qnae
999 3421 1096 3482 didita
1119 3438 1211 3499 supra

332 3510 455 3573 Moenia
480 3510 632 3570 concussis
657 3506 741 3570 volat
765 3509 951 3570 admirabilis
975 3509 1042 3571 alis.

334 3599 486 3679 Agnoscit
509 3616 582 3678 puer
605 3605 637 3659 et
661 3607 763 3678 spreto
787 3607 873 3660 satur
895 3598 986 3660 ubere
1009 3598 1108 3660 balbis

333 3690 375 3750 Te
400 3689 533 3750 dictante
558 3687 649 3749 struit
673 3687 775 3750 valida
797 3695 976 3767 argumenta
999 3686 1139 3749 labellis:

332 3778 535 3857 Argumenta,
561 3776 667 3855 quibus
691 3776 823 3839 tumidus
847 3775 1038 3838 confunditur
1061 3774 1158 3835 bostis

334 3865 569 3945 Contemtorqne
593 3865 650 3939 tui,
676 3873 708 3926 et
730 3873 897 3927 contemtor
915 3866 992 3944 juris
1017 3873 1049 3925 et
1073 3860 1180 3942 aequi:

332 3957 394 4017 Ast
417 3973 487 4033 ego,
514 3973 570 4033 quo
594 3955 713 4016 credam
738 3954 874 4033 spatioso
897 3955 1014 4017 Numen
1038 3954 1068 4014 in
1092 3951 1182 4025 orbe,

334 4043 506 4124 Suspiciam
530 4045 678 4105 attonitus
703 4044 782 4104 vasti
807 4044 960 4105 molimina
985 4043 1074 4113 coeli,

333 4133 439 4213 Magni
463 4150 537 4211 opus
561 4133 711 4206 Artificis,
735 4132 856 4194 ualidae
879 4132 1025 4194 miracula
1049 4131 1195 4204 dextrae;

334 4221 473 4303 Quinque
498 4220 541 4282 nti
565 4220 698 4283 sidereos
722 4222 835 4284 normis
860 4220 1033 4283 distinxeris
1059 4220 1163 4290 orbes,

335 4310 420 4382 Quos
443 4311 525 4372 intra
547 4310 664 4371 medius
688 4311 821 4390 lucisque
846 4311 1020 4389 animaeque
1045 4308 1183 4369 minister

335 4399 405 4472 Qua
428 4401 494 4478 lege
518 4399 633 4460 aeterni
657 4419 761 4461 cursus
785 4402 955 4462 moderetur
978 4398 1129 4469 habenas,

335 4488 421 4561 Quas
444 4487 549 4567 capiat
572 4488 691 4549 variata
714 4489 812 4562 vices,
838 4508 912 4568 qnos
936 4489 1022 4550 Lnna
1047 4487 1182 4560 labores,

335 4577 494 4658 Sparseris
517 4577 661 4638 immenso
686 4596 773 4657 quam
797 4577 926 4656 plurima
949 4576 1049 4639 sidera
1073 4594 1190 4655 campo.

380 4754 514 4816 Maxime
538 4753 643 4815 Mundi
668 4752 794 4834 Opiter,
819 4762 931 4833 quate
956 4753 1071 4816 ratione
1096 4752 1198 4833 coegit

335 4844 468 4922 Parvus,
493 4842 594 4929 inops,
618 4842 752 4921 humilis,
778 4854 899 4923 tamque
923 4843 1051 4927 exiguae
1075 4842 1173 4904 incola
1195 4838 1303 4921 glebae
