3428 5542
693 316 852 371 mamm.
1331 280 1334 285 ’
1428 312 1449 383 9

97 473 160 525 ιιΙΙιιἹ
178 474 255 527 habet
274 483 300 527 et
317 479 404 528 nititur
421 478 510 528 canoni
528 477 705 544 triangulorum
724 492 741 530 a
759 493 785 530 se
804 479 860 529 olim
879 479 952 529 edito.
991 478 1083 528 Verum
1101 492 1151 528 non
1169 476 1261 533 dubito,
1279 478 1337 543 qula
1355 477 1450 528 libellas

96 546 118 596 is
136 547 170 596 rit
188 545 246 596 olim
264 547 365 613 abipso
385 549 550 612 conscnptus,
570 557 719 615 antequam,
738 564 802 616 qnae
819 552 941 614 penitiora
958 548 1030 613 hujus
1048 549 1167 599 scientiae
1185 554 1258 606 sunt,
1281 547 1377 612 plenius
1394 564 1449 613 per-

96 624 224 668 scrutatur
241 618 330 669 luent.
367 620 403 669 at
419 621 484 684 qnod
501 621 599 679 scribis,
617 627 643 671 te
660 637 743 671 meum
762 622 897 672 auditorem
915 636 969 672 essa
987 621 1062 676 velle.
1081 621 1106 671 id
1125 621 1237 676 obsecro.
1261 619 1373 672 dbertlus
1391 618 1450 669 mihi

97 688 221 754 explicem
241 689 318 741 derue
336 693 401 742 eninr
418 705 482 740 euru.
520 690 589 752 (Vid.
608 692 719 743 Hanscb.
738 707 761 758 p.
782 690 820 755 3.)

168 760 293 826 Keplerur
311 762 375 815 haec
392 761 533 827 respondit:

695 887 727 950 S.
753 888 787 951 P.
812 889 851 951 D.

49 1048 54 1055 -
104 1058 106 1063 .
188 1009 310 1072 Literas
324 1020 402 1085 tuae,
419 1008 594 1074 Clarissima
608 1011 735 1073 Domine
749 1012 941 1092 Praeceptor,
957 1006 978 1073 4
992 1011 1063 1074 Feb.
1080 1010 1219 1090 scriptas,
1234 1007 1265 1075 4.
1281 1005 1320 1073 id
1335 1010 1450 1090 Aprilis

98 1098 203 1178 accepi
226 1107 258 1161 et
281 1100 319 1160 ad
343 1118 395 1162 eae
418 1118 472 1180 per
493 1099 744 1163 Emdschochium
765 1101 922 1182 respondi,
951 1107 1111 1180 propterea
1134 1101 1211 1181 quod
1234 1100 1449 1162 humanitatem

97 1197 181 1251 tuam
204 1188 366 1250 intricatae
389 1209 473 1251 meae
496 1208 601 1250 manus
624 1190 752 1252 lectione
778 1191 935 1252 liberatam
950 1189 1104 1250 volebam:
1129 1190 1263 1269 quodque
1282 1189 1355 1251 nibil
1375 1197 1449 1259 erat,

97 1277 177 1358 qnod
202 1279 363 1341 tacendum
386 1286 478 1341 esset.
523 1279 603 1343 Nam
627 1299 702 1360 quae
726 1281 841 1359 etjam
866 1287 928 1342 turn
952 1277 999 1340 hic
1023 1278 1216 1357 gerebantur,
1246 1285 1278 1340 et
1304 1278 1449 1340 hactenns

96 1367 185 1446 plura
208 1367 391 1437 acciderunt,
416 1386 491 1447 qnae
514 1368 710 1430 mutationem
733 1375 833 1430 status
857 1368 914 1430 mei
938 1376 1085 1446 spectant,
1112 1367 1216 1448 quibus
1240 1367 1332 1429 etiarn
1355 1385 1448 1447 erpe-

98 1455 216 1518 diendis
240 1462 291 1518 tuo
314 1456 387 1518 milri
410 1457 533 1517 consilio
557 1475 631 1537 opus
659 1467 725 1519 est:
757 1458 809 1519 illa
837 1458 936 1518 omnia
959 1456 995 1517 D.
1021 1456 1059 1518 D.
1085 1456 1215 1536 Papio,
1247 1456 1356 1517 fautori
1384 1475 1449 1516 meo

98 1544 244 1624 singulari
276 1564 376 1606 coram
406 1545 542 1607 recensui
571 1555 602 1607 et
629 1547 699 1626 qnia
726 1546 776 1608 ille
805 1547 905 1608 omnia
927 1547 992 1625 jam
1021 1545 1136 1624 pridem
1164 1545 1282 1606 sciebat
1309 1563 1356 1606 me
1384 1544 1449 1623 ipso

98 1632 186 1711 longe
209 1633 330 1708 rectius,
354 1648 444 1714 atque
468 1635 543 1696 adeo
566 1634 677 1696 certius
701 1637 812 1697 referre
836 1636 891 1697 tibi
914 1641 1181 1714 oretenns'potest,
1207 1653 1294 1714 quam
1317 1651 1373 1713 ego
1397 1652 1450 1713 per

98 1722 221 1785 literas:
251 1723 320 1784 ideo
343 1721 441 1802 ipsum
464 1722 680 1786 officiosissime
704 1725 801 1799 oravi,
831 1745 867 1785 ne
891 1724 976 1803 milri,
1005 1723 1054 1784 ubi
1077 1724 1224 1785 H.Tuam
1247 1722 1446 1795 convenisset,

96 1811 156 1873 bac
178 1830 272 1890 opera
295 1811 425 1874 deesset.
472 1810 531 1884 Qui
554 1832 612 1874 non
636 1814 731 1875 solnm
755 1814 785 1875 id
808 1834 840 1875 se
870 1814 1017 1875 facturum
1043 1813 1170 1892 recepit,
1202 1813 1256 1873 sed
1285 1811 1375 1873 etiam
1403 1830 1450 1872 me

97 1901 253 1980 praesenti
277 1908 310 1962 et
332 1901 457 1963 salutari
481 1902 607 1963 consilio
634 1903 796 1964 instruxit:
831 1903 906 1964 adeo
938 1909 969 1962 nt
998 1900 1070 1963 nihil
1097 1909 1210 1975 restet,
1244 1920 1332 1981 quarn
1354 1909 1389 1962 ut
1409 1900 1449 1962 Η.

97 1989 193 2050 Tuam
207 1989 353 2067 majorem
366 1989 396 2051 in
412 1990 530 2052 modum
545 2009 655 2069 rogem,
680 2011 716 2054 ne
731 1992 908 2071 dedignetur
922 1991 951 2052 in
971 1991 1029 2052 mei
1047 1991 1176 2070 gratiam
1197 1990 1235 2051 ab
1255 1991 1305 2052 illo
1325 1989 1448 2062 discere,

95 2096 173 2158 quae
187 2098 234 2139 me
254 2098 364 2140 causae
380 2086 530 2152 moveant,
555 2081 711 2159 quominus
731 2081 898 2144 existimem
922 2079 993 2142 mihi
1018 2079 1128 2141 diutius
1153 2087 1242 2162 atque
1266 2079 1296 2140 in
1320 2098 1449 2159 sequen-

95 2175 159 2229 tem
177 2187 286 2229 annum
302 2163 344 2233 96
366 2168 415 2229 hic
434 2170 694 2231 commorandum:
725 2170 831 2232 deinde
855 2189 925 2231 rero
948 2169 1103 2250 perpensis
1127 2170 1164 2232 iis
1188 2168 1287 2230 causis
1311 2188 1357 2230 me
1382 2187 1449 2230 cer-

95 2257 204 2318 tiorem
218 2256 337 2327 reddat,
361 2257 430 2336 qnid
451 2258 700 2321 consultissimum
723 2259 885 2321 existimet.
923 2257 1054 2338 Cumque
1069 2258 1160 2320 nolim
1174 2258 1330 2340 quicquam
1345 2265 1451 2320 contra

94 2345 310 2426 obligationem
332 2365 429 2408 meam
453 2347 569 2408 facere:
600 2348 673 2409 illud
697 2349 787 2411 etiam
811 2349 887 2409 scire
912 2354 1036 2427 expeto,
1062 2348 1281 2409 consulendane
1305 2347 1346 2409 sit
1368 2345 1451 2408 curia

92 2434 177 2514 prius
201 2442 291 2515 atque
320 2435 388 2497 hinc
411 2455 457 2497 me
482 2437 633 2497 conseram
657 2437 808 2500 aliorsum.
853 2439 946 2499 Putat
969 2435 1047 2498 enim
1070 2436 1108 2499 D.
1133 2437 1260 2517 Papius,
1291 2455 1380 2515 posse
1403 2453 1449 2497 mc

92 2525 223 2586 honesto
238 2524 360 2599 salario,
384 2544 450 2586 cnm
474 2525 573 2604 aliquo
596 2525 740 2604 discipulo
760 2527 788 2587 in
808 2526 938 2606 aliquam
953 2525 1139 2587 academiam
1159 2526 1321 2587 discedere.
1353 2524 1449 2586 Deni-

95 2633 153 2694 que
177 2613 204 2674 si
228 2632 303 2692 opus
326 2614 438 2675 habeat
459 2613 498 2674 H.
525 2613 589 2674 'lira
613 2614 786 2676 dilucidiora
814 2613 1031 2693 explicatione,
1061 2623 1151 2693 atque
1179 2614 1210 2675 id
1238 2614 1309 2674 mihi
1332 2613 1449 2692 signill-
1544 2611 1547 2615 ’

93 2702 211 2764 caverit
235 2702 380 2775 (fortasse
405 2704 496 2764 etiam
513 2703 577 2763 sine
596 2703 666 2771 hoc)
692 2723 747 2784 ego
770 2703 885 2783 prolixe
909 2702 1049 2764 scribam.
1086 2703 1224 2765 Nondum
1248 2721 1331 2777 sane,
1354 2702 1449 2763 Prae·

93 2798 200 2872 ceptor
214 2790 505 2864 benevolentissime,
533 2799 650 2872 tempus
671 2803 727 2868 est,
752 2802 785 2854 ut
804 2810 932 2853 messem
952 2799 1068 2852 tuorum
1091 2791 1298 2853 beneficiorum
1322 2810 1360 2851 ex
1382 2808 1449 2852 mea

95 2880 281 2962 gratitudine
313 2880 448 2960 colligas.
493 2877 598 2950 >Quare
626 2881 703 2942 hanc
731 2900 819 2961 porro
847 2888 1010 2942 sementem
1040 2881 1140 2942 iacere
1170 2900 1206 2942 ne
1237 2880 1359 2959 pigeat:
1393 2879 1448 2940 hac

94 2977 179 3032 certa
197 2987 263 3048 ape,
289 2970 350 3031 iore
370 2978 404 3032 ut
418 2971 565 3032 cumulate
581 2970 740 3050 aliqnando
760 2971 967 3050 respondeam,
990 2988 1055 3029 curn
1071 2969 1155 3031 Deus
1178 2969 1248 3030 mihi
1274 2968 1448 3031 facultatem
1512 3000 1514 3003 v

93 3077 149 3139 pro
168 3078 225 3120 sna
240 3057 400 3120 clementia
414 3059 541 3138 largitus
557 3059 654 3121 fuerit.
688 3060 748 3122 Sed
773 3079 830 3120 non
854 3061 940 3138 plura
964 3059 1052 3130 addo,
1076 3066 1110 3120 nt
1131 3060 1179 3121 vel
1203 3058 1296 3121 semel
1320 3056 1450 3119 breviter

95 3148 245 3218 scribam,
274 3165 329 3209 neo
357 3155 388 3208 te
417 3158 449 3209 et
475 3155 528 3209 tna
556 3149 677 3227 negotia
699 3149 818 3210 nimium
841 3147 1021 3227 perturbem.
1069 3147 1133 3209 Deo
1157 3166 1211 3209 ros
1239 3165 1342 3208 omnes
1365 3165 1448 3209 conr·

95 3237 215 3298 mendo.
248 3236 288 3297 Η.
304 3237 385 3300 Tuae
409 3237 527 3316 conjugi
549 3237 779 3299 honestissimae
804 3237 967 3298 officiosam
991 3236 1118 3298 salutem
1142 3237 1219 3299 dico.
1252 3235 1321 3297 Erit
1342 3236 1393 3297 nbi
1412 3235 1449 3295 ad

93 3326 132 3388 D.
149 3333 379 3405 praeceptorem
395 3322 521 3387 Gellium
537 3325 677 3400 scribam,
701 3327 726 3388 si
747 3326 816 3408 quid
839 3328 908 3389 novi
932 3327 1006 3387 haec
1026 3334 1128 3388 aestas
1147 3325 1330 3407 produxerit.
1362 3325 1449 3386 Nunc

94 3414 195 3476 omnia
224 3433 325 3476 coram
352 3415 390 3478 D.
420 3415 532 3494 Papius
562 3416 738 3479 recensebit.
790 3414 936 3478 Omnibus
965 3422 1063 3476 antem
1099 3416 1173 3477 meis
1204 3414 1449 3495 praeceptoribus

94 3503 348 3566 officiosissimam
372 3504 501 3565 salutem
525 3503 599 3566 dico.

184 3593 265 3655 Vale
288 3590 318 3654 7.
349 3591 385 3655 li
409 3592 482 3672 Maji
506 3611 583 3654 anno
602 3588 654 3657 95.
891 3593 929 3653 H.
954 3592 988 3652 Τ.
1014 3591 1219 3654 deditissimus
1243 3591 1405 3672 discipulus

1008 3681 1053 3743 M
1077 3681 1131 3742 Jo.
1154 3679 1284 3763 Kepler.

166 3840 248 3902 Quem
266 3854 341 3909 snpra
354 3840 415 3891 dicit
425 3839 555 3905 Keplems,
575 3839 685 3889 loannes
698 3837 826 3904 Papius,
846 3840 981 3890 secundum
992 3839 1145 3890 Hanschium
1163 3839 1212 3890 hnc
1230 3855 1307 3905 usque
1325 3840 1449 3905 gymnasii

92 3913 248 3964 Graeciensis
266 3914 367 3966 rectoris
384 3927 486 3962 munere
503 3912 601 3961 innotus
620 3917 686 3966 erat,
707 3912 761 3974 lam
779 3925 835 3959 vero
854 3909 991 3976 Tubingam
1010 3912 1127 3970 secessit,
1147 3913 1189 3961 ubi
1207 3913 1339 3961 triennium
1358 3913 1449 3977 exegit,

92 3986 152 4034 inde
172 3983 318 4041 Oratorem,
341 3993 428 4047 postea
445 3983 635 4049 Regiomontnrn
658 3990 841 4047 transgressus,
866 3983 907 4031 nbi
930 3998 1018 4031 munus
1042 3983 1114 4032 aulici
1134 3983 1249 4032 archiatri
1267 3988 1294 4032 et
1310 3983 1449 4033 medicinae

92 4056 238 4120 professoris
256 4071 301 4119 per
318 4054 464 4105 decennium
481 4056 572 4120 gessit,
598 4069 663 4103 anno
683 4052 752 4103 1622
774 4061 884 4104 mortuus
902 4060 947 4104 est.
984 4054 1039 4103 Alio
1057 4055 1112 4104 loco
1130 4055 1237 4118 pluribus
1255 4053 1373 4105 dicendos
1392 4056 1447 4104 erit.

94 4126 168 4188 Quae
186 4126 322 4189 Keplerurn
341 4139 433 4176 causae
451 4128 582 4186 moverint,
607 4133 635 4174 ut
652 4126 683 4175 de
701 4126 770 4175 abitu
788 4141 803 4175 e
821 4125 906 4189 styria
928 4126 1062 4191 cogitaret.
1086 4126 1166 4176 nullas
1184 4126 1302 4175 habemns
1320 4127 1368 4175 nisi
1387 4127 1448 4176 iorte

92 4198 161 4248 hunc
179 4200 259 4262 ipsum
277 4197 348 4262 Papii
367 4198 500 4248 discessum
518 4205 546 4247 et
567 4196 714 4247 offensiones
737 4197 856 4262 quasdam
880 4198 905 4246 in
928 4199 1070 4262 gymnasio.
1096 4212 1157 4262 quaa
1181 4198 1263 4263 tangh
1287 4198 1312 4246 in
1337 4198 1449 4263 sequenti
1516 4211 1518 4216 ·

94 4268 242 4389 wilbac
264 4338 312 4389 hoo
336 4340 401 4388 idern
425 4346 535 4404 tempus.
561 4354 607 4404 qno
632 4341 724 4403 priores
748 4339 781 4389 ad
802 4339 962 4389 Messalinum
985 4339 1054 4389 dedit
1076 4339 1174 4396 literas,
1199 4346 1283 4389 mente
1306 4340 1448 4403 concepisse

92 4412 191 4463 ridetur
207 4410 332 4474 Keplerns
349 4411 482 4475 primordia
498 4411 610 4473 Mysteril
635 4413 672 4460 sui
700 4412 893 4477 cosmographici
918 4409 1007 4475 (comp.
1032 4411 1108 4474 praef.
1127 4410 1229 4476 Koplari
1252 4417 1395 4476 sequentem
1414 4410 1447 4459 ad

92 4484 202 4549 weram
220 4479 374 4542 aditionem),
393 4496 472 4547 eaque
489 4484 616 4532 nunciavit
635 4483 766 4533 Maestliao
784 4497 868 4532 menae
886 4482 959 4542 Julio,
980 4489 1008 4532 ut
1026 4498 1056 4532 ex
1072 4483 1111 4532 his
1129 4489 1233 4548 apparet
1250 4483 1333 4533 literis.

699 4640 732 4704 S.
756 4642 792 4704 P.
815 4643 853 4704 D.

186 4765 291 4828 Tertia
314 4765 389 4828 haec
408 4764 536 4847 epistola
559 4766 631 4841 erit,
659 4765 833 4828 Clarissime
852 4767 889 4828 D.
904 4768 1098 4847 Praeceptor,
1123 4767 1161 4827 de
1184 4765 1290 4828 eidem
1308 4766 1445 4829 materia.

93 4857 230 4923 anam
252 4854 321 4919 dedi
335 4853 526 4938 .'lhbingenai
549 4855 709 4928 tabellario
720 4854 896 4934 =Steinlino‚
920 4857 975 4921 sub
998 4857 1086 4925 inem
1105 4855 1200 4920 nostri
1217 4853 1300 4924 Jnlii,
1337 4853 1446 4925 Alteri
