3428 5542
779 337 891 401 upon
912 338 1113 407 commoto

818 550 939 648 Caput
965 550 1072 624 XIII.

263 708 320 770 De
344 710 564 790 computandis
586 708 712 770 orbibus
735 707 790 786 qni
813 709 998 788 corporibus
1025 710 1241 771 inscribuntur
1267 717 1297 771 et
1318 711 1631 774 drcunmcrabrmtw.

353 851 508 911 Hactenus
533 848 603 910 nihil
630 849 755 922 dictum,
788 848 845 909 nisi
875 859 1079 910 consentanea
1104 849 1249 929 quaedam
1276 848 1363 927 signa
1391 862 1424 913 et
1451 850 1552 915 citrosa
1575 873 1630 914 su-

264 939 361 1017 scepti
386 938 593 1000 theorematis.
632 937 836 998 Transeamus
860 938 949 998 modo
973 937 1011 998 ad
1035 937 1211 1015 ἀποςηματα
1235 937 1349 1000 orbium
1369 941 1575 1003 astronomiae
1599 952 1633 1004 et

266 1027 540 1088 demonstrationes
569 1028 787 1105 geometricas:
824 1045 899 1105 quae
930 1025 987 1087 nisi
1017 1028 1226 1101 consentiant,
1259 1029 1365 1106 procui
1392 1029 1482 1091 dnbio
1510 1048 1631 1092 ornnem

261 1115 494 1194 praecedentem
519 1132 641 1193 operam
667 1115 834 1176 luserimns.
874 1115 1006 1176 Primum
1025 1116 1153 1175 omniurn
1174 1115 1339 1192 videamus,
1365 1116 1393 1176 in
1417 1127 1532 1197 quanta
1554 1137 1630 1199 pro·

261 1203 399 1283 portione
424 1205 487 1265 siut
510 1205 599 1263 orbes
623 1202 750 1282 singuiis
779 1201 826 1262 his
858 1203 986 1282 quinque
1002 1203 1188 1282 ⁸corporibus
1213 1205 1402 1283 regularibus
1427 1207 1565 1286 inscripti
1590 1208 1630 1268 ad

262 1291 516 1371 circumscriptos.

350 1380 392 1442 Et
415 1380 492 1441 radii
517 1380 635 1459 quidem
665 1378 730 1440 sive
759 1377 973 1440 semidiametri
1003 1378 1294 1458 circumscriptorum
1326 1391 1458 1459 aequant
1481 1381 1629 1443 semidia-

261 1468 368 1547 gonios
393 1487 560 1549 corporum.
607 1469 687 1530 iiam
713 1467 770 1529 uisi
794 1485 897 1527 omnes
922 1467 1022 1546 anguli
1051 1467 1163 1546 figurae
1188 1469 1344 1548 tetigerint
1367 1470 1493 1531 eandem
1517 1488 1628 1551 super-

262 1557 369 1631 ficiem,
395 1576 502 1637 corpus
528 1557 664 1636 regulare
691 1575 747 1616 non
772 1555 839 1616 erit.
878 1554 945 1618 Bini
971 1563 1071 1616 autem
1095 1556 1196 1635 anguli
1215 1557 1346 1636 oppositi
1370 1568 1472 1620 mutuo
1497 1569 1529 1621 et
1552 1578 1627 1620 cen-

224 1699 233 1713 .
261 1655 341 1709 trum
364 1647 478 1726 figurae
503 1665 622 1725 semper
651 1655 721 1706 sunt
750 1643 778 1705 in
808 1643 913 1704 eadem
943 1644 1022 1705 linea
1049 1645 1112 1706 sive
1143 1645 1191 1706 axi
1215 1646 1306 1708 orbis.
1352 1644 1512 1726 Excipitur
1536 1666 1627 1709 unum

261 1735 450 1808 tetraedron,
475 1734 553 1812 quod
578 1734 671 1795 habet
696 1733 830 1812 singulos
855 1732 981 1811 angulos
1005 1732 1132 1812 singuiis
1157 1734 1299 1795 facierum
1322 1735 1435 1797 centris
1454 1736 1624 1816 oppositos.

350 1822 421 1885 Jam
447 1831 533 1883 recta
557 1831 739 1884 connectens
763 1830 869 1882 centra
892 1823 1003 1901 figurae
1028 1832 1060 1884 et
1088 1822 1169 1884 basis
1194 1834 1241 1883 est
1265 1825 1366 1886 radius
1390 1824 1455 1885 sive
1479 1825 1627 1887 semidia-

261 1921 359 1974 meter
391 1910 528 1990 inscripti
561 1929 616 1990 per
649 1912 785 1973 nltimam
818 1910 866 1970 tib.
895 1909 967 1973 XV.
1022 1909 1168 1990 Campani
1197 1912 1226 1972 iu
1254 1911 1419 1975 Euclidem.
1441 1908 1486 1986 ⁸⁸)
1533 1912 1628 1976 Orbis

212 2044 217 2061 ,
261 2001 339 2062 enim
364 2000 526 2079 inscriptus
550 2009 676 2080 tangere
707 1999 798 2060 debet
826 1999 926 2058 omnia
957 2010 1062 2061 centra
1094 2003 1219 2079 figurae,
1256 2010 1287 2063 et
1316 2003 1428 2082 figurae
1461 2002 1628 2083 inscriptae

264 2107 331 2151 oum
355 2089 590 2168 circumscriptis
614 2108 716 2150 omues
740 2087 898 2167 possident
922 2089 998 2148 idem
1022 2099 1167 2149 centrum.

414 2211 461 2259 μὴ,
478 2208 511 2251 ¹0,
739 2175 825 2246 Quod
843 2196 908 2237 cum
924 2177 968 2237 ita
983 2177 1032 2249 sit,
1059 2177 1147 2238 facile
1162 2186 1211 2238 est
1225 2177 1336 2253 videre,
1355 2178 1523 2257 potentiam
1538 2179 1628 2252 radii,

647 2286 704 2347 quo
720 2265 848 2327 circulus
863 2265 928 2326 basi
943 2265 1205 2341 circumscribitur,
1221 2266 1414 2328 auferendam
1433 2268 1470 2328 dc
1488 2269 1630 2347 potentia

648 2355 725 2417 radii
741 2353 822 2415 orbis
838 2354 1065 2433 circumscripti,
1082 2364 1114 2416 ut
1128 2354 1248 2416 residua
1263 2355 1305 2416 sit
1317 2356 1455 2434 potentia
1469 2356 1629 2436 quaesitas

650 2445 749 2505 tineae
775 2461 826 2502 seu
852 2442 926 2503 radii
952 2443 1033 2505 orbis
1057 2443 1203 2523 inscripti.
1245 2444 1278 2503 ln
1303 2444 1446 2523 adjuncto
1470 2444 1628 2508 schemate

648 2531 741 2594 HOM
758 2539 806 2591 est
820 2531 886 2591 axis
901 2532 1118 2612 circumscripti
1138 2532 1229 2606 orbis,
1245 2532 1340 2610 cujus,
1356 2542 1390 2595 ut
1405 2542 1437 2595 et
1450 2534 1564 2614 figuras
1579 2534 1629 2596 iu-

650 2622 782 2700 scriptae
798 2638 952 2681 commuue
967 2629 1100 2682 centrum
1117 2622 1145 2682 iu
1158 2621 1196 2691 0,
1210 2618 1300 2681 HGL
1314 2622 1435 2701 planum
1446 2641 1535 2684 unum
1550 2623 1627 2702 tigu-

648 2729 709 2785 rae,
735 2709 812 2788 quod
837 2708 885 2769 hic
905 2709 946 2769 sit
964 2709 1058 2783 basis,
1081 2710 1100 2770 J
1117 2720 1251 2770 centmm
1267 2709 1358 2782 basis,
1384 2709 1433 2771 HJ
1449 2711 1552 2773 radius
1567 2712 1628 2774 cir-

648 2797 822 2876 cumscripti
846 2797 922 2858 basi.
960 2797 1003 2858 Et
1025 2810 1109 2858 recto
1129 2818 1166 2858 ex
1186 2807 1290 2860 centro
1310 2797 1435 2861 orbisO
1458 2800 1487 2860 iu
1510 2799 1531 2860 J
1553 2819 1629 2861 ceu-

618 2899 726 2987 Etrum
743 2886 865 2947 minoris
885 2886 988 2947 circuli
1010 2887 1141 2948 demissa
1164 2887 1420 2966 perpendicularis
1439 2888 1498 2949 erit
1516 2888 1630 2950 circuio

543 3006 555 3016 κ
651 2987 682 3036 et
705 2976 801 3036 lineae
817 2975 876 3035 HJ.
902 2976 935 3035 Iu
951 2976 1101 3056 triangulo
1116 2976 1206 3055 igitur
1220 2975 1299 3037 HJO
1314 2976 1441 3057 angulus
1460 2978 1500 3038 ad
1518 2975 1540 3036 J
1557 2995 1629 3039 rcc-

594 3064 598 3071 ’
650 3074 709 3126 tus.
739 3061 822 3141 Ergo
841 3062 899 3124 110
924 3067 1060 3142 potentia
1084 3072 1194 3145 aequat
1217 3066 1371 3143 potentias
1396 3063 1454 3139 HJ,
1479 3064 1540 3128 JO.
1588 3066 1631 3128 Et

648 3152 787 3232 potentia
802 3150 850 3211 HJ
855 3152 973 3213 ablata
989 3173 1025 3213 ex
1045 3152 1102 3215 ΗΟ
1123 3153 1268 3232 potentis,
1293 3154 1435 3234 rciiuquit
1449 3153 1499 3216 JO
1518 3164 1631 3236 poten-

269 3244 343 3306 tiam
369 3244 537 3322 quaesitam
561 3243 614 3317 (E.
639 3243 662 3314 1,
687 3236 757 3312 41).
778 3234 823 3313 “)

355 3332 433 3393 Hinc
462 3340 601 3412 apparet,
633 3340 666 3390 ut
694 3330 841 3390 habeatur
863 3327 912 3390 JO
944 3328 972 3388 iu
1002 3329 1138 3389 omuibus
1172 3331 1286 3409 figuris,
1327 3331 1530 3410 quaerendam
1560 3350 1631 3394 esse

264 3422 348 3501 prius
373 3421 423 3481 HJ
447 3421 561 3482 radium
580 3420 675 3481 basis.
724 3418 860 3478 liabetur
884 3429 985 3479 autem
1009 3427 1042 3476 et
1063 3417 1111 3477 HJ
1137 3419 1253 3490 radius,
1283 3420 1404 3499 cognito
1432 3421 1526 3481 tatere
1550 3421 1631 3501 iign-

266 3531 332 3583 rae,
362 3511 407 3571 cui
438 3510 580 3571 circulum
609 3506 835 3570 circumscribit.
888 3506 963 3566 Hinc
995 3524 1126 3579 rursum,
1162 3516 1194 3567 ut
1223 3507 1325 3569 radius
1354 3509 1438 3570 basis
1467 3507 1629 3584 habeatnr,

266 3599 466 3680 quaerendum
490 3598 572 3677 prius
597 3598 676 3658 tatus
700 3595 861 3674 cujuslibet
890 3595 1010 3673 figurae.

354 3687 504 3749 Assumto
529 3686 620 3762 igitur
642 3685 726 3746 radio
749 3684 966 3762 circumscripti
991 3682 1151 3764 cujuslibet
1174 3684 1203 3746 in
1228 3685 1400 3764 quantitate
1425 3685 1510 3747 sinus
1534 3686 1630 3747 totius

271 3773 354 3837 1000
379 3777 508 3855 portium
535 3775 661 3846 (sutticit
684 3784 787 3835 nostro
812 3773 951 3834 instituto
976 3773 1049 3833 iroec
1073 3773 1149 3833 radii
1168 3774 1359 3851 magnitudo)
1383 3774 1523 3854 potentia
1547 3775 1629 3836 iate-

266 3865 306 3924 ris
332 3866 427 3924 cubici
453 3864 552 3929 (Euat.
578 3865 664 3937 Xiii,
697 3863 748 3935 15)
773 3873 914 3940 estpars
941 3862 1032 3922 tortia
1055 3863 1208 3940 potentiae
1233 3863 1310 3935 aris,
1336 3874 1369 3923 ut
1392 3864 1417 3924 si
1442 3862 1510 3924 axis
1534 3862 1631 3924 babet

265 3948 367 4023 2000,
400 3954 478 4013 totus
504 3952 570 4013 cubi
595 3953 687 4012 habet
715 3949 806 4012 1155.
855 3951 975 4011 Laterio
1004 3951 1138 4011 octaedri
1168 3951 1545 4031 potentiaOEucl.X111,
1575 3951 1631 4025 id)

266 4050 315 4101 est
339 4041 492 4101 dimidium
518 4041 671 4118 potentiae
696 4039 772 4100 atis.
820 4039 939 4099 Lateris
955 4039 1129 4100 tetr'atdrici
1145 4040 1282 4118 potentia
1297 4051 1346 4100 est
1363 4040 1418 4112 (ib.
1438 4036 1492 4113 13)
1508 4042 1630 4123 sesqui-

265 4130 364 4189 aitera
393 4138 465 4208 pars
494 4129 530 4188 de
559 4129 695 4208 potentia
728 4121 860 4199 artis.⁸')
907 4129 1007 4207 Atque
1042 4128 1186 4188 hacteuus
1218 4129 1283 4189 usui
1313 4130 1370 4190 fuit
1398 4148 1521 4192 aureum
1556 4128 1632 4193 iilud

265 4217 421 4278 theorema
446 4217 637 4297 Pythouome
666 4218 702 4277 de
726 4216 870 4295 potentiis
900 4217 1025 4276 lotorum
1055 4217 1083 4276 in
1110 4217 1259 4295 triangulo
1283 4219 1468 4297 rectanguio.
1517 4218 1553 4279 lu
1577 4237 1630 4280 ce-

265 4305 339 4367 teris
369 4306 484 4367 dnobus
509 4307 681 4384 corporibus
711 4308 806 4365 attero
832 4305 881 4364 iiio
910 4306 1094 4383 geometriae
1123 4305 1265 4366 thesauro
1290 4325 1364 4385 opus
1390 4315 1453 4382 est,
1483 4307 1520 4367 dc
1549 4307 1632 4369 tinea

265 4396 429 4455 secuudum
454 4404 619 4454 extrernnnr
650 4405 680 4452 et
704 4394 831 4453 rnediarn
856 4394 1002 4453 rationem
1031 4408 1117 4454 secta
1141 4393 1242 4465 (Euci.
1270 4394 1325 4470 Vi,
1351 4391 1417 4467 30).
1467 4396 1549 4458 Nam
1573 4396 1630 4457 do·

265 4483 476 4543 decacoricum
503 4483 582 4542 lutus
607 4492 654 4540 est
678 4482 773 4557 ruojnr
796 4483 893 4559 portio
919 4482 1022 4543 luteris
1047 4484 1141 4544 cubici
1167 4484 1243 4544 sceti
1274 4485 1436 4545 secundnm
1461 4494 1632 4547 extremam

265 4585 294 4632 et
319 4572 447 4632 mediam
474 4572 620 4630 rationem
645 4569 745 4640 (rior-r.
770 4571 855 4643 xlii,
886 4571 933 4632 li.
951 4572 1049 4645 Con).
1095 4574 1146 4634 Sic
1170 4593 1223 4652 pro
1249 4573 1433 4635 icossbdrico
1458 4574 1557 4635 latere
1582 4575 1631 4636 in·

266 4661 412 4720 veniendo
437 4660 563 4738 primum
588 4658 739 4736 quaeritur
764 4659 864 4718 radius
889 4660 968 4720 iilius
992 4663 1103 4734 circuti,
1130 4664 1177 4742 qui
1203 4662 1330 4742 quinque
1356 4662 1505 4724 icosabdri
1530 4664 1633 4743 tangit

265 4751 400 4827 angulos,
419 4748 467 4826 qui
484 4745 596 4806 estAC
616 4747 642 4806 io
659 4747 768 4806 circulo
780 4746 835 4805 AB
846 4748 909 4821 (fig.
928 4745 989 4820 19).
1010 4749 1085 4826 Ejus
1100 4752 1238 4828 potentia
1252 4751 1415 4831 estquintu
1429 4769 1502 4830 pars
1519 4753 1631 4833 depo·

266 4839 362 4899 tentia
377 4837 444 4896 uris
461 4835 561 4907 (Eucl.
578 4834 663 4910 Xlil,
684 4832 733 4896 16.
751 4833 837 4906 Cor.)
871 4834 966 4914 lgitur
981 4837 1035 4909 (ib.
1053 4837 1072 4900 5
1088 4852 1121 4900 ct
1135 4836 1170 4905 9)
1194 4839 1269 4902 radii
1285 4840 1373 4901 istius
1388 4840 1445 4902 AC
1464 4843 1632 4905 secundom
