3428 5542
186 304 252 388 184
650 326 680 377 n
699 327 771 391 spor.
789 326 867 392 11.
889 297 978 380 onas
994 328 1085 381 onum

186 486 355 540 conveniens
371 484 597 552 accommodatio)
612 493 656 540 est
670 494 700 541 et
713 487 961 560 dicitnrepicyclus
971 505 1097 560 magnus.
1126 488 1214 545 Sexto
1227 508 1282 545 non
1290 491 1364 545 aicit
1370 491 1551 562 Apollonias,

186 568 257 638 quod
272 566 320 620 Sol
336 573 366 620 et
380 574 477 621 centra
491 568 600 621 illorum
616 584 777 639 magnorum
792 569 977 639 epicyelorum
1002 570 1129 623 feruntur
1157 570 1184 624 in
1207 589 1261 625 uno
1276 572 1451 626 concentrico
1474 571 1552 626 eim

176 646 306 709 ='l'et·ram‚
329 648 376 700 sed
392 645 465 711 dicit,
489 649 560 717 quod
575 648 702 702 ferantur
716 649 826 718 aequali
841 650 1013 704 revolutione
1032 657 1063 702 et
1075 650 1163 703 simul.
1192 651 1314 720 Septimo
1325 668 1378 705 non
1394 651 1551 706 intersecat

185 725 259 780 orbis
273 726 394 779 Martis
387 744 415 778 ι1
429 727 578 797 Apollonio
593 728 687 781 orbem
702 728 783 782 Solis.
822 729 932 782 Octavo
949 746 1003 782 non
1018 731 1126 798 patet'
1119 748 1146 783 sn
1160 731 1317 799 Apollonio,
1338 737 1474 801 quantum
1488 731 1549 802 qui·

184 807 245 859 dem
259 805 307 859 ille
322 805 453 876 scriptum
467 807 588 878 reliquit,
611 808 719 861 occasio
733 808 920 879 investigandi
933 809 1139 879 proportionem
1154 811 1336 878 sphaerarum
1349 827 1387 864 ex
1401 810 1548 880 parallaxi

184 900 287 939 annua
330 886 408 939 Nono
423 894 512 940 motus
534 887 608 940 illius
623 889 717 959 magni
732 888 849 959 epinycli
864 891 1012 941 secundum
1025 889 1212 980 Apollonium,
1236 906 1286 943 seu
1304 890 1379 944 orbis
1394 891 1547 945 1111111111

184 965 362 1036 Tycbonem
355 967 601 1037 inconsequentia,
626 967 666 1020 illi
681 967 788 1037 quidem
803 980 847 1020 est
861 969 945 1038 longe
960 969 1077 1030 brevior,
1093 969 1160 1038 qnia
1174 969 1316 1023 annuatim
1331 970 1376 1022 rel
1390 969 1479 1039 paulo
1494 969 1547 1024 ati·

183 1051 227 1099 ter
239 1045 404 1099 restituitur.
446 1049 527 1117 Apud
542 1046 700 1114 Tychouem
720 1045 887 1106 11111130
907 1063 1048 1109 annorum,
1072 1046 1135 1106 1111
1154 1047 1197 1110 12,
1219 1045 1286 1107 ino¹
1303 1048 1320 1101 2
1340 1048 1460 1103 circiter.
1499 1050 1545 1103 Ea

183 1124 226 1178 his
240 1131 329 1194 patet,
352 1142 403 1177 uec
417 1126 486 1178 Urso
501 1121 672 1179 intellectum
686 1127 874 1195 Copernicum,
895 1127 1093 1187 Ptolemaeum,
1114 1128 1280 1197 Pangaeum,
1304 1145 1356 1182 nec
1374 1145 1413 1182 ex
1426 1128 1545 1199 Apollo·

184 1203 228 1259 nio
243 1211 299 1258 tam
314 1203 396 1257 facile
410 1204 472 1257 elici
487 1222 569 1273 posse
583 1205 790 1274 Tyohoniauam
804 1206 982 1274 hypothesin.

263 1285 341 1337 Haec
364 1284 505 1337 scribebat
527 1284 564 1337 M.
586 1286 630 1337 Jo.
655 1286 794 1354 Keplerus
818 1286 906 1339 Math.
931 1285 1086 1355 Styriacus,
1116 1286 1143 1338 iu
1162 1284 1284 1357 gratiam
1308 1285 1409 1340 nobilis
1429 1287 1545 1356 jnrsatr
1596 1277 1600 1283 ⁵

183 1363 486 1434 FrancisoiTegnaglii,
503 1363 548 1434 qui
563 1365 685 1433 Tychoui
701 1366 874 1429 domesticus,
890 1365 1026 1434 cupientis
1042 1382 1076 1418 ea
1090 1366 1247 1419 accuratius
1261 1383 1440 1437 cognoscere.
1462 1371 1545 1421 Anno

186 1443 270 1496 1600.
287 1460 379 1498 mense
394 1444 504 1497 Martio.

255 1607 295 1656 Ea
311 1620 375 1669 quae
394 1607 481 1656 addita
498 1615 556 1656 eunt
573 1609 724 1672 inscriptioni
743 1611 895 1671 praemissae
914 1609 1089 1672 disquisitionis
1102 1610 1242 1673 significare
1258 1610 1380 1666 ridentur,
1398 1609 1544 1672 bomne·

182 1677 208 1727 id
227 1678 376 1740 propositum
394 1678 521 1732 hahuisse,
547 1686 576 1726 nt
599 1678 666 1727 illam
685 1680 833 1742 adjungeret
858 1681 1021 1742 responsioni,
1048 1693 1121 1743 qnam
1143 1683 1196 1744 ipse
1223 1682 1249 1730 in
1274 1682 1398 1745 publicum
1417 1681 1543 1731 edenda!

183 1752 344 1813 cogitaverat,
363 1755 524 1812 posteavem
544 1749 575 1796 ad
594 1749 728 1812 Keplernrn
747 1751 906 1812 rejiciendam
925 1757 1063 1799 censuerat.

253 1818 322 1868 Inter
339 1819 423 1868 literas
442 1817 599 1867 Herwarti
619 1821 652 1871 ad
671 1821 804 1883 Keplerum
834 1821 905 1869 datas
929 1821 1133 1883 deprehendimus
1156 1821 1253 1884 quidem
1277 1821 1417 1885 complures
1437 1821 1542 1884 Kepleri

183 1892 353 1952 responsiones
379 1890 450 1938 datas
470 1891 541 1937 annis
563 1886 630 1938 1598
655 1898 681 1939 11
709 1888 773 1940 1599
794 1889 884 1953 (comp.
906 1907 929 1954 p.
951 1889 984 1940 tt
1008 1890 1098 1951 11117)
1119 1891 1149 1941 ab
1176 1893 1366 1942 amanuensibus
1394 1892 1543 1956 descriptas,

180 1975 261 2024 oeque
280 1975 335 2009 vero
353 1959 421 2008 illam
440 1973 504 2022 qnae
524 1975 597 2021 supra
616 1963 739 2023 mugitor,
760 1977 814 2010 eam
834 1963 896 2010 torte
915 1963 946 2009 ob
966 1976 1067 2011 oausam
1086 1962 1149 2026 qnod
1169 1962 1236 2010 illam
1254 1962 1397 2011 Heroartns
1416 1963 1543 2027 integram

162 2029 166 2035 ’
181 2031 291 2095 Tycboni
304 2031 449 2079 transmisit.
481 2030 618 2092 Respondit
633 2032 695 2081 lortc
708 2033 830 2095 Keplerus
850 2033 882 2080 ad
895 2033 941 2081 hoo
954 2032 1076 2081 Herwarti
1089 2034 1219 2081 monitum:
1240 2031 1300 2082 Was
1314 2033 1345 2081 tt.
1359 2032 1438 2084 Ursus
1455 2040 1543 2083 centn

181 2101 322 2164 Tychonem
341 2101 423 2150 Brahe
442 2101 610 2165 geschriehen,
630 2104 662 2150 ist
680 2104 822 2152 schwerlich
843 2119 873 2151 zu
891 2104 1044 2151 behommen.
1084 2102 1140 2151 Hah
1160 2118 1186 2151 es
1199 2104 1335 2160 domnach,
1355 2103 1409 2152 rreil
1432 2103 1475 2153 ich
1487 2119 1541 2153 ver·

179 2173 277 2232 motha,
306 2187 332 2221 es
351 2173 432 2221 werde
452 2172 495 2220 der
513 2171 577 2221 11111
595 2172 690 2222 solches
710 2176 747 2222 nit
766 2174 855 2229 haben,
875 2173 925 2222 ihm
944 2173 1058 2223 dasselhe
1076 2189 1118 2222 vor
1131 2174 1222 2222 diesem
1240 2174 1419 2224 liberschicken
1439 2175 1542 2227 11111111

180 2243 234 2292 rreil
254 2258 279 2292 es
298 2245 357 2292 aher
375 2245 412 2291 nit
430 2243 577 2306 gescbehen,
597 2244 672 2307 gehet
691 2260 717 2293 es
737 2245 830 2298 biemit,
850 2245 900 2292 und
919 2245 966 2291 will
986 2244 1029 2293 des
1043 2244 1122 2293 Herrn
1137 2243 1334 2294 Guthedunkhen
1353 2245 1462 2294 dariibar
1479 2260 1542 2310 gean

179 2315 333 2363 remehmen.
363 2312 831 2370 (11111111111111111111.,1111111111
854 2315 877 2362 d.
903 2313 1017 2376 11111111
1037 2312 1127 2375 tosa.)
1164 2315 1418 2379 ResponsioKepleri
1438 2316 1542 2366 interd.

181 2382 297 2446 111111
316 2391 341 2432 et
355 2382 397 2433 20.
416 2384 466 2434 Jul.
482 2381 549 2432 1599
569 2386 661 2447 scripta
681 2400 734 2435 esse
754 2386 857 2441 ridetur,
878 2401 933 2434 cum
952 2386 977 2433 in
990 2386 1066 2434 literis
1080 2387 1102 2434 d.
1118 2383 1159 2433 20.
1173 2386 1225 2434 Jul.
1244 2386 1310 2435 datis
1323 2386 1469 2436 Herrartns
1480 2401 1540 2451 gra·

178 2456 227 2504 tias
246 2461 307 2520 agat
325 2471 368 2518 pro
388 2456 545 2517 responsione
558 2455 661 2518 Kepleri
682 2458 714 2505 ad
732 2458 890 2520 quaestiones
910 2470 976 2512 snas,
996 2471 1047 2504 rem
1066 2457 1145 2519 ipsam
1164 2471 1220 2504 rero
1242 2472 1291 2505 non
1311 2457 1414 2506 ulterius
1434 2465 1541 2519 premat,

177 2526 253 2575 semel
271 2532 368 2575 tantum
382 2527 485 2588 posthac
500 2523 712 2586 1111111111)
733 2527 765 2576 ad
785 2527 874 2576 Ursum
887 2527 983 2575 rediens
999 2527 1036 2574 his
1049 2527 1140 2575 verbis:
1161 2526 1204 2576 leb
1214 2525 1263 2575 hah
1278 2541 1323 2576 ans
1336 2527 1427 2576 Eurem
1442 2527 1541 2577 Sehrei·

176 2596 223 2645 ben
237 2597 348 2654 arachen,
368 2599 413 2646 nie
434 2597 497 2645 Euer
511 2596 570 2645 Reis
589 2597 655 2646 nach
668 2598 822 2646 Pennaticlrh
841 2597 891 2645 nnd
910 2597 953 2645 der
972 2597 1098 2647 convictus
1121 2612 1176 2645 cnm
1186 2596 1304 2659 Tychone
1317 2599 1462 2662 abgangen.
1495 2599 1540 2648 Ich

176 2668 322 2723 reruimme,
351 2668 388 2716 als
408 2669 438 2714 ob
456 2667 504 2715 riel
523 2666 644 2716 Schriften
671 2670 722 2717 nnd
742 2670 911 2717 Instrumenta
935 2683 980 2715 ron
1011 2668 1066 2715 denr
1089 2669 1198 2730 Jetzigen
1222 2667 1307 2732 Konig
1324 2683 1373 2717 ron
1393 2668 1541 2718 Dtncmark

176 2740 329 2788 rerarrestirt
347 2739 446 2787 rrorden
466 2753 527 2798 seyn
547 2738 644 2787 sollten.
683 2738 784 2788 Mbchte
802 2739 865 2786 rrobl
884 2739 981 2793 nissen,
1000 2739 1031 2786 ob
1044 2737 1127 2800 Tycho
1146 2740 1171 2786 in
1190 2739 1401 2787 observationibus
1419 2738 1541 2789 iortlahre

175 2809 226 2858 aad
245 2810 427 2863 observatores,
447 2810 492 2856 wie
511 2823 538 2856 er
556 2824 598 2857 ror
615 2810 709 2858 Jabren
729 2825 759 2857 zu
777 2810 838 2857 thun
857 2810 1004 2872 geptlogen,
1023 2810 1063 2856 hei
1083 2809 1134 2857 sich
1153 2808 1226 2857 baba.
1264 2808 1331 2858 Micb
1350 2811 1440 2858 nimmt
1459 2810 1538 2860 Wan-

175 2878 227 2936 der,
245 2882 291 2928 rrie
310 2879 362 2928 sich
383 2880 414 2928 Er
431 2879 482 2927 und
502 2879 545 2927 der
563 2880 640 2929 Ursus
660 2896 686 2928 so
706 2880 805 2928 nahend
833 2896 873 2927 um
894 2879 1013 2927 einander
1032 2879 1147 2928 dannocb
1165 2880 1285 2943 betragen
1305 2880 1414 2939 kitnden.
1441 2879 1542 2944 (Comp.

175 2964 230 2999 oum
248 2949 286 2998 bis
304 2950 389 2999 literas
408 2950 532 3012 Tychonis
552 2950 585 2998 ad
606 2951 761 2999 Herwartum
782 2965 855 3012 supra
875 2966 898 3012 p.
922 2947 995 3010 2³2.)

246 3104 273 3166 1)
292 3122 316 3169 p.
336 3103 397 3156 236.
435 3107 529 3157 Morem
549 3117 650 3158 secutus
671 3109 747 3158 Ursus
767 3115 819 3157 turn
838 3110 954 3168 temporis
980 3108 1209 3157 usitatum=librum
1228 3123 1298 3157 suurn
1318 3110 1444 3171 inscripsit
1463 3111 1543 3159 nimia

176 3190 233 3227 osus
261 3178 387 3227 verborum
417 3180 500 3241 copia:
526 3179 557 3229 N.
577 3179 608 3228 R.
628 3180 684 3229 Ursi
703 3180 840 3229 Dithrnsrsi
860 3180 884 3228 S.
906 3179 932 3227 0.
954 3178 988 3227 M.
1010 3178 1182 3227 Mathematici
1209 3179 1239 3228 de
1263 3180 1434 3228 astronomicis
1462 3179 1540 3243 hypo·

174 3247 285 3298 thesibus
303 3263 347 3298 seu
374 3249 404 3298 de
423 3256 558 3310 systemate
577 3253 702 3299 mundano
731 3257 854 3300 tractatur
874 3251 1050 3298 astronomicus
1073 3256 1098 3297 et
1117 3250 1345 3313 cosmographiam:
1375 3264 1432 3298 cunr
1449 3253 1539 3312 jncun-

175 3318 219 3368 dos
244 3325 296 3368 tum
324 3319 475 3369 utilissimus.
514 3321 577 3370 Item
605 3323 826 3370 astronomicarum
853 3321 1024 3382 hypothesium
1052 3333 1069 3367 a
1093 3334 1120 3367 se
1146 3321 1314 3377 inventarum,
1343 3320 1485 3369 oblatarum
1516 3329 1541 3370 at

176 3391 297 3440 editarum
316 3399 404 3441 contra
422 3393 541 3455 quosdam
561 3407 603 3441 eas
623 3394 667 3441 sihi
687 3393 819 3442 temerario
839 3407 882 3439 seu
901 3393 981 3453 potius
1000 3391 1094 3439 nelarie
1113 3405 1174 3439 ausu
1195 3397 1339 3454 arrogantes
1359 3390 1495 3440 vindicatio
1515 3398 1541 3440 st

174 3461 293 3516 detonsio,
313 3476 375 3526 eque
394 3465 471 3512 sacris
490 3463 679 3512 demonstratio:
700 3463 881 3525 earundemque
900 3477 958 3510 nsua
977 3461 1022 3510 dte.

245 3617 273 3682 7)
292 3637 315 3684 p.
337 3617 396 3668 219.
435 3620 552 3686 Maglona
571 3623 594 3670 iu
616 3622 823 3671 „Tbeoricarnm“
844 3620 997 3683 praefatione
1015 3620 1077 3668 haec
1095 3620 1199 3680 proiert:
1220 3618 1248 3666 ln
1267 3619 1314 3668 bac
1333 3618 1479 3668 narratione
1497 3635 1538 3670 sa·

172 3706 274 3757 quantur
301 3692 484 3742 observationes
504 3693 660 3742 eruditissimi
680 3695 722 3741 riri
751 3700 776 3740 et
801 3692 1006 3754 praestantissimi
1026 3690 1128 3738 artificis
1147 3689 1202 3737 Nic.
1223 3689 1362 3751 Copernici,
1391 3704 1458 3752 qnae
1479 3705 1537 3742 cnm

173 3764 242 3814 coelo
260 3763 363 3813 mirifice
382 3765 554 3820 consentiunt,
575 3764 695 3826 neglectis
715 3772 799 3811 tamen
818 3763 882 3810 illius
901 3761 1076 3822 hypothesibus
1096 3760 1126 3809 de
1146 3760 1273 3821 multiplici
1292 3759 1432 3809 mobilitate
1445 3761 1535 3812 Terra·

173 3837 230 3883 stris
248 3835 314 3898 globi
334 3843 359 3883 et
377 3835 409 3884 de
427 3837 510 3897 quiete
528 3843 580 3883 tum
595 3835 658 3883 Solis
677 3837 701 3882 11
722 3841 806 3882 111111
825 3833 930 3881 universi
949 3840 1002 3879 tum
1021 3831 1113 3880 stellati
1128 3831 1200 3883 orbis,
1225 3845 1285 3893 quas
1305 3839 1332 3878 nt
1351 3830 1538 3882 multitudinem

173 3904 333 3968 sphaerarum
352 3907 457 3954 eritaret
475 3907 670 3970 ingeniosissime
689 3905 730 3953 ille
749 3903 846 3967 quidem
866 3904 1030 3965 excogitavit,
1053 3902 1096 3950 sed
1115 3901 1176 3954 hae,
1197 3909 1225 3948 nt
1244 3902 1315 3948 nimis
1335 3914 1351 3948 a
1370 3902 1476 3951 raritate
1496 3918 1536 3952 re-

172 3981 257 4023 motae
276 3982 349 4038 atque
369 3977 500 4032 absurdae,
521 3991 538 4025 a
556 3978 651 4026 1111111
670 3976 721 4024 iere
740 3975 916 4036 exploduntur.
943 3972 1005 4020 adeo
1024 3981 1051 4020 ut
1069 3972 1139 4019 multi
1159 3973 1233 4019 etiam
1253 3972 1414 4020 inclementer
1432 3973 1458 4020 in
1476 3982 1534 4023 tau·

174 4052 226 4093 turn
245 4047 329 4104 rirnm,
349 4047 387 4093 cui
406 4047 535 4109 plurimum
555 4048 628 4096 debet
647 4053 824 4108 aeternumque
844 4045 942 4092 debebit
970 4044 1133 4096 astronomia,
1161 4042 1208 4090 bac
1233 4055 1284 4089 una
1310 4041 1340 4089 de
1367 4056 1445 4091 causa
1463 4044 1533 4093 inve-

171 4114 275 4170 hantur;
296 4118 396 4164 tametsi
415 4133 486 4166 nerno
505 4129 614 4166 motuum
634 4120 754 4166 rationem
773 4115 820 4164 hac
840 4114 1031 4177 ipsaCopernici
1046 4113 1220 4175 expeditiorem
1245 4119 1270 4160 et
1283 4112 1412 4161 certiorem
1425 4113 1536 4176 prolerre

174 4185 298 4236 hactenus
317 4189 430 4248 potuerit.

247 4257 345 4307 Deinde
363 4258 410 4307 alio
429 4259 497 4307 loco:
523 4257 574 4306 Noa
594 4258 729 4319 Cepernico
752 4258 788 4306 ita
809 4255 1009 4307 adhaerebimus.
1029 4260 1056 4301 nt
1075 4268 1123 4301 non
1142 4253 1219 4301 solnm
1238 4252 1383 4314 angulonrm
1403 4254 1536 4304 diremiss-

173 4339 233 4385 tem,
253 4330 346 4378 orbium
365 4333 533 4411 proportiones
553 4335 577 4376 11
596 4329 768 4390 dispositiones
788 4326 969 4388 eorundemque
989 4323 1099 4373 a'l'erra
1118 4325 1258 4379 dromones,
1278 4324 1419 4373 sedetiam
1436 4333 1467 4373 nt
1484 4341 1536 4374 uno

174 4401 246 4450 serbo
266 4401 346 4449 dicam
366 4402 449 4449 omnia
468 4403 565 4448 omnino
585 4399 758 4461 phaenomena
778 4399 809 4445 ad
829 4397 893 4444 illins
921 4403 1029 4443 mentem
1055 4396 1180 4443 rideamus
1198 4394 1352 4443 efformasse:
1380 4395 1427 4445 hoc
1448 4404 1536 4446 111111

174 4473 248 4521 nnico
267 4480 379 4533 excepto,
397 4472 463 4535 quod
477 4471 612 4533 Copernico
632 4478 719 4518 contra
737 4484 834 4517 ornnem
853 4468 982 4515 raritatem
1001 4474 1026 4513 et
1045 4465 1223 4527 philosophiam
1236 4464 1314 4512 Terra
1332 4465 1430 4533 mobilis
1450 4475 1478 4515 et
1491 4466 1536 4517 Sol

173 4556 229 4590 conr
249 4549 336 4590 octaro
355 4543 412 4590 orbe
431 4545 587 4625 quiescentes
607 4541 734 4595 ridentur,
764 4539 832 4587 nobis
853 4552 909 4587 reto
929 4538 1077 4584 contrarium
1104 4537 1253 4597 supponitur.
1292 4534 1385 4593 Quodsi
1405 4528 1446 4600 qui
1474 4548 1534 4586 sunt

173 4614 217 4662 riri
237 4614 386 4664 doctissimi.
415 4617 456 4676 qni
475 4626 539 4660 nora
558 4610 707 4672 Cassiopeae
726 4610 800 4659 stella
820 4624 884 4657 auno
910 4605 975 4654 ¹572
995 4614 1020 4654 et
1039 4613 1152 4655 cometae
1171 4621 1236 4654 anno
1259 4601 1325 4653 1579
1344 4606 1503 4670 diligenter
1497 4625 1534 4657 11-

174 4686 272 4745 spectis
293 4685 316 4732 id
337 4685 381 4733 1111
401 4699 430 4732 ex
450 4685 574 4745 utriusque
595 4681 666 4729 lactis
686 4680 895 4731 observationibus
914 4677 1072 4742 persuadent,
1092 4684 1121 4725 ut
1138 4691 1264 4725 erroneam
1284 4675 1412 4739 Ceperoici
1430 4686 1535 4728 senten·

174 4755 234 4802 tiam
255 4755 285 4802 de
304 4755 395 4804 Terrae
414 4764 482 4802 motu
502 4768 557 4802 rero
577 4754 711 4813 proximam
731 4753 892 4804 arbitrentur,
920 4754 946 4797 et
965 4748 1018 4796 aliis
1036 4756 1166 4810 propterea
1185 4747 1299 4796 adhibitis
1320 4747 1535 4800 observationibus

177 4826 359 4889 rationibusque
378 4826 462 4875 itidem
483 4824 637 4874 naturalibus
655 4825 776 4886 opinionis
793 4821 857 4870 illim
877 4819 1086 4870 confirmationem
1104 4818 1274 4882 polliceantur,
1296 4817 1410 4881 equidem
1428 4834 1478 4871 nae
1491 4835 1535 4870 eor
