3428 5542
623 351 747 403 01303
766 353 928 420 amitam.
1251 311 1256 320 ¹
1390 353 1455 422 ³57

96 512 123 576 ei
146 519 181 575 tu
201 508 358 590 intelligis,
385 509 521 591 Oedipus
545 511 722 587 1111111031ος
746 512 811 592 ipse
835 532 892 574 non
919 513 1063 593 intelligo,
1089 535 1143 576 nec
1163 514 1285 596 scripsi,
1310 524 1344 577 ut
1367 516 1453 596 lege-

96 610 208 673 rentur,
231 600 286 661 sed
309 608 344 661 ut
366 619 412 661 me
437 619 609 662 exercerem
632 621 692 662 003
714 602 792 663 vice.
838 601 980 664 Extorsit
1002 600 1141 665 Schelius
1165 603 1353 666 mirabiliter.

166 706 288 763 Tandem,
308 701 458 756 concludens
478 706 601 770 Keplerus
618 706 665 756 has
683 706 767 756 literas
785 706 908 772 longiores
928 705 975 769 (10
993 709 1142 773 paginarum
1167 710 1193 758 in
1211 707 1296 771 folio),
1321 710 1354 758 sd
1377 726 1453 774 quae-

95 781 201 830 stionem
230 778 422 828 uueuomicam
449 778 576 840 respondit
593 778 701 827 Fabricii
720 777 820 839 („Scire
846 780 931 842 cupio,
958 793 991 829 an
1009 773 1197 845 hypothesisQ
1224 775 1289 844 etQ
1315 781 1347 829 ad
1371 796 1454 831 remm

93 856 189 902 motum
207 847 272 900 Solis
294 849 375 912 petius
393 849 540 911 respendere
564 848 655 898 debeat
670 856 715 898 -tuo
737 849 846 910 jndicio,
871 857 901 899 ut
926 853 1075 914 superiores,
1104 852 1142 901 vel
1167 852 1200 901 ad
1225 852 1332 901 medinm
1350 860 1452 902 motum.

95 921 257 984 Quaeso,mi
274 920 486 984 praestantissime
507 928 533 969 et
550 920 622 969 simul
641 921 811 969 amantissime
830 921 952 984 Keplere,
981 937 1025 985 pro
1044 921 1156 973 Uranica
1174 924 1286 973 amicitia
1303 924 1453 986 respondeas

93 993 128 1045 sd
145 993 304 1057 questiones
321 991 422 1040 dirersis
440 991 517 1041 literis
535 993 681 1054 propositas.
720 989 762 1040 Sic
784 1007 824 1041 me
843 993 973 1056 plurimum
995 994 1092 1055 jurabis
1112 1001 1138 1042 et
1160 1008 1199 1043 me
1223 993 1357 1043 adomnia
1383 995 1452 1044 alac·

91 1066 181 1115 riorem
206 1061 301 1113 reddes.
340 1061 380 1110 Tu
397 1061 457 1111 mihi
483 1063 517 1111 sis
536 1061 637 1125 Apollo,
667 1068 694 1110 tu
714 1062 843 1125 Cynosura
861 1072 929 1121 esto,
956 1064 1100 1124 10000103,
1127 1064 1275 1114 1011300103
1299 1080 1369 1114 meus
1389 1072 1451 1116 esto.

92 1134 183 1186 Nullus
202 1134 263 1183 mihi
281 1133 314 1183 sd
339 1140 423 1182 votum
439 1134 520 1198 magis
544 1133 669 1183 satisfecit
697 1139 722 1182 et
749 1134 894 1184 satisfacere
912 1141 1008 1198 potest,
1033 1148 1107 1198 quam
1126 1142 1161 1184 tu.
1198 1136 1263 1186 Vale
1281 1137 1367 1201 igitur,
1396 1139 1452 1201 rige

93 1205 213 1262 010010,
243 1211 270 1254 01
287 1203 415 1255 Martialis
432 1205 572 1254 felicissime
593 1211 620 1254 st
638 1206 754 1255 citissime
773 1205 888 1261 absolve,
907 1213 933 1255 et
951 1207 1049 1270 saepius
1067 1205 1115 1256 huc
1133 1207 1269 1270 perscribe,
1297 1208 1450 1264 000310101-
1471 1218 1474 1225 ⁴

91 1279 155 1329 tiam
171 1278 298 1339 inceptam
317 1275 412 1331 desere,
431 1275 493 1325 forte
510 1283 566 1340 post
585 1289 677 1325 sunum
695 1292 735 1327 me
754 1291 804 1327 000
822 1277 925 1327 habebis
943 1279 1116 1340 superstitem
1146 1276 1171 1339 0*
1192 1278 1293 1328 directio
1311 1292 1371 1342 prae
1392 1279 1449 1328 fori·

91 1347 152 1399 bns!
189 1347 259 1398 Deus
277 1345 336 1396 mihi
356 1346 433 1396 adsit!
470 1346 576 1396 Amen.“
1261 1381 1264 1386 -

164 1417 190 1469 2.
210 1414 278 1480 (12.)
298 1419 356 1481 Apr.
377 1414 455 1467 1605.
476 1417 578 1468 0110130
597 1418 736 1467 Frisiorum.
941 1418 1011 1469 Tuae
1029 1418 1205 1469 Praestantias
1224 1420 1415 1470 studiosissimus

1059 1486 1093 1540 D.
1113 1491 1288 1540 Fabricius.

128 1590 131 1597 ’
180 1585 302 1636 adhaec
321 1600 379 1650 ergo
399 1576 604 1656 Keplerus:
638 1577 752 1639 Verum
783 1576 864 1639 Solis
893 1585 1005 1639 motum
1033 1598 1089 1657 ego
1118 1598 1173 1658 per
1201 1581 1308 1640 omnia
1330 1599 1447 1659 sequor,

92 1667 186 1730 ctiam
208 1667 238 1728 iu
262 1667 383 1728 Venere
407 1676 439 1727 ct
462 1666 620 1741 Mercurio,
645 1686 700 1727 eeu
723 1665 875 1728 Ariadnes
900 1668 990 1729 filum.
1037 1667 1116 1729 Nam
1140 1688 1207 1729 cum
1226 1670 1446 1730 100610οΡ10-

89 1757 224 1819 lemaeus
248 1763 432 1836 sequeretur,
458 1774 532 1835 opus
556 1754 614 1834 ipsi
639 1755 694 1817 fuit
716 1756 875 1834 praeterea
898 1756 1043 1838 epicyclio
1063 1776 1115 1817 seu
1131 1766 1391 1819 eccentreceentro
1411 1757 1448 1818 ob
1478 1819 1481 1828 ,

92 1853 272 1927 aequantem
296 1842 378 1906 Solis
403 1842 581 1922 ignoratum.

176 1934 280 2014 Atque
295 1933 339 1994 its
362 1933 411 1994 vel
434 1933 558 1994 tandem
573 1933 650 1994 vale.
694 1929 809 2012 Scripsi
828 1931 878 1995 11.
895 1930 965 1995 001.
986 1930 1079 1996 1605.
1132 1933 1241 1995 Saluta
1256 1935 1294 1996 D.
1313 1933 1446 1996 Cancel-

92 2023 209 2097 larium.
255 2021 362 2084 Scribe
386 2021 476 2084 situm
500 2019 627 2084 Ostelae
651 2021 689 2081 ad
714 2021 855 2097 Emdam,
881 2020 1023 2084 Auricum
1047 2023 1101 2084 610.
1132 2031 1163 2083 01
1186 2023 1271 2085 101110
1296 2025 1447 2085 013311030

92 2112 215 2192 eclipsis
239 2111 411 2172 observata.
1133 2111 1204 2173 Jolr.
1228 2110 1356 2192 Kepler.

167 2216 313 2274 Proximus,
341 2230 405 2280 quae
424 2215 471 2264 bas
498 2215 647 2265 subsecutae
670 2222 727 2264 snut
754 2214 841 2265 literas
859 2215 961 2279 Kepleri
984 2217 1060 2266 datae
1079 2216 1102 2266 d.
1118 2216 1141 2265 1.
1155 2221 1221 2283 Aug.
1242 2215 1319 2266 1607.
1339 2220 1449 2269 murima

92 2304 123 2340 ex
141 2294 212 2353 parte
230 2287 320 2338 Martis
338 2287 459 2336 theoriam
479 2287 596 2342 attinent,
615 2300 690 2350 quare
708 2286 754 2335 has
773 2286 820 2335 hoe
837 2287 891 2336 loco
910 2291 1136 2350 praetermittentes
1155 2291 1287 2339 transimus
1303 2291 1334 2338 ad
1346 2290 1447 2339 ultimas

10 2358 17 2373 '
90 2374 108 2411 a
125 2359 235 2424 Keplero
255 2360 287 2408 ad
305 2359 445 2408 Fabricium
464 2357 537 2407 datas
555 2357 578 2405 d.
601 2354 641 2405 10.
660 2357 724 2406 Nor.
747 2354 823 2414 1608,
843 2372 857 2407 0
875 2360 962 2422 quibus
980 2374 1063 2422 pauca
1080 2360 1128 2410 hue
1148 2361 1281 2410 referenda
1299 2368 1365 2410 sunt.
1395 2361 1445 2409 lni-

88 2432 153 2482 tium
169 2430 334 2496 respondendi
352 2430 414 2479 facit
432 2429 464 2479 ad
482 2429 567 2478 literas
586 2429 693 2478 Fabricii
712 2429 736 2477 d.
756 2429 779 2478 d.
799 2427 823 2476 2.
844 2426 913 2491 (12.)
933 2429 988 2479 001.
1011 2428 1092 2490 1608,
1117 2433 1143 2480 10
1162 2433 1249 2496 quibus
1267 2432 1335 2481 haud
1352 2447 1447 2497 paucas

89 2501 295 2568 deprehendimus
313 2501 471 2566 quaestiones
492 2500 524 2548 ad
543 2499 702 2564 astrologiam
720 2502 882 2564 pertinentes,
901 2503 1025 2551 scribens:

181 2591 270 2664 Quod
294 2600 436 2671 aspectus
460 2598 622 2669 operantur
645 2589 675 2651 in
698 2589 773 2670 ipsis
797 2591 925 2670 punctis,
951 2590 990 2662 16,
1015 2589 1070 2664 313,
1096 2609 1164 2651 0330
1187 2591 1328 2653 indicium
1351 2611 1445 2670 pecu-

89 2681 175 2745 liaris
200 2680 396 2743 ordinationis
420 2679 487 2740 Dei.
536 2677 603 2749 Quo
627 2678 727 2741 verius
751 2679 855 2739 dixisti
879 2679 1117 2758 theologice,
1153 2680 1209 2741 hoc
1232 2681 1329 2740 minus
1353 2699 1445 2741 accu-

90 2779 157 2834 rate
182 2771 219 2832 36
244 2769 423 2852 physicas
447 2769 540 2847 leges.
587 2766 663 2828 Levi
687 2768 897 2829 emendatione
928 2768 1021 2829 coibit
1053 2777 1106 2829 tna
1129 2769 1281 2830 sententia
1301 2788 1368 2831 cum
1390 2787 1445 2830 ve-

93 2860 194 2923 ritate.
250 2857 396 2920 Indicium
429 2865 478 2917 est
510 2857 661 2931 nimirum,
696 2876 754 2918 non
787 2877 855 2918 esse
886 2856 1072 2918 materialem
1110 2857 1331 2930 conditionem,
1369 2878 1444 2938 quae

92 2956 250 3028 aspectum
272 2946 469 3020 determinat,
494 2945 572 3007 sicut
595 2955 643 3007 est
667 2946 832 3007 materialis
857 2946 1008 3022 conditio,
1034 2966 1108 3025 quae
1134 2946 1314 3008 determinat
1337 2966 1447 3026 opera·

91 3038 207 3100 tionem
230 3035 306 3099 radii
323 3033 415 3108 Solis,
435 3034 551 3096 scilicet
575 3043 659 3096 recta
683 3035 802 3115 objecta
816 3036 928 3096 Terrae
949 3035 1131 3114 superficies.
1178 3037 1258 3099 Nam
1279 3055 1336 3116 quo
1351 3037 1447 3097 minus

89 3134 173 3189 10010
197 3125 317 3205 objecta
340 3129 390 3185 est
412 3124 519 3204 aliqua
538 3123 721 3203 superficies,
746 3125 801 3185 hoc
817 3125 915 3186 minus
939 3125 1048 3185 01110311
1062 3133 1110 3184 031
1124 3124 1202 3185 ictus
1228 3125 1304 3186 radii
1320 3125 1445 3187 Solaris.

88 3214 153 3278 Sed
175 3223 283 3276 contra
309 3214 338 3276 10
364 3213 553 3293 aspectibus,
587 3213 736 3291 quianon
761 3213 994 3293 aequiparantur·
1022 3213 1066 3274 1111
1091 3213 1249 3274 continuae
1274 3214 1445 3294 quantitati,

88 3304 144 3365 scd
171 3303 272 3383 potius
301 3301 465 3375 discretae,
499 3320 557 3362 non
586 3310 712 3380 agentes
741 3302 839 3380 magis
868 3309 899 3362 01
927 3301 1024 3362 101003
1052 3320 1106 3381 pro
1135 3303 1239 3380 majori
1269 3303 1316 3363 vel
1341 3303 1447 3364 minori

89 3392 284 3455 inclinatione
309 3391 432 3452 duorum
446 3391 605 3465 radiorum,
631 3390 697 3451 ideo
717 3391 862 3462 indicant,
887 3390 985 3452 Deum
1001 3392 1157 3451 ordinasse
1173 3391 1336 3476 facultates
1352 3410 1446 3471 quas·

92 3481 164 3544 dam
188 3480 335 3543 animales
359 3479 389 3542 in
413 3479 460 3540 his
481 3479 593 3553 Terris,
616 3480 727 3540 mentis
751 3479 970 3560 quodammodo
994 3478 1158 3559 participes
1177 3480 1214 3540 36
1238 3480 1447 3559 percipiendas

88 3568 290 3651 geometricas
317 3568 565 3649 pulchritudines,
590 3588 644 3629 seu
668 3569 760 3630 etiam
784 3567 970 3649 quantitates
986 3568 1145 3641 discretas,
1171 3568 1277 3647 quibus
1293 3569 1444 3647 perceptis

88 3659 174 3740 ipsae
198 3666 303 3720 essent
326 3676 472 3738 operosae
496 3658 526 3718 in
551 3657 733 3719 exsudandis
756 3656 928 3736 vaporibus.
975 3657 1058 3718 Haec
1088 3664 1137 3717 est
1160 3655 1250 3735 igitur
1274 3656 1327 3717 illa
1349 3676 1444 3737 pecu·
1501 3733 1506 3744 ⁹

87 3747 172 3810 liaris
194 3746 253 3810 Dei
276 3746 435 3822 ordinatio,
461 3747 624 3808 facultates
648 3746 718 3807 illae
742 3755 814 3807 sunt
836 3745 983 3824 imagines
1002 3745 1068 3818 Dei,
1094 3744 1294 3824 percipientes
1318 3764 1442 3824 geome-
1521 3755 1528 3766 '

88 3835 198 3899 tricem
220 3835 481 3916 pulchritudinem,
503 3842 536 3896 ut
557 3834 650 3896 Deus.

174 3933 286 3985 Deinde:
310 3924 506 4004 Astrologiea
519 3924 682 4004 interjicis:
708 3923 756 4002 qui
772 3923 896 4002 planeta
919 3921 957 3982 ab
981 3920 1040 3982 alio
1055 3922 1199 4001 patiatur,
1225 3942 1263 3982 an
1283 3923 1332 4001 qui
1347 3922 1444 3986 minor

85 4022 118 4076 et
142 4013 308 4090 obscurior,
328 4034 370 4078 ,an
395 4032 467 4075 vero
490 4013 540 4092 qui
563 4013 705 4075 inferior?
750 4011 817 4090 Ego
841 4010 1039 4090 astrologiam
1060 4010 1139 4072 inter
1164 4011 1326 4073 facultates
1342 4020 1441 4074 terre·

84 4110 166 4166 31103
191 4122 327 4165 exerceo.
380 4103 414 4164 In
440 4102 524 4163 coelo
548 4102 630 4163 nulla
654 4110 702 4162 cst
724 4107 826 4161 mutua
849 4101 962 4180 passis,
988 4101 1041 4161 sed
1065 4099 1095 4161 in
1111 4100 1308 4178 imaginativa
1323 4103 1442 4164 occulta

84 4191 283 4254 nascentium.
320 4184 392 4253 ¹Sed
417 4192 539 4271 propius
568 4190 606 4251 ad
629 4190 777 4270 principia
800 4190 995 4269 astrologica.
1044 4187 1263 4268 Significatoris
1293 4199 1341 4251 031
1364 4190 1440 4270 pati,

83 4280 277 4359 promissoris
301 4298 402 4359 agere.
448 4279 530 4359 Ergo
555 4299 621 4341 cum
645 4278 673 4341 in
698 4277 809 4341 saniori
833 4278 1000 4357 astrologia
1023 4278 1241 4356 significatores
1272 4279 1344 4338 nrrlli
1368 4280 1438 4348 sint,

82 4369 141 4433 nisi
166 4369 234 4445 Sol,
267 4370 368 4444 Luna,
399 4369 530 4431 medium
553 4369 643 4438 coeli,
677 4368 858 4440 ascendens,
882 4368 939 4429 soli
963 4367 1054 4447 igitur
1081 4366 1112 4427 hi
1134 4368 1297 4449 patientur.
1343 4368 1440 4429 Simul

80 4465 183 4522 tamen
208 4466 239 4521 et
262 4458 316 4522 Sol
341 4465 374 4520 et
396 4461 483 4520 Luna
507 4467 599 4539 agent
622 4459 650 4519 in
676 4458 889 4519 ascendentem
912 4465 944 4517 et
966 4456 1094 4518 medium
1119 4456 1211 4527 coeli,
1236 4457 1306 4536 quia
1329 4456 1383 4519 Sol
1408 4468 1439 4520 01

80 4547 170 4611 Luna
192 4554 265 4610 sunt
287 4546 379 4610 etiam
402 4548 611 4628 promissores.

125 4654 268 4776 ²⁰lgersique
285 4655 399 4705 Fabricio
418 4653 607 4720 ,prognosties“
627 4655 722 4718 petenti
742 4653 857 4710 nunciat,
877 4666 909 4702 ea
936 4651 1090 4715 conscribere
1112 4665 1139 4701 se
1166 4651 1325 4701 intermisisse
1345 4652 1435 4719 (comp.

79 4742 104 4792 p·
150 4723 263 4867 06611000
280 4814 431 4868 Fabricii
448 4814 536 4864 literae
555 4812 586 4862 36
599 4813 735 4878 Keplerum
754 4811 829 4862 datae
848 4811 948 4861 suntd.
970 4810 1010 4860 12.
1032 4808 1186 4873 (1311130.
1208 4808 1285 4869 1600,
1306 4814 1433 4878 equibus,

78 4885 191 4952 01110110
201 4880 329 4938 htersrum
341 4887 482 4964 commercii
493 4886 569 4936 110001
579 4885 710 4939 faciamus.
728 4882 792 4934 haee
804 4897 888 4951 pauca
899 4883 1074 4934 desumsimus:
1094 4896 1149 4949 sgo,
1162 4884 1249 4947 iuquit,
1269 4888 1338 4950 puto,
1351 4884 1433 4937 Deum
