3414 5550
689 270 845 336 omem.
1388 273 1449 342 143

84 434 201 502 planum
214 433 315 489 dictum
328 430 482 490 incidentes
503 428 659 503 &suumin
677 431 818 489 sediaoum
839 431 867 489 in
887 399 1075 495 irraiienalis,
1101 440 1181 504 patet
1200 435 1273 491 banc
1290 435 1450 495 divisionem
1502 457 1505 464 ’

85 530 142 566 non
165 529 226 567 esse
246 512 387 583 propriam
406 511 524 582 quinque
544 511 707 584 figurarum.
745 512 816 569 usn
836 511 924 583 igitur
947 513 974 568 in
988 513 1109 584 Epiron.
1123 517 1200 572 Astr.
1215 515 1264 570 lib.
1280 516 1313 570 ll.
1338 517 1448 572 demon·
1533 538 1539 544 ·

85 593 175 646 stravi
188 592 329 663 propriam
343 608 405 648 esse
418 592 569 662 ignitamm
577 591 732 661 planarum,
752 591 926 663 regularium
938 593 1198 658 deuomtrabilium,
1219 593 1243 648 si
1263 594 1330 650 illae
1345 595 1450 651 οὶῐοοΙο

85 673 273 729 inscribantur
286 673 392 728 abnuo
405 670 467 740 ejus
476 677 593 740 puncto.
1405 677 1407 685 ’

166 767 194 835 e)
215 769 287 825 Solis
308 768 436 839 intellige
450 783 561 823 annum.
589 768 660 822 Nam
673 769 736 821 dum
750 766 798 822 Sol
812 783 913 824 annum
927 777 1061 838 permeat,
1082 769 1163 823 Lnne
1181 770 1323 826 duodecin
1339 787 1447 842 menses

84 850 196 904 conficit
215 850 283 904 iere.
311 850 442 919 Adeoque
461 847 534 903 hanc
554 847 775 902 distributionem
799 849 864 901 anni
887 855 918 901 et
938 850 1214 903 accommodationem
1234 857 1356 904 motuum
1374 850 1449 906 Solis
1495 842 1508 863 ⁸

84 938 116 984 et
128 930 239 992 Lunae,
263 928 363 983 saltem
385 928 521 1002 inprime
541 927 727 997 proportionis
746 926 856 981 illorum
869 934 1019 995 conceptu,
1042 945 1096 999 ego
1118 929 1325 1000 archetypioam
1339 936 1443 995 statuo,

83 1026 177 1080 exque
197 1008 251 1063 hac
271 1007 443 1063 ordinatione
466 1015 497 1060 et
518 1024 556 1060 ex
576 1022 709 1060 concursu
732 1008 902 1062 naturalium
924 1022 1072 1063 causarum
1093 1010 1237 1063 metricum
1257 1024 1356 1064 causas
1379 1027 1446 1065 eruo

83 1090 255 1160 quarundam
275 1088 509 1158 inaequalitatum
529 1087 558 1140 in
571 1087 666 1140 Luna:
685 1094 717 1140 ut
729 1087 821 1141 monui
835 1087 862 1141 in
876 1087 1079 1157 prolegomenis
1093 1088 1304 1158 Ephemeridum
1318 1097 1348 1144 st
1361 1091 1446 1145 doceo

83 1169 168 1238 plene
182 1170 210 1224 in
223 1168 298 1238 Epit
314 1171 390 1222 Astu.
404 1168 453 1222 lib.
469 1167 516 1221 lV.
544 1165 638 1220 Simile
652 1167 716 1237 quid
729 1166 830 1220 ibidem
848 1167 970 1221 invenies
984 1167 1070 1223 etiam
1089 1170 1123 1222 de
1138 1168 1315 1238 proportione
1330 1171 1395 1224 anni
1410 1171 1445 1224 ad

82 1249 270 1304 revolutiones
283 1246 397 1302 diurnas
412 1246 469 1303 360
491 1242 534 1315 (in
547 1246 637 1316 prima
655 1241 822 1314 intentione)
844 1247 942 1317 quibus
960 1249 1097 1303 accedunt
1115 1249 1211 1303 deinde
1231 1249 1267 1302 ob
1286 1265 1447 1305 concursum

83 1343 232 1385 musamm
244 1326 431 1382 revolutiones
446 1321 517 1385 5¹is:
532 1327 605 1380 unde
618 1326 728 1381 elicitur
741 1341 815 1381 nova
828 1327 959 1397 sequutio
974 1329 1114 1398 temporis.
1141 1327 1205 1382 Etsi
1218 1328 1342 1384 delibero
1356 1330 1446 1385 adbuc

83 1408 347 1477 observationesque
369 1408 507 1476 expendo.

163 1501 189 1572 f)
216 1505 277 1558 Ηοο
295 1502 402 1573 quidem
416 1503 630 1557 socidentarium
644 1509 696 1565 est,
716 1519 771 1556 non
785 1503 1001 1573 arobetypicum.
1029 1504 1101 1557 Nsm
1113 1510 1147 1558 ut
1159 1506 1243 1558 doceo
1256 1505 1306 1560 lib.
1320 1504 1356 1560 V.
1371 1506 1442 1559 Har·

82 1584 263 1647 rnonicorum,
293 1583 435 1652 periodica
455 1583 634 1652 planetarum
655 1589 782 1651 tempora
804 1591 870 1636 sunt
894 1600 931 1636 ex
958 1583 1123 1637 harmonicis
1145 1583 1446 1654 contemperetiouibus

82 1672 206 1718 motuum
227 1670 428 1717 extremorum:
458 1663 486 1716 in
509 1661 628 1732 apheliis
651 1662 724 1715 enim
745 1662 840 1716 debuit
862 1678 924 1715 esse
951 1669 1074 1717 motuum
1101 1663 1244 1734 proportio
1272 1680 1344 1734 quae
1367 1663 1386 1718 2
1410 1665 1446 1718 sd

82 1744 185 1807 isere,
207 1744 235 1797 in
248 1742 391 1812 periheliis
405 1758 487 1805 vero,
511 1757 583 1812 qnae
603 1740 621 1795 5
644 1743 679 1795 sd
703 1741 748 1805 12,
772 1750 805 1795 ut
823 1741 930 1795 scilicet
950 1743 1022 1797 inter
1035 1743 1149 1799 Saturni
1170 1744 1311 1814 aphelium
1324 1743 1444 1798 etJoris

81 1823 247 1894 peribelium
270 1827 368 1892 posset
389 1836 451 1874 esse
481 1821 820 1891 diapente-epi·diapason
849 1819 962 1892 (quinta
984 1838 1069 1891 supra
1091 1818 1249 1891 octavam),
1277 1822 1351 1878 inter
1378 1839 1444 1878 vero

59 1917 61 1921 ·
80 1903 196 1958 Saturni
215 1901 379 1972 peribolium
400 1908 431 1954 et
442 1901 520 1955 Jovis
543 1900 685 1970 aphelium
707 1901 860 1971 perfectum
883 1902 1018 1970 diapason
1040 1898 1184 1971 (octava),
1209 1903 1274 1973 quis
1295 1903 1349 1957 hae
1372 1904 1444 1958 duae

80 1982 242 2037 harmoniae
257 1982 327 2035 cubo
342 1988 482 2052 cognatae
496 1987 570 2034 sunt.
598 1980 676 2034 Haeo
690 1981 762 2034 enim
775 1980 908 2050 primast
922 1980 1104 2052 archetypica
1116 1982 1144 2036 in
1158 1983 1277 2036 motibus
1291 1990 1336 2036 est
1348 1998 1442 2037 causa.

61 2085 69 2090 ·
81 2064 161 2125 Quod
176 2063 199 2115 si
214 2061 300 2134 igitur
312 2067 346 2113 ut
359 2060 532 2130 apheliorum
546 2068 680 2122 motuum,
703 2061 743 2113 sic
761 2067 883 2114 totarum
900 2061 1074 2130 periodorum
1094 2063 1236 2132 proportio
1250 2071 1326 2117 esset
1339 2077 1410 2132 quse
1425 2061 1443 2116 2

80 2144 116 2197 ad
131 2143 164 2205 5,
188 2149 253 2195 tunc
268 2139 388 2194 in-snnis
404 2141 442 2194 60
457 2140 652 2210 contingerent
664 2141 790 2208 praecise
805 2142 876 2194 duae
895 2141 1082 2196 revolutiones
1095 2141 1222 2205 Saturni,
1244 2142 1363 2212 quinque
1377 2158 1443 2195 vero

78 2222 171 2282 loris:
187 2221 215 2274 in
229 2220 308 2278 annis
325 2217 362 2274 12
377 2235 433 2275 una
445 2220 538 2274 Jovis:
561 2226 591 2273 et
603 2219 738 2275 Saturnus
753 2226 784 2273 et
796 2220 906 2288 Jupiter
920 2219 1060 2288 conjuncti
1073 2222 1151 2276 verbi
1165 2237 1252 2277 causa
1264 2221 1292 2276 in
1308 2222 1443 2292 principio

79 2299 177 2355 arietis
196 2301 321 2369 praecise
335 2306 401 2368 post
415 2299 452 2353 20
468 2315 554 2354 annos
570 2299 671 2368 inipso
687 2300 820 2368 principio
835 2300 976 2371 sagittarii
991 2300 1097 2355 coirent
1110 2300 1219 2357 iterum.
1247 2302 1358 2370 Jupiter
1371 2302 1444 2357 enim

78 2387 211 2450 superato
225 2379 346 2434 Saturno
365 2380 429 2434 dum
448 2378 590 2433 zodiacum
604 2395 730 2432 emensus
745 2378 895 2433 Saturnum
908 2379 1061 2449 mgiemem
1072 2381 1256 2451 persequitur,
1272 2381 1320 2434 ille
1333 2380 1443 2435 interim

77 2478 115 2515 ex
130 2461 220 2515 ariete
237 2459 308 2513 abiit
321 2465 438 2522 tanturn,
461 2466 494 2512 ut
505 2458 616 2529 Jupiter
630 2458 658 2511 in
672 2459 791 2528 quinque
805 2458 1023 2514 revolutionibus
1039 2467 1082 2513 ter
1096 2461 1263 2515 solummodo
1278 2470 1444 2530 assequatur

78 2543 182 2610 ipsum,
205 2538 271 2609 quia
290 2538 391 2609 effugit
403 2537 540 2593 Seturnus
552 2555 605 2608 per
618 2540 688 2592 duas
702 2556 739 2592 ex
754 2539 888 2608 quinque;
913 2539 954 2592 ita
974 2546 1084 2594 restent
1106 2547 1162 2594 tres
1185 2539 1391 2609 conjunctiones
1414 2540 1442 2594 in

78 2621 200 2691 quinque
213 2617 369 2673 Jorialibus
387 2618 507 2688 periodis
525 2618 649 2688 perfecto
670 2617 812 2688 triangulo
833 2617 1008 2672 distributae.
1036 2619 1122 2682 Ecce,
1146 2627 1178 2674 ut
1196 2619 1240 2673 hic
1260 2619 1441 2690 triangularis

76 2699 303 2769 conjunctionum
326 2697 396 2752 situs
419 2697 458 2751 sit
479 2698 666 2752 necessarium
692 2713 861 2768 consequens
885 2713 987 2752 causse
1011 2698 1208 2769 archetypioae
1232 2716 1270 2753 ex
1292 2697 1443 2752 harmoniis

76 2782 238 2840 desumtee;
259 2776 369 2833 accidat
381 2793 447 2834 vero
462 2777 615 2832 trisectioni
629 2777 747 2840 zodiaci,
768 2795 817 2830 seu
830 2794 882 2847 per
895 2779 1051 2848 pyramide,
1074 2796 1124 2832 seu
1142 2795 1193 2848 per
1207 2777 1393 2849 triangulum,
1417 2777 1441 2831 si

76 2860 136 2930 quis
157 2859 249 2921 illam,
274 2865 308 2911 ut
329 2857 357 2910 in
380 2857 432 2911 hoc
455 2857 548 2926 capite
571 2859 720 2927 ponebam,
746 2857 954 2928 archetypicarn
975 2875 1036 2912 esse
1056 2858 1237 2913 contenderit.
1269 2858 1397 2912 Vicissim
1416 2856 1441 2910 si

76 2946 202 2994 mserum
214 2937 390 3006 periodorum
402 2936 418 2998 b
433 2944 463 2990 et
475 2942 498 3003 lt
511 2937 654 3007 proportio
669 2947 745 2991 esset
758 2937 820 3001 illa,
843 2953 914 3009 quae
935 2946 1050 3008 propter
1063 2938 1237 2993 harmonicas
1252 2945 1439 3008 contempera·

77 3019 167 3073 tiones
182 3018 281 3071 debuit
293 3033 355 3070 esse
369 3023 492 3071 motuum
505 3018 708 3086 periheliorum,
724 3035 762 3071 sc.
780 3018 796 3072 5
813 3018 847 3072 ed
865 3017 910 3081 12,
934 3027 1000 3072 tuno
1013 3019 1041 3072 in
1055 3019 1134 3072 annis
1152 3019 1207 3073 150
1222 3018 1334 3087 Jupiter
1346 3034 1440 3072 rever·

76 3105 185 3154 teretur
198 3096 353 3160 duodecies,
369 3096 454 3150 semel
468 3096 496 3149 in
511 3097 591 3151 annis
609 3092 690 3157 12¹1..
718 3097 830 3158 Ablatis
845 3097 931 3168 igitur
947 3099 964 3152 5
978 3100 1011 3152 de
1029 3098 1078 3162 12,
1097 3106 1239 3154 restarent
1254 3099 1280 3162 7,
1303 3098 1386 3152 toties
1401 3115 1440 3153 so.

74 3179 186 3247 Jupiter
201 3183 397 3246 assequeretur
410 3175 568 3231 Saturnum
596 3177 695 3248 ltaque
716 3178 843 3232 zodiacus
861 3193 914 3246 per
932 3179 983 3232 bas
1001 3177 1208 3248 conjunctiones
1229 3179 1398 3232 divideretur
1411 3177 1441 3234 iu

74 3253 178 3327 partes
188 3256 215 3320 7,
231 3272 345 3327 quarum
360 3255 464 3326 quinis,
485 3256 511 3309 id
526 3265 570 3310 est
585 3255 641 3311 257
656 3256 804 3329 gradibus,
825 3258 908 3311 binae
923 3256 1130 3325 conjunctiones
1145 3275 1163 3312 a
1177 3276 1208 3313 se
1222 3258 1337 3312 invicem
1351 3274 1439 3312 remo·

72 3345 223 3398 retentum
238 3337 316 3391 verbi
329 3351 423 3400 οοοοο,
438 3342 504 3405 post
516 3351 599 3390 unam
613 3337 642 3390 in
656 3330 689 3390 0⁰
703 3335 729 3396 Υ
750 3337 927 3406 contingeret
944 3337 1038 3392 ultera
1051 3337 1078 3391 in
1095 3332 1146 3393 17⁰
1155 3334 1193 3402 s,
1209 3339 1295 3392 tertia
1308 3338 1337 3391 in
1351 3332 1383 3393 4⁰
1395 3334 1438 3409 Sp.

74 3417 128 3471 Sed
143 3417 210 3486 quia
223 3415 363 3485 periodica
384 3423 510 3483 mmpora
530 3425 730 3486 componuntur
748 3434 786 3471 ex
806 3416 924 3472 motibus
945 3424 1003 3472 tam
1026 3418 1158 3487 apheliis,
1184 3434 1266 3488 quam
1286 3417 1438 3487 peribeliis,

74 3513 166 3566 exque
182 3495 334 3563 interjectis
349 3495 489 3557 omnibus,
510 3495 574 3550 hino
592 3497 716 3550 nascitur
730 3496 815 3550 etiarn
829 3497 992 3552 intermedia
1005 3497 1178 3566 periodorum
1196 3497 1352 3567 proportio,
1375 3514 1437 3549 con·

69 3575 298 3644 junctionuanue
312 3590 363 3644 per
376 3574 520 3630 zodiacum
533 3576 706 3638 distributio;
732 3584 764 3630 ut
781 3575 870 3646 prima
890 3575 917 3630 in
938 3576 1071 3646 principio
1095 3576 1191 3632 arietis
1215 3576 1369 3638 collocata,
1394 3592 1437 3627 se·

72 3657 164 3709 eunde
177 3671 266 3724 neque
281 3653 309 3708 in
323 3654 412 3723 ipsum
425 3654 589 3725 principium
603 3656 744 3727 sagittarii
759 3655 854 3709 veniat
871 3672 922 3707 nec
936 3655 1020 3710 etiam
1038 3673 1125 3727 usque
1144 3657 1172 3710 in
1189 3648 1240 3709 17⁰
1252 3649 1281 3714 s
1295 3661 1436 3717 excurrat,

72 3736 121 3789 sed
136 3734 228 3790 medis
241 3740 272 3788 et
284 3734 426 3804 aequabili
441 3736 549 3789 ratione
564 3738 600 3789 ud
614 3744 670 3790 tres
690 3737 794 3806 gradus
815 3736 892 3790 ultra
911 3734 1113 3805 triangularem
1127 3736 1217 3788 locum
1229 3733 1435 3806 progrediatur.

72 3814 191 3876 Quodsi
212 3813 275 3883 ipsa
295 3813 400 3868 zodiaci
421 3813 558 3868 distinctio
580 3815 608 3868 in
630 3824 686 3869 tres
711 3815 825 3870 trientes
853 3830 905 3884 per
927 3815 1031 3884 ligures
1052 3814 1235 3887 geometricas
1265 3813 1389 3885 genuina
1408 3820 1438 3867 et

71 3893 257 3964 archetypioa
270 3908 357 3947 causa
370 3893 470 3948 fuisset
490 3894 572 3962 buius
593 3894 780 3966 dispositionis
800 3894 1033 3964 conjunctionum,
1058 3895 1154 3965 utique
1176 3888 1365 3964 expressisset
1387 3893 1438 3948 ills

70 3974 228 4042 perfectum
242 3972 428 4044 triangulum
450 3990 504 4027 non
525 3975 642 4030 aberrat
654 3975 727 4031 enim
740 3975 861 4029 divinum
874 3991 943 4044 opus
958 3976 994 4030 ab
1009 3975 1163 4046 archetypo
1177 3991 1236 4030 suo.
1268 3973 1331 4028 Non
1350 3973 1437 4046 igitur

71 4053 192 4123 amplius
215 4053 312 4108 mirum
333 4069 396 4106 esse
419 4052 514 4116 debet,
537 4070 586 4107 our
600 4055 712 4110 Saturni
725 4056 857 4124 Jovisque
876 4071 1041 4125 congressus
1056 4057 1091 4109 ed
1107 4054 1278 4127 triangulum
1292 4054 1435 4116 alludant3

70 4133 139 4202 quis
162 4149 214 4186 nec
236 4133 363 4201 perfecto
384 4139 416 4185 et
436 4132 521 4200 plane
544 4135 733 4190 accidentaria
745 4144 797 4190 -est
819 4133 928 4188 allusio.

153 4206 189 4283 g)
209 4211 263 4265 llic
281 4219 347 4265 sunt
359 4210 498 4280 ipsissima
510 4211 646 4283 principia
664 4215 717 4269 mei
731 4214 822 4285 operis
836 4214 1007 4278 Hermonici,
1035 4230 1124 4284 eaque
1142 4232 1197 4269 non
1211 4221 1320 4269 tautum
1338 4212 1435 4284 opina·

71 4290 193 4354 tionum,
217 4307 288 4361 quae
311 4289 512 4359 posterioribus
528 4294 698 4362 temporibus
719 4294 901 4365 corrigendae
916 4294 1031 4359 fuerint,
1056 4297 1104 4350 sed
1127 4295 1212 4350 etiam
1231 4293 1375 4347 verissima
1395 4292 1436 4346 rei

68 4370 168 4440 ipsius.
197 4369 290 4425 Omnis
304 4370 377 4426 enim
390 4369 584 4439 philosophica
603 4374 759 4444 speculatio
783 4375 867 4428 debet
888 4373 995 4428 initium
1018 4391 1119 4444 capere
1141 4390 1160 4430 a
1176 4390 1306 4429 sensuum
1323 4370 1435 4441 experi-

68 4449 185 4504 mentis:
205 4450 251 4505 bic
264 4466 343 4514 sero,
366 4465 439 4520 quae
458 4466 555 4506 sensus
571 4454 681 4509 auditus
696 4462 817 4526 testetur
830 4456 864 4507 de
878 4470 990 4508 numero
1003 4471 1101 4511 vocum
1119 4471 1180 4509 cum
1192 4469 1249 4508 unu
1263 4453 1358 4522 aliqua
1371 4469 1434 4506 con·

67 4529 244 4594 sonantium,
264 4545 336 4601 quae
350 4528 417 4584 item
430 4547 527 4584 sensus
543 4535 682 4589 oculorum
695 4537 729 4589 de
744 4532 916 4606 longitudine
930 4534 1094 4590 chordarum
1107 4533 1327 4596 consonantium,
1342 4549 1434 4586 emen·

67 4609 214 4667 datissime
236 4617 268 4664 et
287 4609 370 4680 plene
394 4626 558 4680 expressum
579 4614 678 4670 habes.

150 4685 186 4758 h)
213 4688 313 4746 llirum
330 4696 376 4744 est
395 4689 532 4760 equidem,
557 4710 618 4749 oum
636 4701 679 4749 tot
697 4710 734 4748 ex
754 4692 868 4764 antiquo
883 4692 1031 4749 extiterint
1043 4691 1191 4762 scriptores
1205 4691 1433 4756 harmonicorum,

65 4770 199 4845 nuspiam
216 4784 303 4840 penes
324 4768 401 4840 ipsos
423 4785 566 4828 occurrere
587 4772 809 4831 strenationem
830 4774 902 4830 bano
929 4775 963 4828 de
986 4789 1099 4829 numero
1121 4772 1275 4831 seatiormm
1296 4770 1435 4831 hamoni·
