3428 5542
673 290 676 305 ’
710 328 870 387 romeu.
1415 323 1452 392 rt

109 506 183 568 argo
207 489 247 552 ad
269 489 471 571 quantitatum
493 508 670 554 mensuram.
716 490 760 553 At
779 491 810 554 iu
833 491 913 554 linea
934 491 1032 555 nnllns
1054 510 1192 555 uumerus
1215 508 1270 553 nec
1293 489 1322 551 in
1346 507 1453 570 snper·

109 577 188 652 licie,
210 579 266 643 aad
289 579 430 643 mtinitaa.
475 581 510 643 ln
534 580 705 659 corporibus
728 579 825 660 igitur.
870 580 1066 644 Removenda
1092 601 1162 644 voro
1186 577 1363 660 irregularia
1385 596 1455 640 cor·
1531 587 1534 594 '

109 685 195 748 pora,
219 687 327 753 nempe
350 667 380 731 in
403 669 524 733 conditu
548 668 787 732 ordinatissimae
811 679 974 733 creaturae.
1020 670 1190 734 Remanent
1206 667 1298 749 igitur
1316 687 1371 729 sex
1385 685 1454 730 cor-

110 775 202 837 pora:
226 757 344 837 globus,
369 757 434 820 sive
456 757 556 839 potius
570 758 755 840 sphaericum
769 777 929 822 concavum
944 766 977 821 et
990 760 1116 840 quinque
1131 758 1296 822 rectilinea.
1334 754 1455 837 Sphae-

111 846 205 909 ricum
234 845 338 909 ultimo
365 847 451 910 coelo
478 847 613 911 debetur.
659 848 738 911 Nam
764 848 873 928 duplex
899 848 1044 923 mundus,
1077 847 1194 911 mobilis
1226 854 1259 910 et
1290 846 1454 927 quiescens.

111 934 170 999 Hic
192 941 242 998 eat
265 935 304 997 ad
327 935 489 1017 imaginem
512 936 662 999 essentiae
684 935 810 999 Divinae
832 937 862 999 in
885 957 917 999 ee
940 938 1167 1010 consideratae,
1198 937 1249 999 ille
1280 936 1319 997 ad
1345 933 1455 1013 imagi-

111 1043 181 1087 nem
193 1023 263 1101 Dei,
287 1032 435 1105 quatenus
458 1033 562 1088 creat:
586 1033 619 1088 ot
640 1032 797 1106 propterea
819 1033 905 1090 tanto
929 1026 1024 1089 minor
1046 1026 1091 1100 (in
1115 1026 1265 1106 margine:
1289 1043 1358 1086 nam
1372 1023 1455 1085 Deus

110 1132 170 1176 non
199 1122 313 1176 temere
342 1114 454 1176 sumsit
476 1115 554 1178 hunc
576 1134 745 1190 nnmemm3
782 1115 855 1177 nihil
886 1115 963 1178 enim
991 1116 1055 1178 sine
1083 1116 1200 1179 ratione
1231 1114 1344 1194 optima
1371 1110 1454 1173 facit.

110 1200 231 1275 Quodsi
254 1201 356 1278 dicae,
380 1202 515 1284 potuisse
538 1223 689 1267 numerum
711 1204 837 1285 aliquem
859 1204 936 1268 sumi
959 1225 996 1267 ex
1019 1203 1167 1285 spirituali
1190 1203 1318 1266 mundo:
1355 1209 1456 1264 tanuen

111 1291 152 1354 nd
173 1291 273 1355 Deum
295 1299 429 1355 recurret
450 1291 482 1354 in
501 1292 582 1356 illins
604 1292 699 1373 ipsius
721 1294 879 1356 creatione.
925 1294 968 1356 Et
990 1294 1150 1357 absurdum
1173 1292 1245 1368 erit,
1275 1310 1338 1354 rem
1364 1307 1455 1369 prae-

111 1379 347 1455 stantissimam,
376 1400 418 1443 re.
445 1383 585 1444 mundum
607 1393 740 1444 creatum
763 1402 829 1444 esse
852 1383 890 1444 ad
913 1383 1099 1462 angelorum,
1124 1402 1182 1445 non
1205 1382 1244 1444 sd
1266 1381 1324 1444 Dei
1347 1378 1456 1459 imagi-

111 1488 188 1533 nant.
233 1469 302 1549 Ego
325 1470 451 1550 angelos
474 1471 556 1551 ipsos
581 1490 725 1534 accenseo
743 1471 811 1533 huic
832 1472 941 1535 visibili
965 1475 1083 1546 mundo,
1107 1471 1230 1551 perinde
1254 1479 1287 1533 ut
1312 1469 1456 1531 homines.

112 1560 145 1623 lu
168 1557 332 1640 principio,
358 1566 429 1622 ante
453 1560 587 1640 angelos,
612 1568 743 1623 creatum
767 1569 814 1623 ost
836 1559 961 1624 eoelum
984 1568 1017 1623 et
1038 1562 1155 1634 Terra).
1203 1558 1333 1623 Currum
1356 1565 1458 1620 autem

110 1647 279 1711 aeduine
301 1647 387 1722 Deo,
410 1656 526 1712 rectum
548 1657 703 1712 creaturae
725 1658 920 1730 comparatur.
969 1652 1003 1713 ln
1027 1651 1116 1731 globo
1139 1649 1231 1731 igitur
1252 1656 1302 1711 ost
1323 1646 1474 1719 trinitas„

111 1737 311 1818 sphaericum,
334 1745 478 1811 centrum,
503 1739 667 1818 capacitas.
713 1737 764 1802 Sic
782 1739 811 1800 in
826 1741 941 1803 'mundo
957 1740 1066 1820 quieto,
1089 1738 1193 1815 Fixae,
1217 1737 1281 1813 Sol,
1306 1757 1380 1801 aura
1393 1735 1456 1796 aive

111 1825 219 1890 aethra
242 1826 440 1890 intermedia:
464 1834 497 1889 et
519 1828 548 1890 in
572 1828 718 1890 Trinitate
733 1829 834 1900 Filius,
857 1829 958 1906 Pater,
983 1828 1124 1909 Spiritus.
1169 1827 1239 1890 Jam
1252 1828 1377 1889 mundns
1391 1842 1457 1887 mo-

110 1915 180 1979 bilis
209 1934 247 1976 ex
274 1915 437 1978 rectilineis
466 1918 641 1979 censendus.
689 1916 808 1980 Illomm
836 1926 935 1982 antem
965 1920 1102 1999 quinque.
1149 1915 1251 1988 Quare
1279 1916 1306 1977 si
1330 1914 1382 1977 illa
1403 1931 1457 1994 pro

110 2003 249 2068 terminis
278 2004 342 2066 siva
374 2022 428 2085 pro
460 2006 645 2069 materiebus
673 2006 808 2068 habenda
839 2015 910 2070 sunt
941 2008 1040 2087 (cujus
1068 2008 1159 2069 etiam
1181 1998 1326 2070 rationem
1349 2005 1458 2066 bonam

111 2094 221 2167 aliero)
244 2112 304 2155 non
326 2102 468 2174 poterunt
490 2095 591 2176 plures
614 2114 664 2157 res
687 2095 884 2175 distinguere,
918 2116 1006 2177 quam
1028 2116 1092 2158 sex.
1139 2095 1201 2158 Sex
1224 2094 1316 2176 igitur
1337 2091 1459 2155 mobilia

111 2181 214 2246 Solem
245 2180 540 2246 circumambeuntia.
595 2184 731 2247 Habetur
761 2203 855 2247 causa
886 2186 999 2248 numeri
1031 2184 1229 2266 planetarum.
1285 2182 1337 2246 Sic
1368 2181 1459 2258 igitur

111 2268 167 2334 Sol
189 2270 223 2333 iu
249 2271 347 2334 medio
375 2272 526 2335 mobilium
554 2273 671 2354 quietus
694 2274 758 2355 ipse
785 2282 938 2337 ettamen
963 2276 1029 2337 tons
1051 2283 1165 2345 motus,
1197 2273 1276 2354 gerit
1297 2271 1458 2351 imaginem

108 2359 170 2424 Dei
187 2361 286 2443 patris
300 2360 455 2424 creatoris.
500 2360 579 2425 Nam
596 2363 673 2441 qnod
697 2370 744 2423 ost
765 2363 830 2424 Deo
853 2364 976 2438 creatio,
1001 2364 1057 2426 hoe
1081 2372 1129 2426 ost
1151 2362 1217 2426 Soli
1240 2370 1349 2424 motus.
1387 2359 1458 2422 Mo-

110 2457 164 2512 ver
186 2457 289 2512 autem
311 2449 343 2511 in
366 2450 448 2527 fixis,
472 2458 506 2513 nt
527 2460 614 2531 pater
638 2451 667 2513 in
689 2451 749 2512 filio
772 2459 863 2514 creat.
909 2451 1003 2515 Fixae
1026 2453 1105 2515 enim
1128 2452 1187 2515 nisi
1210 2452 1306 2514 locum
1328 2449 1458 2531 praebe-

111 2546 180 2601 rent
211 2558 268 2601 eua
295 2538 414 2619 quiete,
445 2539 520 2602 nihil
547 2539 658 2602 moveri
689 2547 801 2618 posset.
848 2539 934 2612 Quod
958 2541 1077 2604 axioma
1100 2541 1191 2604 etiam
1214 2542 1282 2603 dnm
1306 2537 1459 2617 Tubiugae

111 2627 208 2690 tenni.
255 2627 441 2708 Dispertitur
464 2638 564 2691 antem
578 2626 631 2691 Sol
654 2628 794 2691 virtutem
816 2638 913 2692 motus
936 2648 989 2710 per
1012 2630 1149 2706 medinm,
1168 2630 1197 2691 in
1221 2648 1278 2709 qno
1301 2635 1372 2690 sunt
1394 2645 1460 2688 rno-

111 2717 205 2779 bilia:
230 2715 310 2778 sicut
331 2725 420 2798 pater
441 2736 496 2798 per
518 2717 656 2799 spiritum
679 2718 727 2779 rel
750 2718 859 2780 virtute
882 2718 1004 2798 spiritns
1028 2719 1074 2781 sni
1088 2727 1182 2780 creat.
1229 2720 1331 2799 Atque
1342 2716 1407 2796 jam
1422 2733 1459 2776 ex

110 2803 297 2868 necessitate
323 2807 618 2888 praesuppositorum
642 2806 793 2887 seqnitur,
816 2815 929 2870 motum
951 2827 1017 2870 cnm
1040 2807 1193 2871 distantiis
1216 2807 1246 2870 in
1268 2804 1459 2887 proportione

110 2913 192 2957 ease.
237 2893 290 2956 Sic
312 2895 405 2976 igitur
419 2896 561 2972 conclusi,
586 2905 629 2970 nt,
652 2916 727 2978 quae
750 2898 900 2960 sententia
923 2897 1047 2959 eundem
1070 2897 1203 2960 ordinem
1225 2897 1255 2958 in
1270 2903 1351 2957 motu
1365 2901 1398 2956 et
1411 2891 1460 2955 di-

110 2983 234 3047 stantiis
249 2992 395 3059 comeret,
419 3005 492 3049 vera
506 2991 604 3060 eeeet;
628 3005 703 3068 quae
723 3005 790 3062 non,
815 2986 902 3049 salsa
948 2986 1066 3049 Exinde
1089 2985 1225 3068 probavi,
1247 3003 1373 3066 corpora
1386 2983 1460 3044 haec

110 3072 239 3135 duorum
261 3092 329 3136 esse
352 3073 497 3148 ordinum,
522 3074 582 3136 tria
602 3074 634 3136 in
657 3094 729 3148 uno,
748 3076 804 3137 duo
827 3077 857 3138 in
881 3076 994 3156 reliquo
1018 3077 1130 3139 ordine.
1179 3073 1294 3139 Oubnm
1314 3092 1381 3136 esse
1395 3072 1459 3153 pri-

111 3180 192 3224 mnm
215 3162 345 3225 omnium
369 3169 401 3223 et
419 3163 466 3224 ani
490 3162 600 3225 ordinis
623 3163 724 3238 etiam,
748 3172 817 3245 post
838 3165 1013 3247 pyramida;
1037 3166 1173 3229 ultimum
1191 3165 1351 3244 primorum
1365 3161 1460 3224 dode-

111 3250 264 3314 cuedrnm.
307 3249 558 3314 Secundariornm
580 3253 705 3332 primum
730 3273 795 3315 esse
811 3254 983 3330 octaiidron,
1008 3256 1144 3317 ultimum
1162 3253 1357 3316 icoaaodron:
1381 3249 1459 3312 Hinc

110 3340 252 3405 constitit
274 3339 362 3415 ratio,
388 3359 479 3420 quare
503 3361 551 3404 rea
575 3342 668 3404 totius
690 3343 791 3403 mundi
812 3343 981 3423 praecipua,
1007 3344 1101 3406 Terra
1123 3362 1228 3424 nempe
1251 3362 1316 3405 eum
1330 3340 1459 3420 imagine
1518 3420 1521 3427 ι

109 3428 171 3491 Dei
193 3429 223 3491 in
247 3429 366 3492 bomine
390 3429 588 3510 distingueret
610 3431 688 3493 inter
711 3431 839 3493 ordines.
885 3433 1014 3495 Probavi
1029 3434 1129 3513 igitur,
1153 3430 1386 3512 quodprimaria
1403 3428 1459 3490 de·
1511 3453 1513 3458 ¹

109 3519 205 3581 beant
228 3526 316 3581 extra
343 3519 455 3581 terreni
484 3519 565 3582 orbis
593 3521 777 3600 complexum
807 3541 892 3596 esse,
927 3522 1105 3584 secundaria
1132 3521 1230 3583 intra:
1269 3520 1347 3600 qnod
1370 3524 1461 3596 caput

110 3607 271 3670 exterioris
286 3607 400 3671 ordinis
419 3608 529 3670 debeat
547 3610 585 3669 ad
608 3610 684 3671 fixas
708 3628 840 3689 vergere,
860 3620 952 3691 caput
972 3611 1123 3673 interioris
1146 3610 1185 3671 ad
1208 3608 1320 3672 Solem.
1357 3607 1460 3686 Atque

108 3697 160 3759 hio
183 3697 383 3777 explicandae
407 3695 527 3784 fuerunt
549 3716 651 3759 omnes
674 3699 873 3779 proprietates
897 3708 928 3762 et
950 3699 1144 3780 cognationes
1167 3699 1271 3761 horum
1294 3713 1459 3776 corporum.

108 3787 169 3848 His
192 3785 238 3848 ita
259 3785 454 3860 constitutis,
485 3787 624 3849 accensui
647 3787 818 3868 corporibus
840 3789 995 3867 planetas,
1028 3787 1178 3850 contentis
1202 3807 1221 3848 a
1244 3787 1353 3848 Terrae
1378 3784 1459 3855 orbe,

108 3881 271 3937 contentos
286 3895 306 3936 a
319 3893 372 3950 se3
396 3873 526 3937 exclusis
551 3876 697 3940 exclusos.
740 3875 791 3940 Sic
814 3873 834 3953 ij
858 3877 962 3939 cubum
987 3877 1111 3939 sortitus
1130 3884 1187 3950 est,
1211 3875 1241 3951 bl
1263 3875 1459 3948 tetraedrnm,

109 3972 136 4036 d
159 3964 393 4039 dodecaddrum,
423 3964 448 4037 Q
471 3965 672 4040 icosaddrum,
706 3967 931 4041 doctabdmm.
977 3966 1138 4046 Digressus
1161 3965 1251 4046 igitur
1274 3965 1303 4027 in
1327 3964 1460 4027 astrolo-

109 4053 201 4135 giam,
227 4053 431 4116 demoustravi
454 4055 650 4134 cognationes
672 4064 706 4117 et
726 4056 927 4135 proprietates
950 4057 1138 4136 planetamm
1160 4054 1319 4137 plerasque
1343 4074 1380 4116 ex
1402 4054 1459 4116 ho-

108 4161 176 4205 rum
199 4139 219 4207 5
244 4161 399 4223 corporum
422 4142 630 4206 affectionibus
653 4145 883 4207 mathematicis.
929 4144 1070 4208 Proxima
1087 4164 1158 4206 cura
1178 4143 1244 4220 fnit,
1268 4152 1302 4205 ut
1316 4142 1460 4206 ostende-

109 4251 183 4308 rem,
208 4233 356 4313 quomodo
378 4250 479 4294 omues
503 4239 607 4313 partes
631 4234 819 4314 sexagenarii
842 4234 1023 4313 multiplices
1045 4234 1107 4296 siut
1128 4234 1158 4296 in
1179 4233 1226 4296 his
1241 4231 1261 4297 5
1276 4232 1459 4313 corporibus,

108 4321 246 4402 exceptis
274 4317 314 4384 10
337 4328 369 4383 et
395 4317 449 4396 15,
474 4330 506 4383 et
528 4321 661 4384 vicissim
685 4322 825 4404 quidquid
848 4323 876 4384 in
900 4323 947 4385 his
971 4331 1156 4396 numeretur,
1178 4341 1232 4403 per
1254 4330 1358 4402 partes
1381 4316 1461 4383 6οιἰὶ

107 4417 290 4483 numeretur,
313 4410 448 4490 exceptis
468 4411 603 4474 ocuedri
627 4419 658 4472 et
681 4412 747 4474 cubi
771 4412 868 4492 plania
892 4413 1019 4492 angulis,
1044 4412 1096 4493 qni
1118 4412 1240 4474 suntin
1266 4421 1388 4491 utroque
1411 4409 1460 4471 vi-

107 4499 176 4563 ceni
200 4499 347 4581 quaterni.
394 4499 528 4561 Tandem
556 4500 670 4562 duobus
700 4499 779 4563 foliis
807 4503 924 4563 modum
948 4501 1055 4582 scripsi
1079 4501 1252 4563 dimetiendi
1276 4508 1308 4563 et
1329 4497 1457 4561 investi-

107 4587 203 4668 gandi
226 4588 340 4651 orbium
363 4588 572 4668 inscriptorum
600 4598 631 4650 et
661 4589 948 4670 circumscriptorum
981 4591 1081 4652 radios
1113 4591 1178 4653 aive
1210 4588 1457 4652 semidiametros.

107 4679 214 4757 Atque
237 4677 313 4739 haec
335 4677 481 4739 hactenus
506 4677 570 4739 sine
593 4678 692 4740 dubio.
739 4677 801 4741 Sed
824 4679 894 4759 quia
916 4679 944 4740 in
968 4679 1160 4760 sequentibus
1176 4677 1375 4741 dubiamulta
1389 4674 1460 4737 mihi

107 4775 283 4843 oeemmm,
307 4765 387 4829 volui
410 4766 528 4847 integra
551 4767 728 4840 describere,
754 4776 786 4828 et
808 4774 839 4828 to
862 4769 1026 4832 consulere.
1076 4769 1176 4833 Multa
1198 4767 1329 4849 reperies
1352 4764 1461 4845 partim

108 4875 149 4920 ex
173 4855 252 4919 falso
274 4855 411 4942 prolecta
432 4855 587 4937 principio,
610 4856 720 4938 partim
734 4875 772 4918 ex
786 4856 881 4939 nullor
904 4857 1012 4925 alicubi
1028 4848 1203 4928 haerentem
1217 4855 1343 4929 videbis,
1366 4872 1459 4938 prop·
