3428 5542
666 354 670 358 a
731 307 814 373 0⁸n=²
830 308 886 360 ¹11
1428 311 1487 379 111

131 462 257 542 singulis
280 464 455 545 corporibus
479 467 753 540 accommodentur,
785 486 844 529 nou
873 468 917 530 ita
943 469 973 530 iu
1002 475 1122 548 promtu
1145 477 1204 532 est.
1220 471 1245 543 ¹)
1291 471 1369 534 Illud
1393 471 1490 535 solnm

130 559 225 630 patet,
249 553 399 634 pyramidi
423 553 527 616 deberi
549 554 744 630 harmoniam,
769 576 858 637 quarn
873 557 1007 636 quintam
1021 557 1134 631 dicunt,
1159 567 1298 638 quartam
1321 559 1350 621 iu
1375 560 1488 635 ordine,

131 639 201 720 quia
223 640 252 702 in
276 659 314 702 ea
341 643 439 703 minor
468 642 568 722 portio
601 651 649 704 est
680 637 709 726 Ἰ,
738 663 810 724 pars
838 645 991 725 integrae,
1025 645 1104 707 sicut
1132 639 1212 707 latus
1232 647 1382 727 'trianguli
1416 651 1490 728 (quo

129 728 261 808 pyramis
284 729 392 804 utitur)
417 731 571 794 subtendit
602 726 632 815 Ἰ,
663 732 775 797 circuli.
791 735 814 807 ¹)
861 735 925 795 Huc
952 735 1041 813 plura
1068 733 1148 795 infra
1175 734 1407 811 confirmabunt,
1439 737 1489 799 ubi

129 819 166 878 de
190 818 365 898 aspectibus
389 826 523 899 agemus,
549 839 625 901 quae
645 829 679 883 ut
697 821 744 882 hic
758 821 850 884 etiam
866 821 1079 901 intelligamus,
1104 821 1223 884 omniuo
1242 823 1286 885 ita
1309 824 1487 904 cogitemus,

127 905 216 986 quasi
238 906 313 968 fides
336 908 459 970 sitnon
484 916 569 971 recta
593 909 681 983 linea,
706 910 758 972 sed
783 910 921 972 circulus.
959 910 1054 971 Dabit
1077 909 1169 990 igitur
1187 911 1295 973 divisio
1313 913 1487 975 harmoniae

127 994 227 1056 dictae
250 995 432 1076 triangulum
455 996 486 1058 iu
511 1016 568 1078 quc
592 997 719 1077 angulus
749 998 838 1061 lateri
868 999 1047 1079 opponitur,
1081 999 1171 1079 plane
1203 1008 1237 1061 ut
1269 1000 1298 1062 iu
1331 1002 1487 1081 pyramide

127 1083 255 1163 angulus
277 1085 379 1164 plane.
421 1084 595 1149 Remanent
617 1085 709 1165 igitur
732 1088 808 1149 cubo
832 1094 865 1148 et
887 1087 1031 1150 ootabdm
1055 1095 1167 1148 octava
1190 1097 1222 1148 et
1244 1096 1353 1168 quarta
1376 1090 1486 1167 dictae,

126 1171 219 1232 tertia
241 1179 274 1233 et
297 1173 480 1254 septimam
503 1171 619 1237 ordine,
664 1173 727 1236 Sed
755 1184 854 1237 utrum
882 1194 984 1237 eorum
1011 1183 1109 1237 utram
1137 1175 1323 1239 harmoniam
1346 1178 1487 1240 tenebit?

124 1268 224 1321 utrum
247 1261 381 1324 dicemus
405 1262 584 1324 secundaria
607 1262 739 1342 recipere
763 1282 831 1337 eas,
862 1282 939 1342 quae
968 1264 1063 1325 lineas
1092 1264 1243 1339 scribant,
1273 1273 1305 1326 et
1332 1265 1484 1344 primaria,

124 1367 201 1426 quae
224 1349 358 1429 figuras?
372 1352 401 1423 ¹)
427 1357 490 1412 tum
514 1351 590 1413 cubo
614 1351 773 1414 debebitur
790 1359 899 1430 quarta
917 1352 1008 1413 dicta.
1046 1351 1126 1415 Nam
1151 1352 1177 1413 si
1201 1372 1239 1414 ex
1262 1354 1319 1415 lide
1342 1354 1486 1419 circulum

125 1436 220 1497 facias
244 1446 277 1499 et
298 1458 336 1501 ex
359 1459 419 1501 una
441 1447 551 1519 quarta
572 1446 687 1501 rectam
710 1458 805 1519 usque
825 1435 915 1501 aliam
931 1440 1024 1502 ducas
1039 1440 1163 1513 tamdiu,
1187 1441 1281 1504 donec
1305 1442 1334 1504 in
1358 1443 1487 1522 primum

123 1533 266 1603 punctum
298 1528 425 1602 redeas,
458 1528 511 1590 fiet
543 1527 799 1608 quadrangulum,
833 1530 921 1607 quale
952 1529 1073 1607 planum
1107 1529 1199 1591 etiam
1232 1531 1324 1592 cubus
1355 1531 1483 1594 obtinet.

124 1610 240 1675 Contra
263 1616 407 1678 mandra
432 1615 591 1679 debebitur
614 1624 733 1692 octava,
760 1635 836 1697 quae
860 1625 909 1679 est
932 1617 1072 1678 dimidiae
1095 1617 1174 1681 fidis.
1215 1618 1295 1680 Nam
1319 1618 1348 1680 in
1374 1619 1485 1683 circulo

122 1702 230 1763 ductus
261 1703 302 1765 ad
333 1704 487 1766 dimidiam
514 1713 547 1766 et
570 1705 608 1767 ad
631 1705 711 1766 idem
734 1712 876 1785 puuctum
900 1704 977 1770 lacit
999 1705 1040 1767 nil
1063 1705 1122 1767 uisi
1145 1705 1265 1768 lineam.
1313 1706 1365 1769 Sic
1388 1708 1485 1771 dude-

120 1790 232 1853 eaedro
255 1792 415 1857 debebitur
436 1793 517 1872 prior
540 1794 718 1872 imperfecta
740 1793 861 1872 duplex.
908 1794 987 1856 Nam
1017 1794 1123 1856 ductus
1151 1813 1206 1875 per
1229 1794 1350 1875 quintas
1374 1804 1407 1859 et
1428 1814 1484 1877 per

120 1885 227 1941 sextas
249 1881 354 1944 circuli
377 1880 492 1944 iaciunt
514 1881 768 1963 quinquangulum
793 1889 824 1943 et
847 1883 1053 1963 sexangulum.
1098 1879 1242 1945 Restabit
1264 1882 1356 1962 igitur
1379 1885 1482 1948 icesa-

70 1984 79 2000 ·
120 1968 193 2029 ddro
215 1971 366 2048 posterior
388 1971 567 2050 imperfecta
590 1971 711 2050 duplex,
736 1970 806 2049 qnia
830 1971 937 2033 ductus
959 1990 1015 2052 per
1038 1971 1113 2032 duas
1137 1971 1257 2052 quintas
1280 1973 1404 2052 repetiti
1428 1995 1481 2037 us·

119 2075 176 2135 que
200 2057 230 2118 iu
260 2059 341 2120 idem
371 2067 513 2139 puuctum
547 2059 663 2121 faciunt
694 2067 812 2121 tautum
847 2060 950 2121 lineas.
966 2061 995 2133 ')
1041 2058 1093 2122 sic
1127 2068 1159 2120 et
1191 2059 1298 2122 ductus
1330 2080 1384 2141 per
1418 2072 1482 2127 tres

119 2153 256 2207 neuras.
302 2149 353 2209 An
378 2148 527 2209 mdumus
551 2147 694 2209 ocmbdru
718 2156 857 2226 quartam
887 2149 974 2221 dare,
1005 2149 1076 2228 quia
1103 2148 1129 2210 is
1158 2147 1319 2211 duodecies
1343 2161 1482 2231 quartam

118 2233 223 2296 circuli
244 2236 408 2310 subtendit,
434 2235 465 2298 id
489 2237 568 2316 quod
591 2237 704 2297 nullum
722 2237 809 2301 ,latus
833 2236 902 2298 cubi
926 2236 1025 2299 lacit?
1040 2238 1075 2310 ¹¹)
1122 2235 1174 2298 Sic
1198 2235 1381 2316 relinquetur
1404 2241 1480 2302 cubo

116 2329 236 2397 nemra,
262 2324 420 2387 harmonia
441 2324 679 2404 perfectissima,
704 2333 739 2385 nt
760 2325 826 2403 ipae
850 2325 1103 2404 perfectissimum
1126 2343 1234 2404 corpus
1257 2335 1316 2388 est.
1362 2328 1480 2390 Forsan

117 2419 149 2471 et
172 2411 246 2473 illud
269 2412 495 2475 convenientius
519 2420 581 2480 eet,
606 2413 774 2492 relinquere
799 2413 956 2475 icosaddro
981 2413 1109 2493 priorem
1129 2413 1335 2493 imperfectam
1355 2424 1481 2495 propter

116 2501 323 2579 sexangulum,
348 2503 426 2583 quod
451 2501 517 2564 basi
540 2501 710 2578 triangulae
734 2509 895 2580 cognatum
913 2503 1010 2582 magis
1025 2512 1083 2576 est,
1108 2521 1196 2582 quam
1220 2501 1477 2582 quinquangulae:

116 2588 305 2651 dodecabdro
333 2609 406 2652 vere
437 2591 509 2652 dare
538 2589 714 2652 divisionem
743 2589 928 2651 octonariam
955 2598 1079 2669 propter
1106 2608 1260 2651 numerum
1287 2590 1422 2653 cubicum
1446 2588 1476 2667 8,

115 2676 187 2756 qnia
210 2677 303 2741 cubus
326 2679 515 2742 dodecabdre
538 2676 725 2758 iuscriptilis.
740 2680 769 2750 ¹)
810 2677 899 2739 -Haec
924 2698 997 2740 sane
1022 2679 1050 2739 iu
1074 2678 1172 2740 medio
1196 2678 1259 2739 sita
1281 2678 1357 2754 sint,
1382 2680 1476 2741 donec

115 2784 226 2829 causas
250 2767 316 2849 quie
339 2768 496 2849 repererit.

202 2855 370 2920 Veniamus
393 2858 481 2920 modo
506 2856 545 2919 ad
569 2862 723 2936 aspectus.
739 2857 768 2927 y)
813 2852 856 2916 Et
884 2855 1123 2935 quandoquidem
1150 2853 1239 2916 modu
1268 2873 1306 2915 ex
1332 2852 1390 2915 fide
1414 2854 1475 2917 cir-

112 2944 212 3006 culum
236 2944 372 3022 lecimus,
396 2946 485 3008 facile
500 2953 549 3008 est
563 2945 675 3019 videre,
700 2943 848 3024 quomodo
873 2954 935 3004 tres
957 2944 1112 3024 perfectae
1136 2943 1309 3005 harmoniae
1332 2942 1475 3022 pulcher-

111 3032 186 3093 rime
209 3050 276 3094 cum
299 3034 396 3096 tribus
419 3033 564 3114 perlectis
588 3032 762 3112 aspectibus
787 3032 953 3111 comparari
976 3032 1097 3111 possint
1114 3051 1158 3095 sc.
1179 3050 1246 3093 cum
1266 3034 1304 3104 00,
1323 3034 1368 3106 Δ,
1388 3033 1474 3107 [].·)

111 3120 294 3200 Inperfecta
317 3140 389 3184 vero
411 3121 493 3203 prior
515 3122 542 3184 B
569 3121 670 3183 mollis
699 3121 739 3183 ad
766 3138 895 3200 unguem
923 3121 1030 3183 similia
1059 3129 1108 3182 est
1137 3119 1255 3195 sextili,
1287 3121 1371 3199 cujus
1399 3121 1475 3183 haec

111 3216 198 3284 nota,
224 3215 268 3284 ὴ,
294 3229 439 3291 quemque
463 3209 681 3272 debilissimum
705 3228 773 3270 esse
797 3211 960 3283 lerunt.⁸⁸)

198 3298 353 3361 Habemus
377 3318 499 3361 causam
528 3298 662 3379 (qualem
686 3297 805 3377 quidem
827 3298 1022 3359 Ptolemaeus
1051 3314 1109 3358 nou
1134 3295 1234 3370 dedit)
1251 3293 1295 3369 bb)
1323 3315 1376 3358 cur
1402 3297 1473 3376 pla-

110 3393 199 3448 netae
223 3387 455 3451 distantesque
479 3386 681 3469 autquinque
705 3385 800 3462 siguis
824 3405 881 3448 non
906 3393 1087 3449 censeantur
1109 3385 1139 3446 in
1161 3393 1296 3464 aspectu.
1334 3384 1413 3447 Nam
1437 3393 1474 3448 ut

109 3475 249 3550 vidimus,
272 3478 385 3540 nullam
408 3477 500 3540 talem
523 3477 553 3538 in
576 3475 700 3538 vocibus
724 3474 862 3554 agnoseit
878 3483 989 3537 natura
1003 3473 1203 3537 concordiam.
1221 3475 1258 3545 ⁰⁰)
1294 3471 1370 3534 Cum
1394 3475 1473 3536 enim

111 3564 141 3625 iu
165 3565 276 3628 ceteris
300 3567 407 3628 eadem
430 3566 472 3628 sit
493 3564 572 3628 ratio
595 3564 770 3627 influentiae
794 3571 827 3624 et
856 3563 1094 3636 harmoniamm,
1126 3561 1268 3625 credibile
1298 3568 1347 3621 est
1370 3568 1401 3622 et
1424 3561 1472 3623 hic

108 3673 187 3714 esse.
235 3652 339 3716 Causa
361 3655 499 3735 utrinque
523 3653 625 3733 procul
650 3652 740 3713 dubio
765 3652 871 3713 eadem
900 3661 963 3727 est,
996 3672 1090 3732 eaque
1120 3670 1157 3713 ex
1182 3649 1310 3730 quinque
1334 3648 1471 3727 corperi-

108 3742 181 3803 bus:
198 3738 240 3815 1Ιὰ)
269 3762 360 3823 quam
387 3743 456 3805 aliia
484 3742 685 3822 quaerendam
708 3740 854 3820 relinquo.
903 3740 979 3804 Cum
1002 3741 1094 3818 igitur
1116 3758 1220 3799 omnes
1244 3744 1373 3817 quatuor
1396 3737 1470 3799 har-

108 3831 225 3892 moniae
248 3835 415 3894 consonent
444 3831 507 3892 auia
535 3829 727 3910 aspectibus,
760 3837 793 3891 et
825 3848 895 3891 vere
928 3829 1025 3890 adhue
1058 3835 1121 3888 tres
1148 3834 1267 3889 restent
1297 3826 1326 3887 in
1355 3825 1471 3888 musica

106 3918 292 3993 harmoniae,
317 3921 488 4001 suspicatus
505 3919 667 4000 aliquando
682 3937 757 3993 sum,
782 3936 840 3978 nou
860 3917 1070 3999 negligendum
1094 3933 1162 3976 esse
1186 3914 1216 3975 in
1235 3913 1361 3992 judiciis
1385 3913 1469 3977 nati-

107 4006 247 4083 vitatum,
272 4009 299 4070 ei
322 4010 464 4089 planatae
488 4005 530 4071 72
554 4016 606 4071 aut
635 4003 694 4069 144
718 4015 772 4068 ant
798 4004 859 4069 135
884 4007 1027 4085 gradibus
1051 4004 1175 4077 distent,
1199 4002 1379 4082 praesertim
1401 4021 1469 4065 cum

106 4096 238 4171 videam,
271 4117 360 4160 unam
390 4116 429 4161 ex
455 4097 640 4178 imperfectis
664 4096 775 4159 habere
799 4114 884 4158 suum
908 4094 1128 4174 aspectum.⁶⁸)
1174 4090 1323 4162 Quamvis
1346 4090 1471 4153 cuilibet

106 4185 225 4247 oculato
249 4194 450 4250 meteororum
474 4185 656 4265 speculatori
688 4186 777 4247 facile
807 4184 943 4265 patebit,
978 4191 1077 4245 utrum
1106 4180 1208 4261 aliqua
1235 4179 1265 4242 in
1295 4179 1343 4240 his
1372 4180 1469 4242 tribus

105 4273 198 4335 radiis
221 4275 268 4336 vis
292 4274 379 4349 insit,
409 4294 476 4338 oum
499 4283 616 4336 ceteros
642 4283 783 4352 aspectus
808 4272 888 4335 aeris
911 4272 1094 4335 mutationes
1117 4268 1365 4332 constantissima
1389 4267 1468 4330 rati·
1538 4300 1542 4306 ·

104 4363 195 4424 ficeut
217 4363 416 4444 experientia.
464 4361 584 4425 Causae
609 4361 740 4442 quidem,
766 4381 841 4442 quas
864 4361 1061 4440 probabiliter
1084 4357 1151 4439 quis
1176 4358 1294 4432 reddat,
1320 4356 1399 4436 quod
1420 4351 1466 4434 ⁸l„

111 4443 158 4530 V„
187 4443 219 4532 Ἰ,
248 4451 361 4514 infide
384 4460 502 4527 sonent,
527 4452 556 4512 iu
581 4450 706 4513 zodiaco
728 4470 787 4512 nun
811 4459 982 4531 operentur,
1005 4448 1064 4511 bae
1088 4465 1156 4508 esse
1179 4441 1364 4527 pessintr‘s)
1468 4510 1469 4514 ,

68 4539 71 4543 ’
196 4538 230 4614 1)
255 4536 421 4622 Oppositus
437 4540 533 4614 solus,
558 4540 616 4601 duo
636 4538 798 4619 quadrata,
824 4539 920 4600 trinus
943 4557 1010 4600 cum
1034 4535 1146 4610 sextili,
1170 4534 1333 4597 absolvunt
1356 4531 1467 4611 singuli

103 4628 339 4692 semicirculum:
373 4635 407 4691 at
434 4637 497 4691 tres
521 4627 551 4688 hi
574 4626 650 4689 radii
674 4628 787 4688 nullum
811 4627 924 4688 habeut
949 4627 1062 4688 socium
1085 4625 1124 4686 ad
1147 4625 1204 4686 hoe
1227 4640 1347 4695 munus,
1379 4639 1466 4699 quem

101 4717 219 4779 musica
242 4735 301 4779 neu
324 4717 444 4797 penitus
467 4716 616 4796 repudiet.
663 4710 699 4794 2)
724 4715 845 4796 Reliqui
872 4714 950 4777 'radii
975 4713 1124 4777 rationem
1147 4711 1261 4773 babent
1284 4708 1404 4771 facilem
1428 4727 1466 4770 ex

102 4804 269 4882 diametro,
297 4806 380 4869 latus
408 4804 640 4888 quinquanguli,
670 4811 702 4866 et
724 4803 908 4866 subtendens
932 4803 991 4866 duo
1016 4803 1115 4864 latera
1142 4795 1375 4882 quinquanguli,
1405 4795 1466 4859 tria
