3428 5542
168 302 235 373 424
729 303 771 355 ns
788 303 967 355 emanue

260 463 461 528 Differentiae
484 482 556 544 ergo
581 464 612 526 in
635 463 807 526 universnm
831 462 1007 544 quindecim.
1052 460 1124 526 Jam
1141 461 1308 539 videamus,
1332 460 1462 544 quinam
1484 461 1536 524 in·

171 563 218 619 ter
239 555 297 618 has
320 554 468 627 delectus,
491 560 524 615 et
546 572 695 634 quaenam
717 553 780 613 sint
802 552 982 614 naturaliter
1005 551 1178 615 desereres.

711 641 842 702 Thesis
864 640 984 704 XXHl.

261 731 394 793 Primum
418 728 532 792 nullum
555 747 713 792 excessum
740 730 789 791 vel
819 729 970 792 desectum
993 728 1161 790 solitarium
1187 730 1254 792 sine
1281 727 1536 809 compensatiens

172 820 341 884 consistere
364 837 492 898 aequum
516 825 574 880 est.
621 818 668 880 Ex
691 818 835 880 solitariis
858 818 961 898 itaque
985 837 1053 892 sex,
1085 826 1214 899 quatuor
1240 818 1365 880 cadunt.
1410 816 1534 880 Medic·

174 909 269 971 critas
294 927 364 969 vero
387 906 498 969 caloris
523 907 780 978 (mediocritatem
801 908 994 988 proportione
1017 907 1129 983 mnndi,
1153 926 1211 969 non
1235 907 1412 988 quantitate
1434 905 1535 969 sesti-

91 1074 95 1087 ·
171 997 336 1070 mabimus)
360 997 473 1058 collata
496 996 596 1057 estin
621 1015 730 1076 corpus
745 994 864 1071 Solare,
890 996 939 1076 qni
963 1014 1042 1056 mere
1065 997 1265 1075 proprietate
1280 996 1393 1058 utitur:
1416 994 1537 1057 mediu-

171 1086 265 1149 critas
287 1085 480 1148 humectandi
503 1086 533 1147 in
558 1104 665 1164 corpus
689 1086 819 1157 Lunare,
845 1104 920 1164 quae
936 1104 1017 1146 mere
1041 1086 1217 1148 mutuatitia
1235 1085 1321 1149 Solis
1343 1092 1380 1147 et
1402 1083 1536 1148 siderum

171 1176 238 1238 luce
262 1175 365 1236 utitur.

710 1261 842 1323 Thesis
865 1260 985 1324 XXIV.

262 1350 380 1413 Deinde
403 1369 499 1432 neque
524 1368 668 1412 excessus
692 1350 836 1412 cumulari
865 1349 1048 1431 expediebat
1075 1349 1124 1411 vel
1153 1349 1300 1411 deiectus.
1347 1345 1433 1410 Sunt
1456 1348 1536 1411 eninr

177 1447 329 1503 enatura
352 1440 442 1521 paulo
466 1439 641 1514 alieniores,
673 1457 728 1500 nec
752 1438 809 1500 nisi
833 1439 1052 1519 contemperati
1075 1456 1219 1500 excessus
1241 1456 1310 1500 cnm
1333 1436 1461 1500 defectu
1483 1457 1536 1501 rs-

175 1530 333 1611 cipinntur.
380 1531 486 1608 ltaque
510 1528 609 1590 nullus
633 1528 756 1608 planeta
779 1529 878 1590 factus
903 1536 960 1602 est,
985 1528 1034 1607 qui
1058 1535 1214 1607 utrumqne
1238 1526 1287 1588 vel
1302 1544 1467 1589 excessum
1488 1528 1537 1589 ssl

175 1620 326 1681 deiectum
351 1618 547 1696 suscepisset.
593 1617 728 1678 Restant
746 1635 817 1695 ergo
842 1617 1031 1678 differentiae
1055 1636 1093 1677 ex
1111 1614 1387 1678 combinationibns
1406 1624 1536 1697 septen

174 1709 272 1770 Porro
295 1727 333 1768 ex
355 1707 403 1770 his
425 1706 473 1767 bis
496 1705 585 1766 binae
609 1706 714 1766 eodem
738 1706 885 1766 recidunt.
930 1705 1048 1767 Eadem
1071 1706 1150 1767 enim
1172 1712 1222 1766 est
1242 1704 1401 1788 proportio
1425 1724 1536 1767 exoss-

175 1816 228 1861 sns
256 1795 365 1857 caloris
394 1796 432 1857 ad
463 1794 706 1856 mediocritatem
725 1795 880 1867 ,humoris
915 1813 993 1875 quae
1023 1793 1243 1856 mediocritatis
1271 1792 1387 1855 caloris
1414 1794 1457 1855 sd
1480 1794 1536 1855 de-

177 1886 289 1947 iectum
321 1884 469 1946 humoris:
504 1883 610 1945 eadem
638 1884 774 1945 defectus
803 1882 913 1944 caloris
941 1884 980 1945 sd
1013 1883 1252 1946 mediocritatem
1274 1880 1429 1958 humoris,
1459 1901 1536 1963 quse

177 1972 397 2036 mediocritatis
420 1972 531 2035 caloris
556 1972 595 2033 ad
618 1991 775 2035 excessum
799 1971 946 2047 humoris,
981 1973 1059 2052 quod
1082 1973 1132 2034 vel
1163 1973 1193 2034 in
1222 1972 1320 2051 ligura
1346 1970 1451 2033 lineae
1479 1991 1537 2053 ps-

181 2062 281 2127 ralleli
296 2063 469 2124 ostendunt.
517 2062 601 2123 Idem
616 2062 652 2123 de
673 2062 788 2140 junctis
803 2061 979 2123 excessibus
994 2061 1144 2141 judicium,
1169 2062 1218 2123 vel
1237 2060 1421 2123 defectibus.
1461 2059 1540 2124 Sunt

178 2171 250 2233 ergo
273 2171 363 2214 verae
387 2151 576 2214 differentiae
600 2150 738 2231 quinque,
763 2160 825 2212 tres
841 2150 1003 2230 simplices,
1028 2151 1105 2212 duae
1120 2158 1154 2213 nt
1173 2151 1237 2230 jam
1260 2150 1363 2232 patuit
1386 2150 1538 2229 quodum·

177 2242 266 2304 modo
296 2241 444 2320 duplices,
478 2259 531 2301 seu
563 2239 663 2318 potius
698 2240 821 2301 duorum
853 2240 1020 2314 nominum,
1055 2259 1114 2300 una
1146 2241 1246 2302 trium.
1292 2238 1340 2300 Ac
1373 2257 1446 2300 curn
1477 2239 1540 2301 sint

178 2331 208 2392 in
231 2330 341 2393 mundo
370 2329 498 2410 quinque
522 2329 615 2390 etiam
637 2329 792 2407 planetae,
825 2335 888 2389 tres
912 2327 1082 2406 superiores
1105 2337 1138 2390 et
1166 2330 1224 2390 duo
1246 2326 1428 2400 inferiores,
1462 2347 1538 2390 oon-

178 2427 355 2481 sentanenm
380 2418 517 2498 equidem
541 2425 599 2490 est,
625 2417 672 2479 vel
695 2417 732 2478 ob
756 2417 833 2478 hanc
857 2418 953 2478 solam
976 2436 1099 2478 causam
1122 2417 1276 2499 (quamvis
1300 2424 1333 2477 et
1355 2416 1438 2479 alise
1463 2435 1539 2497 sup·

178 2509 299 2587 petant)
323 2515 371 2568 tot
393 2525 515 2568 numero
539 2507 638 2567 factos
662 2525 750 2566 esse:
781 2504 858 2566 adeo
881 2506 954 2567 nihil
978 2506 1078 2585 aptius
1111 2525 1179 2569 esse
1207 2505 1308 2587 potnit
1335 2505 1396 2567 bac
1420 2505 1538 2568 combi-

177 2597 330 2658 nationnm
355 2596 433 2658 inter
456 2595 539 2676 ipsos
563 2594 789 2657 distributione:
814 2614 904 2675 quarn
927 2595 984 2656 hac
1008 2595 1124 2656 tabella
1145 2595 1184 2657 ob
1207 2595 1311 2657 oculos
1333 2612 1428 2675 pono.

338 2773 493 2837 Excessus
598 2771 614 2833 1
659 2770 689 2832 V
734 2771 760 2832 P
805 2771 826 2832 1·
864 2770 890 2831 Τ
935 2768 962 2830 Ε
1006 2769 1036 2832 R
1153 2770 1308 2834 Excessus

521 2858 637 2923 Smer
1009 2857 1103 2922 SS

583 2947 613 3008 A
724 2966 761 3008 en
860 2945 892 3006 V
1003 2946 1034 3009 R

276 3056 310 3106 0
659 3035 685 3097 r
728 3034 759 3097 n
857 3034 884 3096 e
933 3036 964 3097 Α
1394 3051 1429 3112 t„
1503 3000 1506 3007 ’

111 3146 116 3155 ·
277 3112 308 3206 ξ
580 3122 639 3184 VB
728 3123 759 3184 V
853 3123 888 3185 M
995 3144 1031 3185 us

107 3236 110 3241 ·
187 3213 250 3276 Sol.
278 3212 308 3306 ξ’
340 3211 485 3276 Mediocr.
566 3212 630 3361 mler
653 3212 684 3272 V
728 3212 755 3363 ξ
799 3213 815 3275 Ι
854 3212 887 3361 ἔ
930 3210 958 3273 Ε
1001 3212 1034 3364 ἓ
1154 3211 1353 3277 Mediocritas
1393 3213 1538 3389 {Luna

277 3333 308 3472 Ξ
657 3388 961 3453 chVN
1395 3394 1429 3455 e:

588 3477 1028 3540 ANriV

522 3566 557 3629 M
580 3565 639 3628 VE
983 3587 1019 3628 us
1064 3565 1088 3629 S

343 3654 489 3717 Deiectus
577 3656 593 3718 Ι
632 3655 668 3717 ·V
713 3653 739 3714 Ρ
784 3654 800 3716 Ι
847 3654 873 3716 Τ
917 3654 945 3716 Ε
989 3655 1020 3716 R
1158 3654 1305 3718 Defectus

723 3830 858 3893 Thesis
880 3830 984 3893 XXV.

267 3919 315 3980 Ex
337 3919 385 3982 his
415 3919 563 3999 sequitur,
596 3919 737 3999 planetas
769 3921 898 4001 quinque
922 3938 980 3982 non
1009 3925 1129 3981 tantum
1162 3919 1338 3982 mutuatitia
1361 3920 1448 3985 Solis
1471 3922 1537 3986 lnce

179 4007 247 4077 irni,
274 4008 327 4068 sed
351 4009 443 4069 etiam
467 4009 504 4069 de
529 4026 582 4069 suo
607 4008 721 4086 aliquid
744 4009 872 4071 addere:
897 4009 976 4104 quod
1000 4009 1119 4090 quidem
1143 4018 1174 4072 et
1197 4008 1276 4072 alise
1301 4011 1440 4074 rationes
1461 4032 1537 4074 sus·

181 4097 264 4159 dent.
309 4096 389 4157 Nam
414 4097 440 4158 si
463 4096 559 4158 multa
581 4096 660 4176 apud
684 4117 738 4158 nos
760 4098 887 4180 physica
909 4118 1037 4178 corpora
1056 4099 1152 4160 lucem
1166 4099 1281 4162 habent
1299 4098 1441 4176 insitum,
1466 4101 1538 4182 quid

181 4185 337 4266 prohibet,
363 4185 475 4246 habere
500 4185 640 4259 eandem,
669 4194 791 4266 praeter
815 4185 931 4261 Solem,
957 4196 989 4247 et
1013 4187 1088 4248 alios
1112 4187 1220 4266 globos
1242 4189 1419 4252 coelestes?
1464 4190 1541 4253 'lum

179 4275 206 4337 si
230 4282 369 4337 carerent
391 4274 532 4353 planetae
557 4275 620 4336 luce
643 4276 782 4356 proprie,
807 4275 947 4337 videntur
971 4277 1060 4338 etiam
1085 4275 1206 4351 faciem,
1232 4287 1266 4339 nt
1289 4277 1394 4352 Luna,
1420 4287 1538 4343 murare

181 4363 301 4426 debere.
347 4361 485 4441 Denique
508 4363 651 4425 credibile
674 4373 732 4440 est,
757 4364 904 4444 fulgorem
929 4374 960 4427 et
979 4365 1226 4430 scintillationem
1241 4375 1539 4447 argumentnnrssss

180 4452 256 4514 lucis
279 4452 429 4535 propriae,
454 4452 686 4514 nebulositatem
710 4461 743 4514 et
764 4453 918 4534 pigritiem
942 4454 1069 4517 alienae.

719 4541 855 4604 Thesis
878 4542 998 4604 XXVI.

269 4626 528 4691 Considerandum
552 4648 627 4691 nnnc
652 4629 743 4692 etiam
766 4632 823 4693 lroe
847 4639 908 4705 est,
935 4632 1077 4711 quidnam
1100 4630 1130 4692 id
1154 4629 1210 4702 sit,
1242 4631 1321 4712 quod
1343 4632 1538 4713 planetarum

179 4715 235 4777 has
258 4718 338 4779 vires
368 4719 397 4780 in
422 4735 577 4779 excessum
607 4718 735 4780 medium
763 4731 796 4782 et
827 4720 977 4783 desectum
1008 4720 1193 4800 distinguere
1226 4720 1335 4800 possit
1361 4721 1538 4785 *Mutuum-

114 4886 117 4893 .
180 4804 255 4867 tium
277 4806 378 4889 itaque
402 4807 499 4872 lucem
522 4825 588 4870 cum
612 4827 631 4868 a
654 4809 815 4872 reflexione
839 4808 1060 4879 deduxerimus,
1083 4809 1296 4873 considerandi
1314 4817 1389 4874 sunt
1409 4829 1467 4894 pro
1481 4810 1540 4875 tn
