3428 5542
711 313 795 379 &oet
810 315 877 367 m·
1411 315 1473 392 171

115 465 285 531 existimem
307 477 354 545 te,
378 470 474 533 lector
501 487 611 551 aeque,
645 470 672 533 si
695 471 808 553 aliquid
831 473 958 552 amplius
983 473 1077 537 ctiam
1100 474 1236 549 deesset,
1265 482 1478 537 concoctarum

115 563 206 635 atque
234 566 456 621 excusaturum.
502 559 608 638 Neque
641 559 712 622 mihi
736 560 829 638 digna
852 562 971 625 videtur
1004 563 1067 641 ejus
1097 570 1197 624 motus
1225 561 1405 637 diversitas,
1439 563 1477 625 de

115 663 174 723 qua
203 664 345 724 magnam
376 648 463 710 litem
494 646 676 720 moveaml).
733 647 880 718 Quamvis
917 651 1025 712 melius
1061 670 1094 712 se
1127 650 1208 730 gerit
1240 669 1330 730 qnam
1357 649 1476 713 Venus:

115 731 189 793 facit
216 734 296 797 euim
326 736 412 797 nnius
435 742 554 797 tautum
582 737 695 814 gradus
718 737 934 813 differentiam,
965 739 1044 820 quod
1072 739 1180 801 mirum
1209 747 1273 801 est:
1298 738 1373 800 adeo
1398 757 1477 800 nun·

114 838 204 900 qnam
226 841 284 885 uon
309 823 411 887 fallaci
434 830 484 886 est
505 823 633 903 ingenio.
681 823 773 888 Certe
791 844 867 886 nnus
891 827 939 889 hic
962 836 1019 903 est,
1045 828 1094 907 qui
1119 827 1342 907 astrologorum
1366 827 1478 888 lamam

114 909 244 973 maxime
275 912 434 990 prostituit
465 920 497 973 et
530 921 729 975 meteororum
761 914 907 976 rationem
940 933 1057 977 omnem
1089 916 1203 978 turbat.
1250 914 1293 976 Et
1317 914 1347 976 in
1377 914 1477 976 ventis

114 997 233 1076 quidem
255 999 466 1079 praedicendis
490 1002 580 1080 (qnos
604 1002 773 1064 certissime
797 1004 944 1078 concitat,
975 1004 1212 1085 quotiescunque
1238 1002 1311 1065 locis
1336 1012 1384 1064 est
1407 1003 1476 1064 ido-

115 1086 196 1160 neis)
220 1106 312 1170 saepe
342 1090 419 1151 adeo
442 1090 594 1152 constanti
624 1109 746 1152 numero
770 1091 886 1153 dierum
910 1092 1045 1167 aberrat,
1081 1102 1114 1153 ut
1144 1111 1249 1173 parum
1274 1091 1369 1165 absit,
1406 1092 1476 1170 quin

115 1181 179 1236 tum
202 1175 268 1254 ejus
290 1176 321 1237 in
344 1177 533 1257 ephemeride
556 1177 666 1241 vitiose
681 1179 831 1259 proditum
847 1179 989 1243 circulum
1010 1181 1158 1260 corrigere
1182 1180 1296 1260 possim
1304 1181 1348 1251 ο);
1374 1179 1475 1259 itaque

114 1261 251 1343 siquem
275 1272 479 1327 astronomum
501 1283 655 1329 cernerem
679 1267 801 1329 nimium
823 1268 952 1331 sollicite
977 1269 1121 1331 rimandis
1144 1270 1286 1348 planetae
1311 1268 1398 1345 hujus
1422 1286 1473 1329 er·

113 1350 230 1413 roribus
252 1353 436 1427 incumbere,
467 1354 551 1416 illum
575 1374 631 1435 ego
656 1375 821 1429 monerem,
854 1366 888 1418 ut
911 1365 1028 1436 tempus
1058 1358 1131 1418 illud
1162 1357 1275 1435 rectius
1299 1357 1474 1430 collocaret,

113 1447 145 1501 et
168 1440 319 1503 Tellurem
341 1451 431 1522 atque
456 1442 532 1505 hanc
556 1441 736 1505 ambientem
758 1444 884 1519 Lunam,
909 1443 1102 1533 ι’ναργιςαων
1121 1446 1215 1519 sidus,
1241 1462 1367 1523 quarum
1392 1443 1477 1505 illam

115 1527 255 1607 pedibus,
280 1528 358 1592 hanc
381 1531 475 1592 oculis
498 1532 632 1611 proxime
656 1532 846 1612 attingimus,
870 1533 960 1607 haec,
985 1535 1120 1614 iuquam,
1154 1533 1255 1596 sidera
1277 1531 1379 1612 potius
1403 1550 1476 1610 spe·

114 1617 240 1692 coletur,
264 1637 400 1700 quaeque
423 1619 452 1679 iu
476 1638 579 1681 eornm
602 1620 732 1683 motibus
756 1622 844 1701 inque
871 1622 1033 1701 eclipsibus
1058 1623 1153 1685 adhuc
1176 1639 1345 1701 peccamus,
1372 1620 1475 1681 limet:
1523 1673 1527 1680 .

115 1712 179 1767 tnm
202 1705 321 1768 demum
340 1725 462 1790 operam
485 1709 524 1770 ad
541 1709 723 1772 Mercurium
749 1711 925 1791 transferat.
974 1710 1095 1772 lnterea
1124 1710 1151 1772 si
1176 1709 1264 1771 venia
1293 1708 1375 1787 digni
1406 1713 1478 1769 snut

115 1812 232 1856 errores
255 1794 336 1858 circa
359 1796 488 1859 Telluris
507 1803 538 1858 et
561 1798 666 1860 Lunae
690 1805 802 1873 motus,
834 1799 928 1861 multo
957 1801 1054 1879 magis
1088 1799 1120 1861 id
1142 1797 1331 1861 merebuntur
1356 1814 1474 1858 errores

115 1883 144 1945 in
167 1883 329 1959 Mercurio,
354 1885 404 1964 qui
428 1893 459 1947 et
481 1886 626 1948 remotior
650 1907 669 1947 a
691 1887 777 1949 nobis
802 1895 858 1962 cst,
883 1895 916 1949 et
939 1888 1002 1950 fere
1025 1907 1143 1966 semper
1166 1887 1222 1947 suh
1245 1885 1317 1947 Sole
1343 1887 1429 1946 latet

205 1971 307 2053 Atque
339 1973 389 2035 hic
419 1994 535 2037 rursum
565 1983 600 2037 nt
634 1975 732 2054 priore
762 1976 862 2054 capite
901 1977 1051 2039 coronidis
1091 1977 1155 2037 loco
1180 1974 1327 2054 epistolae
1357 1981 1475 2056 partem

117 2061 282 2137 ascribam,
317 2081 407 2141 quam
430 2063 613 2125 Maestliuns
637 2064 676 2125 ad
699 2083 747 2126 me
770 2065 868 2127 misit:
902 2065 989 2146 idque
1020 2066 1136 2127 duabus
1159 2064 1196 2125 de
1220 2063 1335 2137 causis,
1369 2060 1476 2140 prima,

116 2149 246 2229 quiade
270 2152 548 2312 rpijnecessariate
573 2160 689 2222 monet,
724 2153 838 2225 altera,
869 2154 939 2234 qnia
962 2162 1053 2233 caput
1085 2154 1140 2214 hoc
1167 2152 1282 2233 passim
1310 2150 1477 2211 coufirmat.

117 2236 168 2300 Sic
192 2236 263 2299 ille:

209 2326 306 2401 „Tam
328 2325 474 2389 mirabilis
498 2334 546 2389 est
559 2327 734 2402 Mercurius,
760 2335 793 2389 ut
815 2347 919 2409 parum
943 2328 1082 2403 abfuerit,
1108 2327 1177 2408 quin
1202 2327 1294 2389 etiam
1317 2345 1363 2387 me
1388 2322 1478 2388 fefel-

118 2412 216 2477 lisset.
262 2414 328 2477 Nec
356 2415 480 2487 mirum,
513 2416 583 2495 qnia
612 2416 702 2478 etiam
727 2414 893 2496 (lopernicn
923 2426 954 2479 et
976 2416 1167 2479 Rheinhnldo
1196 2416 1356 2478 admodum
1381 2414 1478 2477 mole·

117 2510 196 2564 stum
212 2502 307 2565 luisse
322 2504 540 2565 animadverto.
588 2503 773 2584 Cupernicus
792 2506 846 2567 hoc
867 2507 904 2567 de
919 2525 952 2568 se
971 2505 1037 2585 ipso
1058 2506 1179 2578 latetur,
1206 2503 1350 2580 „multis
1367 2500 1480 2581 (inquit

117 2591 168 2652 lib.
194 2591 236 2653 V.
262 2609 329 2671 cap.
349 2586 419 2664 30.)
443 2592 620 2670 ambagibus
644 2602 676 2655 et
699 2592 852 2655 laboribus
876 2612 930 2654 nos
955 2593 1045 2655 torsit
1068 2594 1124 2654 hoc
1149 2593 1242 2668 sidus,
1268 2591 1386 2670 atejus
1409 2608 1476 2652 mo-

116 2687 165 2740 tns
190 2680 448 2743 scrutaremur.““
495 2681 584 2744 Unde
608 2682 913 2762 praeterquamquod
929 2683 1030 2744 nullas
1053 2701 1124 2743 sues
1143 2681 1282 2760 proprias
1297 2679 1408 2741 recitat
1422 2678 1478 2741 ob-

116 2767 304 2830 servationes
327 2768 356 2830 iu
380 2772 402 2846 b
425 2767 562 2841 habitas,
595 2771 649 2831 sed
678 2770 896 2832 aBernbardo
919 2770 1059 2831 Walters
1082 2769 1280 2849 heribergico
1309 2775 1477 2830 mutuatur:

116 2855 208 2917 etiam
222 2855 252 2917 in
272 2858 402 2936 apogaei
420 2857 517 2936 ipsius
531 2858 597 2920 loco
612 2859 776 2920 statuendo
800 2859 855 2919 sibi
881 2878 939 2919 non
954 2866 1085 2919 constat.
1119 2858 1199 2920 Nam
1213 2876 1300 2937 quem
1312 2859 1396 2934 (cap.
1407 2849 1478 2928 26.)
1588 2857 1596 2865 ’

116 2942 147 3005 in
171 2943 274 3023 primis
297 2945 445 3007 Antonini
469 2946 565 3019 annis,
591 2948 672 3008 circa
696 2965 804 3009 aunum
829 2945 943 3008 Christi
970 2944 1042 3010 140.
1064 2947 1155 3025 juxta
1178 2945 1346 3007 Ptolemaei
1370 2944 1478 3005 obser·

115 3033 254 3094 rationes
293 3032 409 3095 invenit
441 3034 469 3095 in
512 3028 573 3096 10·
603 3045 651 3100 a:
692 3044 723 3097 et
749 3035 805 3096 sub
833 3036 957 3098 stellato
985 3036 1057 3097 orbe
1085 3035 1114 3095 iu
1143 3029 1224 3098 1830
1246 3030 1300 3096 200
1334 3053 1352 3092 a
1382 3031 1480 3111 prima

116 3121 208 3183 stella
230 3120 280 3197 Υι
314 3121 440 3183 eundem
471 3117 553 3185 1830
583 3120 637 3185 201
661 3124 742 3204 (cap.
771 3121 840 3196 29.)
870 3125 988 3203 reponit
1017 3123 1055 3184 ad
1089 3121 1141 3185 21.
1172 3141 1281 3185 anunm
1310 3117 1479 3183 Ptolemaei

116 3208 317 3289 Philadelphi,
342 3210 465 3290 perinde
489 3211 575 3293 acsi
599 3211 655 3274 hoc
679 3216 701 3290 32
724 3230 890 3292 apogaeum
915 3212 994 3275 intra
1017 3210 1083 3275 400
1098 3231 1192 3273 annos
1212 3209 1406 3272 intermedius
1421 3206 1476 3269 sub

117 3299 248 3378 sphaera
277 3298 403 3363 lixarum
435 3299 591 3361 stellarum
623 3300 777 3363 immotum
802 3300 982 3381 quievisset;
1016 3320 1082 3362 cnm
1115 3309 1217 3362 tamen
1250 3300 1331 3379 (cap.
1362 3293 1415 3360 30.
1447 3295 1478 3357 in

116 3386 188 3460 line)
213 3382 255 3450 63
279 3388 366 3450 aunis
389 3406 556 3469 perunum
579 3390 705 3469 gradum
729 3399 843 3452 motum
866 3389 959 3451 fnisse
984 3389 1042 3470 ipsi
1064 3389 1218 3461 rideatur3
1247 3387 1334 3448 addit
1357 3392 1476 3446 antem:

116 3474 143 3536 si
166 3475 254 3536 modo
277 3477 414 3556 aequalis
437 3476 539 3538 fuerit.
584 3476 806 3539 Rheinholdum
830 3478 859 3539 in
879 3478 985 3555 iisdem
1001 3477 1229 3539 difficultatibus
1250 3474 1388 3537 haesisse
1411 3471 1478 3534 cal-

116 3563 202 3625 cnlns
233 3563 463 3628 Prntenicarnm
495 3563 664 3628 tabulamm
694 3567 809 3645 prodit,
848 3585 905 3646 qno
938 3567 1087 3646 arguitur,
1122 3563 1349 3626 Rheinhnldnm
1382 3561 1491 3622 locum·

116 3652 245 3732 apogaei
268 3652 356 3734 hujus
380 3654 419 3715 ad
448 3662 567 3732 tempus
597 3654 671 3717 illud
694 3654 887 3733 Philadelphi
916 3655 1097 3716 assumsisse
1121 3653 1248 3715 eundem
1271 3650 1389 3729 quidem
1413 3665 1480 3709 cum

117 3738 299 3818 Cupernicu,
323 3741 384 3804 vid.
414 3736 495 3805 1830
517 3737 572 3804 20⁴
596 3761 614 3803 a
637 3743 735 3822 prima
758 3744 849 3805 stella
872 3742 923 3818 Υς
953 3750 987 3805 at
1010 3742 1049 3804 ad
1072 3739 1240 3803 Ptolemaei
1264 3747 1381 3816 tempus
1404 3733 1479 3796 illud

115 3829 145 3891 in
170 3830 266 3890 lucum
290 3830 379 3910 louge
404 3831 533 3892 alienum
557 3851 576 3891 a
599 3831 771 3893 manifestis
787 3832 955 3894 Ptolemaei
979 3828 1241 3894 observationibus
1264 3835 1296 3887 et
1319 3820 1478 3903 Copernici
1555 3890 1562 3897 .

113 3918 347 3981 resumtiouibns
380 3918 473 3982 cadit
531 3919 576 3981 lbi
606 3920 683 3982 cnim
718 3922 800 3982 locus
831 3922 897 4001 ejus
926 3926 1118 4000 computatur
1145 3935 1203 3977 non
1235 3908 1320 3978 1830
1341 3910 1395 3974 20‘
1424 3926 1480 3971 ncc

121 4002 178 4068 100
200 4015 262 4082 Ω,
287 4007 341 4069 sed
369 4002 451 4071 1880
472 4002 527 4070 50
550 4008 700 4070 suburbe
730 4010 870 4085 stellato,
895 4017 927 4071 et
953 4005 1013 4072 150
1035 4004 1090 4072 80’
1115 4016 1177 4080 2,
1208 4002 1333 4081 ideoque
1365 3997 1480 4061 numeri

114 4095 159 4157 illi
182 4096 241 4157 mei
263 4095 303 4159 ad
326 4095 495 4159 Ptolemaei
519 4096 638 4178 quidem
662 4099 795 4161 seculum
819 4098 1037 4161 accommodati
1062 4093 1187 4170 snut,*)
1220 4111 1278 4153 non
1304 4098 1422 4162 autem,
1446 4094 1481 4148 ut

114 4185 208 4264 ceteri
229 4203 285 4264 per
303 4184 404 4248 omnia
426 4186 541 4249 calculo
565 4186 736 4250 tabularum
759 4187 996 4261 Prntenicarnm,
1022 4186 1077 4246 sed
1094 4177 1263 4245 Ptolemaei
1287 4175 1478 4241 ohservatio-

113 4272 199 4335 nibus
228 4273 424 4348 conveniunt,
458 4294 511 4336 eas
541 4273 620 4336 enim
645 4273 830 4356 Copernicns
858 4294 974 4356 quoqne
1002 4283 1034 4336 ct
1062 4273 1186 4335 retinuit
1214 4278 1246 4333 et
1273 4275 1394 4331 secutus
1418 4271 1477 4338 est,

114 4369 205 4442 atque
236 4363 359 4425 eosdem
392 4362 460 4424 inde
488 4380 626 4425 numeros
657 4365 809 4442 produxit.
857 4365 908 4427 Ad
936 4370 1072 4425 nostram
1102 4369 1203 4423 autem
1230 4357 1294 4420 sive
1319 4351 1477 4434 Coperuici

112 4459 248 4513 aetatem
285 4469 425 4514 numeros
457 4451 548 4513 hosce
582 4463 757 4531 computare
797 4471 854 4514 uon
888 4452 984 4526 volni,
1020 4458 1183 4530 propterca
1215 4446 1294 4529 qnod
1322 4443 1342 4503 ii
1388 4442 1477 4519 longe

114 4539 167 4602 alii
189 4540 310 4609 tierent,
341 4548 465 4620 propter
488 4539 744 4603 eccentricitatem
769 4541 850 4602 orbis
874 4540 976 4619 magni
1006 4539 1201 4610 diminutam3
1233 4541 1265 4595 et
1295 4527 1374 4609 qnod
1397 4527 1477 4606 apud

115 4626 312 4708 Cepernicum
347 4625 436 4689 nullis
468 4628 684 4691 recentioribus
718 4629 980 4692 observationibus
1017 4624 1194 4703 investigati
1228 4630 1259 4684 et
1292 4615 1478 4693 comprobati

122 4760 160 4770 ...-

192 4817 218 4883 ⁸)
235 4821 270 4873 lli
288 4823 385 4875 nnned
402 4829 462 4873 sunt
479 4822 504 4873 iu
522 4821 609 4872 tabula
627 4821 658 4872 V.
678 4820 725 4891 (2³
744 4829 770 4872 et
788 4817 834 4882 21)
854 4834 918 4890 qnae
936 4826 975 4871 ast
994 4818 1056 4884 Gap.
1075 4817 1131 4867 XV.
1151 4815 1184 4865 ad
1202 4810 1231 4876 Q.
1300 4809 1335 4859 K
