3428 5542
756 280 867 342 Mysterii
886 278 1086 343 i'osmographici

693 441 736 504 IN
762 436 902 502 CAPUT
925 435 1158 500 SECUNDUM

772 561 886 613 noris
905 560 1084 613 lucrosis.

326 667 358 740 a)
381 670 491 725 Omale
507 669 623 726 factum!
665 671 838 725 Emundone
853 671 1017 740 ejiciamus?
1045 671 1102 725 lmo
1117 668 1285 740 postliminio
1304 668 1433 723 revocavi
1448 668 1476 723 in
1491 669 1609 724 Harmo-

233 753 318 809 nieis.
361 753 415 806 Cur
430 759 523 806 autem
537 751 697 821 ejiciamus?
726 756 770 805 An
785 752 850 822 quia
870 752 993 805 infinitae
1009 758 1038 804 et
1053 750 1131 821 proin
1153 749 1253 804 ordinis
1269 748 1378 804 minime
1392 755 1531 820 capaces?
1557 753 1609 804 At

245 834 290 906 qui
311 851 364 886 non
381 832 466 902 ipsae,
491 833 538 885 sed
555 848 617 886 mea
632 832 705 885 illius
721 832 851 902 temporis
867 831 984 895 inscitia,
1007 831 1153 885 communis
1177 829 1243 884 mibi
1257 847 1318 883 cum
1332 830 1480 901 plerisque.
1506 829 1610 884 ordinis

246 914 355 968 illarum
374 912 482 966 minime
497 928 589 982 capax
604 917 677 966 erat.
719 913 817 983 ltaque
836 912 884 965 lib.
901 912 922 965 1.
944 911 1169 965 Harmonicorum
1191 917 1222 964 et
1239 910 1377 965 delectum
1395 911 1516 981 aliquem
1537 910 1612 964 inter

247 992 367 1048 infinitas
382 992 461 1046 docui
483 999 513 1046 et
527 993 647 1047 ordinem
667 993 693 1044 in
709 992 741 1045 iis
763 991 974 1062 pulcherrimum
995 991 1021 1044 in
1037 992 1123 1044 lucem
1145 991 1258 1061 protuli.
1299 991 1371 1045 Nam
1392 1007 1442 1045 our
1455 991 1544 1045 lineas
1560 1007 1611 1044 nos

246 1092 283 1129 ex
304 1074 458 1143 archetypo
480 1073 570 1127 mundi
592 1073 770 1135 eliminemus,
796 1089 856 1125 curn
876 1071 964 1125 lineas
980 1073 1055 1124 Deus
1077 1089 1160 1140 opere
1182 1070 1241 1140 ipso
1260 1071 1441 1140 expresserit,
1465 1078 1557 1125 motus
1571 1088 1610 1123 se.

245 1155 441 1225 planetarum?
484 1152 595 1224 Lingma
609 1153 696 1224 igitur
710 1152 883 1224 corrigenda,
899 1169 975 1206 mens
990 1153 1117 1205 tenenda.
1161 1153 1190 1205 ln
1205 1168 1349 1221 corporum
1363 1168 1485 1214 numero.
1507 1151 1611 1221 sphae-

246 1250 339 1289 rarum
353 1233 534 1302 amplitudine
549 1234 744 1287 constituenda
764 1233 890 1303 primitus
912 1232 1088 1287 eliminentur
1108 1249 1175 1286 sane
1196 1231 1300 1287 lineae:
1321 1239 1352 1287 at
1371 1232 1399 1286 in
1412 1231 1542 1295 motibus,
1564 1229 1611 1301 qui

215 1373 218 1377 ,
247 1314 328 1370 lineis
343 1313 529 1384 perficiuntur,
555 1313 721 1368 exornandis
744 1332 777 1367 ne
793 1320 998 1367 contemnamus
1018 1312 1106 1366 lineas
1126 1319 1156 1366 et
1176 1312 1343 1382 superficies,
1368 1329 1439 1384 quae
1454 1312 1532 1366 solae
1547 1327 1611 1382 pro·

247 1394 404 1466 portionum
418 1394 636 1449 harmonicamm
652 1401 717 1447 sunt
732 1394 819 1464 origo.

328 1470 358 1543 b)
380 1475 483 1544 Ingens
504 1474 648 1528 discrimen
669 1484 834 1545 argumento
857 1473 993 1528 nominum
1013 1480 1058 1543 est
1079 1473 1151 1525 inter
1173 1473 1233 1526 lixa
1253 1481 1282 1526 et
1296 1472 1420 1533 mobilia;
1442 1488 1491 1526 cur
1504 1488 1559 1526 non
1574 1470 1611 1525 sit

248 1554 359 1624 aliquod
374 1554 459 1607 etiam
482 1553 508 1607 in
524 1554 666 1624 utriusque
681 1556 792 1624 generis
807 1553 1011 1609 exornatione?
1054 1553 1120 1614 Quis
1136 1553 1237 1606 ordinis
1257 1552 1488 1624 pulchritudinem
1507 1550 1609 1606 intelli·

248 1642 338 1707 geret,
361 1634 383 1686 si
399 1651 452 1687 non
468 1632 551 1702 juxta
564 1642 691 1687 cerneret
705 1635 822 1688 fixarum
838 1635 989 1688 exercitum
1009 1632 1110 1686 ordinis
1125 1639 1291 1704 expertem?
1333 1632 1400 1694 Quis
1414 1631 1611 1687 astronomiam

248 1713 375 1776 disceret,
396 1713 419 1767 si
434 1721 573 1783 perpetua
587 1721 662 1767 esset
677 1714 825 1768 similitudo
840 1715 1092 1768 scliematismorum
1112 1730 1161 1766 seu
1175 1712 1437 1768 constellationum?
1477 1712 1532 1766 sss
1545 1728 1611 1765 suus

249 1794 342 1849 formis
357 1800 481 1857 ornatus,
507 1800 551 1846 est
571 1800 600 1846 et
623 1795 768 1848 materiae.
811 1794 854 1847 Sit
872 1796 960 1864 igitur
977 1793 1093 1864 propria
1111 1795 1247 1847 materiae
1266 1799 1295 1846 et
1317 1792 1435 1863 pulchra
1453 1791 1612 1853 exornatio.

249 1890 321 1945 quae
336 1874 414 1927 iacta
427 1882 472 1926 est
495 1891 545 1944 per
559 1873 692 1927 infinitam
707 1882 736 1928 et
750 1877 847 1928 molem
868 1882 897 1927 et
910 1874 1112 1928 multitudinem
1131 1881 1161 1927 et
1177 1873 1343 1928 varietatem
1359 1879 1417 1927 tam
1437 1873 1509 1927 situs
1529 1886 1613 1942 quam

249 1954 447 2026 magnitudinis
462 1954 663 2024 claritatisque.

329 2028 357 2103 c)
383 2031 498 2100 (Aunot.
522 2032 658 2103 antiqua.)
702 2036 850 2104 Corporum
866 2035 996 2088 nobilitas
1019 2043 1063 2087 est
1083 2052 1120 2087 ex
1135 2033 1312 2103 simplicitate
1333 2041 1422 2087 etex
1437 2031 1613 2103 aequalitate

248 2114 397 2170 distantiae
413 2114 556 2183 planorum
571 2131 589 2168 a
603 2122 698 2168 centro
713 2116 830 2185 figurae.
874 2114 952 2168 Sicut
966 2114 1037 2167 enim
1052 2130 1148 2168 norma
1168 2122 1196 2168 et
1211 2115 1312 2185 regula
1330 2120 1522 2168 creaturarum
1536 2112 1613 2166 Deus

250 2202 302 2257 est,
318 2195 358 2247 sic
373 2195 496 2263 sphaera
511 2211 663 2265 corporum.
706 2195 792 2263 Atqui
806 2210 841 2247 ea
856 2195 942 2247 habet
956 2194 1044 2247 dictas
1059 2195 1257 2264 proprietates.
1290 2190 1319 2262 1)
1333 2195 1387 2248 Est
1400 2192 1613 2264 simplicissima,

250 2274 316 2346 quia
330 2291 384 2327 uno
400 2274 538 2327 clauditur
554 2275 679 2337 termino,
695 2294 725 2326 se
741 2274 803 2342 ipsa
818 2274 931 2327 scilicet.
962 2271 995 2337 ⁴2)
1011 2274 1110 2328 Omnia
1120 2273 1180 2342 ejus
1195 2281 1297 2343 puncta
1308 2273 1502 2343 aequalissime
1518 2289 1536 2327 a
1550 2290 1613 2326 een·

250 2364 294 2409 tro
304 2354 421 2407 distant.
451 2355 497 2408 Ex
507 2354 667 2423 corporibus
677 2355 764 2425 igitur
774 2354 897 2423 proxime
907 2357 1043 2407 accedunt
1053 2355 1197 2424 regularia
1212 2357 1245 2407 ad
1256 2355 1394 2424 sphaerae
1404 2350 1613 2424 perfectionem.

251 2434 353 2490 Eorum
368 2432 489 2488 delinitio
509 2435 578 2487 haec
593 2442 645 2496 est,
670 2443 701 2487 ut
716 2435 840 2487 habeant
864 2430 893 2498 l)
910 2435 1000 2488 omnia
1021 2435 1123 2496 latera,
1146 2432 1286 2504 2lp1ana,
1309 2432 1338 2498 3)
1354 2433 1485 2507 angulos,
1500 2433 1616 2504 singula

253 2514 385 2584 aequalia
398 2521 428 2567 et
442 2514 534 2584 specie
549 2523 579 2568 et
592 2514 791 2585 magnitudine,
814 2516 884 2585 quod
900 2523 943 2568 est
963 2513 1162 2584 simplicitatis:
1187 2530 1268 2584 quarn
1288 2513 1408 2584 positam
1429 2512 1618 2568 definitionem

254 2596 381 2665 sequitur
403 2595 470 2647 illud
494 2594 577 2657 ultro,
603 2596 673 2664 quod
698 2589 730 2663 4)
746 2593 863 2648 omnium
888 2596 1031 2664 planorum
1056 2601 1154 2647 centra
1177 2595 1333 2665 aequaliter
1357 2610 1375 2648 a
1397 2594 1487 2649 medio
1502 2592 1615 2653 distem,

255 2672 284 2740 5)
301 2677 372 2746 quod
388 2674 523 2744 inscripta
536 2675 622 2746 globo
637 2675 760 2729 omnibus
776 2675 888 2745 angulis
905 2681 1027 2745 tangant
1042 2674 1222 2743 superficiem,
1240 2672 1273 2742 6)
1289 2677 1359 2744 quod
1375 2675 1403 2729 in
1417 2691 1454 2728 ea
1466 2675 1615 2735 haereant.

255 2751 287 2825 7)
303 2756 376 2826 quod
395 2753 557 2824 inscriptum
575 2756 689 2825 globum
710 2755 834 2809 omnibus
856 2756 1002 2824 planorum
1022 2754 1122 2807 centris
1144 2761 1276 2827 tangant,
1307 2749 1340 2821 8)
1354 2757 1426 2825 quod
1446 2754 1562 2824 proinde
1575 2753 1616 2807 in·

255 2836 374 2905 scriptus
390 2835 490 2904 globus
506 2836 622 2889 haereat
637 2836 771 2898 immotus,
802 2830 834 2902 9)
849 2842 879 2888 et
894 2837 963 2905 quod
979 2835 1049 2888 idem
1064 2840 1187 2889 centrum
1209 2836 1315 2890 habeat
1334 2853 1394 2890 cum
1408 2837 1509 2906 figura.
1552 2832 1617 2896 Qui·

255 2918 306 2971 bus
321 2915 404 2968 rebus
419 2914 538 2969 eflicitur
559 2916 650 2970 altera
672 2915 820 2969 similitudo
835 2933 894 2968 cum
909 2916 1046 2985 sphaera,
1071 2930 1142 2984 quae
1162 2921 1206 2970 est
1224 2935 1261 2971 ex
1275 2916 1449 2986 aequalitate
1463 2914 1617 2969 distantiae

275 2996 409 3050 lanarum.

255 3012 274 3067 P
336 3071 364 3138 d)
389 3072 520 3127 Scholion
534 3080 627 3128 autem
652 3075 719 3128 illud
742 3075 783 3127 ita
798 3084 895 3129 sonat:
916 3074 971 3142 Ajo
986 3093 1051 3130 rere
1072 3084 1185 3144 praeter
1199 3075 1287 3130 dictas
1303 3076 1422 3149 quinque
1442 3062 1618 3149 figures'non

256 3170 339 3226 posse
364 3152 447 3207 aliam
471 3153 601 3207 constitui
622 3155 740 3224 figuram
763 3155 887 3217 solidam,
913 3171 984 3223 quae
1007 3155 1097 3225 plenis
1121 3163 1151 3209 et
1175 3156 1353 3225 aequilateris
1375 3164 1404 3212 et
1423 3153 1619 3229 aequiangulia

257 3234 434 3289 contineatur
450 3232 524 3287 inter
545 3251 575 3286 se
597 3233 769 3304 aequalibus.
812 3235 873 3288 Non
888 3234 959 3287 enim
973 3253 1009 3288 ex
1026 3235 1131 3288 duobus
1147 3235 1304 3307 triangulis,
1328 3240 1376 3292 sed
1392 3255 1481 3309 neque
1502 3255 1539 3291 ex
1555 3234 1618 3290 aliis

258 3316 364 3370 duabus
384 3313 481 3384 liguris
496 3313 598 3367 solidus
614 3314 798 3369 constituetur
812 3315 942 3385 angulus.
985 3315 1038 3369 Sed
1060 3316 1200 3369 extribus
1220 3317 1371 3388 triangulis
1399 3324 1511 3372 constat
1531 3330 1617 3386 pyra·

257 3393 336 3450 luidis
350 3394 480 3465 angulus.
521 3393 567 3448 Ex
582 3401 700 3463 quatuor
715 3403 808 3448 autern
822 3395 954 3448 octaedri.
996 3396 1042 3449 Ex
1057 3395 1176 3467 quinque
1190 3413 1256 3450 vero
1271 3398 1416 3452 icosaedri.

338 3476 383 3530 Ex
404 3474 554 3545 triangulis
573 3491 624 3528 sex
644 3484 674 3528 et
700 3476 879 3545 aequilateris
909 3484 938 3528 et
967 3476 1162 3545 aequiangulis
1191 3479 1226 3530 ad
1256 3479 1326 3533 idem
1359 3484 1489 3549 puuctum
1516 3492 1617 3531 aoeuu·

258 3556 333 3612 tibus
353 3572 408 3609 non
426 3555 476 3610 flet
494 3555 616 3626 angulus
638 3555 749 3610 solidus.
793 3556 859 3609 Cum
873 3556 944 3608 enim
966 3556 1100 3626 trianguli
1123 3557 1288 3626 aequilateri
1311 3559 1434 3630 angulus
1453 3555 1524 3613 recti
1538 3557 1618 3611 unius

259 3638 368 3693 bessem
388 3628 449 3702 (Ἰ.)
472 3635 628 3699 contineat,
652 3643 734 3690 emut
754 3635 888 3706 ejusmodi
911 3653 962 3689 sex
986 3635 1083 3707 angmli
1107 3638 1189 3691 rectis
1213 3646 1333 3708 quatuor
1353 3639 1497 3709 aequales.
1540 3638 1617 3700 Quod

256 3718 316 3773 heri
331 3735 386 3772 non
399 3722 502 3786 potest.
544 3715 613 3770 Nam
633 3716 737 3769 solidus
757 3716 842 3770 omnis
865 3717 985 3787 angulus
1007 3717 1155 3771 minoribus
1171 3735 1250 3787 quam
1273 3719 1355 3774 rectis
1371 3728 1491 3790 quatuor
1505 3716 1619 3790 angulis

256 3797 413 3853 continetur
435 3792 527 3864 (Eucl.
547 3795 598 3849 XI.
621 3791 692 3859 21).
735 3797 778 3849 Ob
799 3799 909 3850 easdem
937 3814 1005 3849 sane
1031 3813 1131 3850 causas
1154 3815 1242 3867 nequo
1262 3800 1444 3870 expluribus
1464 3814 1547 3869 quam
1566 3815 1618 3853 aex

257 3877 349 3947 planis
372 3875 483 3949 angellis
507 3874 639 3945 ejusmodi
659 3876 779 3947 angulus
800 3876 903 3930 solidus
925 3876 1100 3931 construitur.

337 3955 391 4010 Sed
414 3974 451 4010 ex
473 3956 561 4010 tribus
585 3956 726 4027 quadratis
751 3957 811 4010 cubi
836 3956 955 4027 angulus
981 3956 1145 4012 continetur.
1186 3959 1231 4012 Ex
1255 3967 1374 4027 quatuor
1396 3958 1490 4013 nullus
1511 3964 1617 4029 potest.

257 4036 363 4091 Rursus
387 4035 458 4089 enim
479 4037 546 4090 recti
571 4044 691 4105 quatuor
714 4043 803 4091 erunt.

338 4116 383 4169 Ex
407 4114 495 4170 trihus
518 4123 611 4170 autem
634 4117 801 4187 pentagonis
827 4116 1007 4186 aequilateris
1031 4123 1061 4170 et
1093 4117 1285 4188 aequiangulis
1308 4118 1471 4174 dodecsedri
1495 4119 1619 4190 angulus

258 4195 423 4251 continetur.
466 4194 519 4248 Sed
534 4213 570 4248 ex
586 4204 705 4265 quatuor
718 4198 812 4250 nullus
826 4203 929 4265 potest.
971 4196 1039 4250 Cum
1053 4198 1125 4251 enim
1146 4198 1299 4270 pentagoni
1314 4198 1480 4270 aequilateri
1495 4198 1619 4270 angulus

259 4283 351 4331 rectus
367 4276 402 4330 sit
424 4281 454 4328 et
471 4275 567 4344 quinta
591 4276 658 4328 recti
680 4292 754 4346 pars,
777 4286 858 4330 erunt
872 4284 992 4346 quatuor
1005 4278 1101 4347 anguli
1125 4280 1207 4332 rectis
1226 4287 1345 4348 quatuor
1368 4280 1497 4349 majores.
1540 4277 1619 4341 Quod

259 4357 317 4411 heri
342 4356 444 4425 nequit.
487 4356 544 4408 Nec
560 4371 627 4408 sane
642 4374 677 4409 ex
694 4357 755 4409 aliis
780 4358 928 4428 polygonis
952 4358 1048 4427 figuris
1073 4359 1175 4411 solidus
1191 4360 1311 4429 angulus
1326 4361 1521 4424 continebitur,
1547 4358 1620 4429 quoti

259 4438 322 4492 hinc
337 4452 444 4506 quoque
459 4436 605 4488 absurdum
627 4443 767 4505 sequatur.
811 4439 993 4498 Quamobrem
1006 4439 1180 4507 perspicuum
1194 4445 1246 4501 est,
1267 4447 1381 4509 praeter
1395 4440 1482 4495 dictas
1498 4440 1619 4513 quinque

259 4519 364 4589 ligurus
388 4516 472 4569 aliam
497 4515 613 4585 liguram
638 4516 752 4570 solidam
776 4536 829 4571 non
854 4535 935 4586 posse
951 4518 1090 4580 constitui,
1115 4536 1186 4588 quae
1206 4521 1257 4572 sub
1280 4520 1371 4589 planis
1392 4519 1575 4591 aequilateris
1590 4528 1620 4570 et

260 4597 453 4668 aequiangulis
477 4596 658 4650 continentur.
