3428 5542
680 311 916 379 cepaexnm
1019 320 1032 334 “

680 522 799 621 Caput
824 520 915 600 XX

437 681 529 760 Quae
548 681 592 744 sit
608 680 774 763 proportio
792 687 933 744 motuum
951 681 996 743 od
1018 683 1115 746 orbes.
1130 685 1158 759 ⁸)

208 822 311 903 Atque
335 823 481 884 hacteuus
505 822 624 903 quidem
647 821 819 899 expeditum
844 829 892 884 est
915 832 1122 902 argumentum
1146 825 1229 899 illud,
1255 843 1313 904 quo
1329 844 1384 906 ego
1407 830 1476 908 pln-

118 912 225 974 rimnm
257 911 373 973 roboris
407 911 507 973 afferri
534 919 607 990 puto
637 910 756 971 novatis
784 910 1020 990 hypothesibus,
1055 913 1364 993 demonstratumque,
1398 917 1476 996 qnod

117 1001 310 1081 proportione
334 999 463 1079 quinque
486 997 667 1079 regularium
691 1016 846 1077 corporum
871 998 1026 1061 ntantnr’
1008 1022 1185 1078 αποςηματα
1200 1001 1336 1063 orbium
1328 1023 1357 1064 ru
1379 1003 1477 1087 hypo-

117 1088 256 1150 thesibus
277 1086 446 1170 Copernici.
480 1088 648 1149 Videamus
672 1087 771 1156 modo,
795 1096 894 1148 utrum
917 1089 1013 1150 altero
1038 1089 1130 1150 etiam
1149 1097 1325 1169 argumento
1349 1111 1387 1153 ex
1410 1095 1479 1155 mo-'

117 1177 198 1240 tibus
221 1177 350 1238 deducto
373 1175 492 1256 possint
514 1183 546 1238 et
568 1193 665 1236 novae
683 1175 872 1277 hypotheses
895 1184 927 1238 et
950 1176 1038 1237 hae
1028 1195 1114 1256 rpsae
1135 1178 1251 1240 orbium
1276 1178 1477 1244 dimensiones

117 1264 342 1345 Copernicanae
366 1265 543 1337 confirmari,
567 1271 657 1344 atque
681 1263 711 1324 in
734 1263 926 1344 proportione
950 1273 1082 1327 motuum
1106 1263 1184 1327 ad’
1166 1287 1342 1346 αποςηματα
1365 1270 1477 1333 certior

117 1353 195 1416 ratio
219 1373 257 1415 ex
281 1352 458 1438 Oopemico,
484 1371 575 1433 qnam
597 1370 636 1411 ex
660 1351 781 1413 usitatis
805 1352 1032 1433 hypothesibus,
1058 1354 1170 1418 haberi
1218 1354 1287 1425 Qua
1305 1356 1335 1419 in
1350 1377 1382 1419 re
1407 1359 1475 1421 dum

117 1442 329 1522 amplitudines
353 1442 467 1504 orbium
494 1440 647 1520 proximas
672 1438 888 1520 Copernicanis
917 1461 954 1501 ex
977 1449 1109 1504 motuum
1132 1449 1309 1522 nsptodtsote
1332 1448 1476 1526 tempori·

117 1533 173 1593 bne
197 1532 272 1593 bene
297 1530 428 1610 cognitis
452 1540 585 1604 exsoquo
611 1529 679 1589 fave
704 1528 801 1591 facilis
816 1529 928 1638 Uranie
951 1531 1149 1609 pulcherrimo
1169 1533 1298 1609 conatui,
1324 1544 1393 1598 tuus
1412 1536 1476 1616 jam

117 1621 210 1683 honos
233 1621 343 1698 agitur

204 1709 338 1771 Primum
367 1725 469 1769 omnes
499 1712 622 1784 optant,
655 1711 689 1765 ut
716 1722 773 1785 quo
798 1705 913 1784 longius
941 1706 1069 1785 quilibet
1100 1708 1182 1770 orbis
1210 1708 1299 1771 abest
1328 1711 1477 1788 emedio,

116 1805 201 1859 tanto
230 1796 358 1860 tardiori
385 1803 468 1857 motu
496 1791 626 1855 incedat.
667 1792 751 1856 Nihil
780 1794 858 1854 enim
888 1793 997 1856 rationi
1030 1796 1127 1876 magis
1156 1805 1204 1858 est
1233 1806 1476 1874 consentaneum,

116 1893 197 1948 teste
221 1885 319 1948 Arist.
349 1885 401 1947 lib.
425 1883 465 1944 II.
491 1882 528 1943 de
553 1878 646 1944 Coelo
669 1899 736 1960 cap.
764 1879 814 1944 10.
844 1900 931 1962 qnam
965 1906 1039 1945 κατα
1067 1888 1151 1962 loyor
1173 1891 1318 1965 ytyoeodoc
1340 1911 1394 1959 ace
1416 1884 1478 1952 iao·

116 1996 172 2048 ςου
198 1996 321 2052 minoen
344 1995 407 2043 eote
434 1970 616 2047 ἀποςημασι.
663 1967 730 2038 Quo
760 1971 825 2032 loco
854 1971 913 2031 etsi
941 1970 1137 2052 philosophus
1166 1974 1294 2036 alienam
1323 1977 1411 2038 affert
1439 1980 1478 2041 ab

42 2139 45 2143 Ι
117 2063 257 2125 instituto
285 2070 390 2123 nostro
421 2059 570 2122 rationem
599 2057 741 2130 alteram,
774 2060 892 2120 scilicet
919 2059 1164 2139 impedimentum
1198 2062 1236 2124 ab
1269 2066 1477 2128 occursatione

117 2149 317 2232 pernicissimi
339 2148 428 2230 primi
451 2147 584 2219 mobilis,
618 2154 719 2208 tamen
743 2155 775 2207 st
802 2148 901 2210 altera
928 2148 1044 2210 ratione
1068 2168 1122 2228 pro
1149 2170 1196 2212 me
1225 2151 1321 2214 adhuc
1349 2163 1381 2216 et
1412 2164 1479 2217 tota

117 2240 272 2302 sententia
295 2248 403 2300 contra
424 2235 631 2299 Ptolemaeum
655 2241 819 2316 contraque
844 2256 876 2298 se
900 2236 997 2315 ipsum
1020 2237 1141 2301 militat
1187 2239 1295 2302 Placet
1322 2240 1366 2304 illi
1389 2261 1477 2304 nam-

117 2347 183 2411 que,
208 2336 309 2390 motus
333 2325 550 2407 aequalitatem
572 2344 592 2384 a
618 2324 814 2402 uictoribus
806 2343 835 2385 rn
859 2343 963 2386 omnes
986 2326 1074 2388 orbes
1094 2326 1204 2402 venire,
1229 2328 1476 2408 inaequalitatem

116 2417 230 2480 reditus
254 2415 293 2478 ab
317 2413 470 2478 orbibus
461 2412 536 2494 tpsis
560 2412 693 2474 causari:
719 2419 753 2473 ut
774 2409 900 2474 Saturni
924 2413 1042 2492 quidem
1066 2415 1219 2494 quaelibet
1237 2416 1387 2496 particula
1411 2427 1474 2482 tam

116 2507 158 2568 sit
185 2506 289 2578 velox,
324 2522 414 2584 quam
443 2512 492 2565 est
518 2501 620 2563 infima
646 2501 751 2563 Lunae
784 2501 915 2580 sphaera
946 2501 976 2562 vi
1005 2503 1144 2565 motionis
1173 2507 1322 2607 aequalis:
1355 2508 1410 2569 sed
1433 2507 1477 2570 illi

113 2597 178 2674 jam
201 2552 331 2667 accidat,
355 2600 391 2655 ut
413 2591 542 2670 amplius
565 2599 658 2651 nacta
680 2589 819 2668 spatium,
845 2608 910 2651 cum
934 2608 992 2651 non
1016 2591 1138 2653 citatior
1160 2593 1335 2668 sitceteris·
1361 2595 1476 2658 tardius

118 2684 235 2745 redeat.
286 2680 382 2762 Atqui
398 2679 512 2742 'viliori
545 2678 602 2741 hac
634 2678 818 2759 aequalitate
850 2678 1047 2759 philosophus
1079 2680 1109 2742 in
1143 2690 1278 2744 veterum
1314 2684 1476 2747 traditione

117 2771 208 2852 potiri
227 2789 286 2832 non
310 2769 424 2851 potnit,
450 2768 520 2849 qnia
543 2786 667 2829 necesse
691 2776 779 2840 erat,⁴
796 2776 831 2829 ut
853 2767 949 2829 tribus
971 2768 1103 2847 planetis
1126 2769 1327 2850 inaequalium
1351 2773 1476 2848 or'binm,

118 2861 194 2934 Soli,
220 2860 348 2933 Veneri,
374 2857 523 2920 Mercurio
547 2857 689 2936 aequales
713 2855 828 2917 reditus
852 2857 1035 2933 tribuerent,
1060 2865 1150 2937 atque
1174 2860 1217 2921 sic
1241 2879 1361 2940 semper
1382 2878 1475 2942 supe-

117 2949 227 3011 riorem
250 2949 280 3009 in
304 2947 376 3009 orbe
400 2963 453 3008 suo
477 2944 646 3007 citatiorem
671 2944 825 3006 efficerent
839 2944 981 3008 inferiori.
1008 2948 1061 3014 ln
1077 2945 1244 3027 Cupernico
1262 2949 1364 3028 prima,
1378 2951 1476 3013 fronte

118 3038 191 3100 talis
216 3037 305 3099 offert
328 3054 396 3097 sese
419 3033 582 3114 proportio.
629 3033 708 3095 h'am
729 3051 785 3095 sex
807 3033 921 3096 orbium
936 3034 1089 3097 mobilium
1107 3051 1226 3116 semper
1248 3038 1297 3118 qui
1321 3037 1477 3118 angustior

117 3135 176 3201 est,
201 3126 290 3188 citius
314 3124 403 3187 redit.
449 3121 592 3185 Mercurii
615 3140 742 3202 namque
766 3141 870 3184 cursus
885 3123 1047 3185 trimestris
1067 3132 1124 3198 est,
1149 3125 1280 3189 Veneris
1303 3129 1476 3208 sesquiocto

116 3210 277 3286 mensium,
308 3214 422 3288 Terrae
445 3229 576 3285 annuus,
609 3210 720 3273 Martis
744 3211 855 3287 bimus,
888 3210 974 3274 Jovis
999 3212 1169 3288 duodecim,
1202 3212 1327 3278 Satnmi
1350 3216 1477 3297 triginta

118 3323 273 3367 annornm.
322 3302 435 3363 Verum
458 3301 484 3362 si
507 3301 547 3362 ad
570 3300 702 3362 calculos
725 3318 859 3376 revoces,
883 3301 928 3361 ita
952 3307 985 3362 nt
1008 3310 1121 3380 quanta
1143 3309 1192 3363 est
1208 3305 1362 3384 proportio
1377 3315 1476 3368 motus

118 3392 242 3455 Satnmi
266 3391 305 3452 ad
337 3390 483 3452 ambitum
515 3388 595 3450 orbis
628 3389 697 3450 sive
716 3389 756 3451 ad
786 3388 963 3450 distantiam
995 3391 1116 3462 (eadem
1147 3391 1224 3453 enim
1249 3401 1297 3454 est
1322 3395 1475 3474 proportio

116 3482 303 3555 circulorum,
327 3498 404 3559 quae
419 3478 733 3551 semidiametrorum)‚
756 3485 875 3539 tantm
890 3477 981 3539 etiam
1000 3478 1095 3541 iacias
1118 3481 1340 3559 proportionem
1354 3491 1475 3543 cetero-

116 3588 183 3631 rum
198 3578 331 3631 motnum
354 3568 498 3647 cuiusque
522 3567 561 3628 ad
585 3586 669 3648 snum
692 3568 811 3628 orbem:
836 3566 1043 3645 deprehendes
1059 3567 1205 3646 ejusmodi
1222 3568 1388 3648 simplicem
1402 3588 1475 3650 pro·

115 3660 285 3740 portionem
308 3675 365 3718 non
390 3656 501 3719 habere
525 3656 632 3718 locum.
681 3653 775 3734 Cujus
799 3655 842 3716 rei
865 3674 939 3735 cape
963 3655 1040 3716 hanc
1064 3656 1208 3717 tabellam
1231 3656 1370 3719 indicem.

114 3853 906 4063 „fissis-'ull

224 4027 906 4151 nmmeQ’dl

336 4101 1174 4281 mmfflmm.QQjQ9

340 4236 625 4357 ηῶμω
731 4165 1408 4419 ΜωΜωὴᾸ

339 4328 423 4395 1174
506 4327 623 4399 1843
730 4310 817 4429 ‚452
903 4309 1155 4407 l365-uDies15
1180 4333 1230 4375 scr

357 4417 423 4485 Q
506 4373 1406 4507 meomomwmwwr

357 4505 421 4574 Q
559 4435 1402 4586 memmimmmem

200 4725 257 4788 Hic
288 4725 392 4830 capita
424 4727 645 4789 columellarum
682 4726 845 4789 continent
874 4724 938 4787 dies
976 4730 1008 4784 et
1036 4721 1150 4783 dierum
1178 4719 1333 4797 scrupula
1365 4714 1471 4795 quibus

115 4815 344 4899 superinscripti
365 4805 506 4899 planetes
530 4815 585 4878 snb
608 4817 680 4879 orbe
703 4817 827 4880 stellato
850 4833 923 4897 snas
940 4812 1082 4896 periodos
1105 4807 1276 4890 complent·
1310 4814 1471 4889 sequentes
