3428 5542
196 280 264 344 370
617 287 719 337 Litarae
737 286 840 350 Koplari
865 289 1019 352 aliorumque
1036 244 1140 338 mutuae

178 442 332 504 'Tandem
362 443 469 522 puduit
492 444 581 515 belli,
614 444 661 504 cui
686 445 872 505 adhaerebat
894 446 1044 506 calumnia
1067 444 1274 525 spoliationis3
1306 444 1430 523 itaque,
1461 441 1568 522 iniqua

193 533 351 608 pactione,
384 551 419 592 ne
445 532 514 610 quid
539 552 605 594 meo
629 533 732 594 labore
756 534 825 594 inde
849 535 1058 594 concinnatum
1088 535 1166 594 eitra
1188 551 1370 595 consensum
1395 530 1566 592 haeredum

194 621 323 690 ederem,
350 622 472 681 tandem
496 640 559 682 rem
583 639 619 682 eo
644 622 765 693 adduxi,
791 630 825 683 ut
848 621 1093 683 observationum
1117 621 1188 681 mibi
1212 622 1300 701 copia
1314 619 1462 682 secundia
1477 618 1565 700 ipso-

195 728 260 768 rum
290 710 497 770 voluntatibus
525 711 754 789 relinqueretur.
800 709 849 771 Ex
881 731 917 771 eo
950 710 1051 789 itaque
1083 709 1283 788 patrocinium
1313 706 1565 772 lucubrationum

193 797 346 878 Tychonis
369 798 442 859 mihi
465 817 524 858 non
549 819 676 876 arrogo,
701 799 756 859 sed
782 798 811 859 id
837 799 941 859 lubens
966 799 1096 859 humeris
1121 797 1230 858 nobilis
1254 798 1332 870 riri,
1358 798 1384 858 F
1389 795 1564 859 raucisei

193 884 388 957 Gansueb,
423 886 496 946 dicti
520 887 732 966 Tengnagl,
767 887 956 965 westphali,
992 886 1267 967 TychnnisBrabe
1294 884 1402 965 generi
1426 885 1562 956 remitto,

196 973 244 1050 qui
269 991 336 1033 cum
359 975 399 1033 sit
423 995 441 1034 a
466 976 599 1035 consiliis
628 975 864 1054 appellationum
888 974 1133 1047 Bohemicarnm,
1165 982 1284 1053 partem
1315 973 1421 1052 operia
1449 974 1563 1035 bonam

191 1079 248 1121 non
273 1061 385 1122 invitus
410 1063 482 1123 mihi
505 1064 636 1144 reliquit.
684 1062 771 1135 Quae
794 1064 918 1143 quisque
943 1064 1085 1136 effecerit,
1109 1072 1229 1142 tempus
1253 1061 1412 1124 ostendet.

261 1149 326 1198 Hinc
345 1152 436 1198 mansit
453 1150 577 1215 Keplerns
597 1153 628 1202 ad
648 1167 687 1209 ea,
707 1166 771 1216 quae
789 1152 837 1202 huc
850 1167 927 1216 usque
945 1152 971 1200 in
990 1150 1106 1200 Martis
1124 1150 1223 1200 theoria
1233 1136 1375 1214 proiecerit.
1396 1133 1563 1215 propinanda

189 1221 215 1268 in
233 1220 295 1268 libro
316 1221 363 1279 „de
382 1223 488 1270 motibus
507 1223 596 1271 atellae
615 1222 729 1278 Martis“‚
750 1223 839 1273 deinde
857 1225 954 1288 pergit:

280 1290 342 1353 Sed
367 1293 405 1352 ad
431 1294 531 1373 capita
556 1294 708 1354 literarum
733 1301 851 1354 tuarum
873 1306 1018 1356 revertar.

279 1381 321 1442 Ut
344 1380 540 1442 fundamenta
564 1383 725 1444 restitutae
760 1383 928 1444 theoriae
961 1382 1120 1443 Lunaris
1146 1382 1253 1451 edam,
1287 1400 1388 1441 meum
1414 1398 1475 1440 non
1500 1387 1558 1452 eat,

189 1469 245 1530 'sed
268 1468 449 1543 haeredum,
485 1489 576 1549 quos,
608 1481 642 1531 ut
665 1470 799 1543 faciant,
825 1490 944 1532 monere
968 1490 1025 1531 uon
1053 1469 1183 1542 desisto;
1222 1488 1306 1548 spem
1330 1470 1359 1529 in
1386 1468 1560 1547 propinquo

188 1558 300 1619 nullam
324 1557 422 1618 video.
464 1556 544 1627 Quid
570 1561 594 1620 si
619 1579 690 1620 vero
714 1567 746 1620 tu
771 1559 835 1638 ipse
860 1560 914 1637 hoc
930 1560 1082 1638 negotium
1098 1576 1273 1637 promovere
1289 1557 1416 1637 possis?
1449 1556 1557 1636 Teug·

190 1646 308 1726 naglius
333 1645 412 1706 enim
437 1666 530 1727 nuper
554 1648 776 1727 peregrinatum
801 1647 883 1721 abiit,
908 1655 1067 1727 praetextu
1089 1647 1232 1708 visendae
1246 1647 1383 1724 patriae3
1408 1644 1556 1725 privatim

188 1755 257 1796 rere
289 1733 408 1813 ajebat,
437 1754 470 1795 se
496 1736 578 1797 adire
602 1737 757 1815 Angliam.
801 1735 860 1797 Est
890 1736 1042 1797 antemio
1066 1736 1168 1797 Dania
1192 1733 1264 1797 Chr.
1290 1732 1434 1796 Severini
1458 1733 1556 1794 Lon·

185 1831 446 1902 gomontanus,
486 1842 542 1902 quo
573 1825 674 1906 Tycho
703 1825 742 1885 ad
766 1825 899 1886 Lunaria
930 1844 1001 1885 usus
1032 1834 1080 1885 est
1107 1824 1280 1902 plurimum:
1320 1822 1388 1902 qui,
1423 1822 1450 1882 si
1485 1823 1556 1902 quid

187 1919 328 1991 superest
350 1912 555 1988 correctionis,
581 1922 687 1991 suopte
712 1914 740 1973 id
766 1914 865 1974 Marte
888 1914 971 1992 prins
987 1912 1173 1986 emendabit;
1196 1912 1329 1973 monitus
1354 1910 1437 1971 enirn
1463 1930 1484 1971 a
1508 1928 1556 1971 me

187 2001 218 2062 id
241 2020 296 2081 per
319 2000 424 2061 literas
449 2021 481 2062 se
507 2002 654 2063 facturum
680 2011 728 2064 est
750 2003 916 2081 pollicitus;
952 2021 1009 2082 quo
1034 2002 1114 2062 facto
1144 2021 1202 2061 uno
1232 2000 1328 2080 gradu
1360 1999 1491 2079 propius
1516 1998 1553 2059 ad

187 2090 349 2151 editionem
375 2092 600 2151 accesserimus.
648 2091 681 2151 In
707 2091 896 2171 conclusique
922 2090 1098 2169 Opticornm
1123 2109 1231 2150 noram
1257 2088 1436 2149 methodum
1459 2087 1553 2167 polli-

117 2247 125 2257 ,
184 2178 262 2239 citus
288 2197 354 2239 sum
378 2178 420 2239 rei
444 2180 656 2257 perficiendae.
704 2180 791 2240 illam
815 2200 896 2251 reru,
921 2178 986 2239 Deo
1012 2179 1145 2251 volente,
1171 2179 1236 2239 sine
1261 2178 1417 2258 Tychonis
1442 2176 1553 2238 obser·

183 2266 356 2329 rationibus
382 2267 515 2328 editurus
540 2278 572 2329 et
596 2270 623 2328 in
649 2269 722 2328 meis
747 2268 902 2347 eclipsium
927 2267 1187 2329 observationibus
1211 2268 1429 2345 exploraturus
1452 2283 1531 2326 snm.

271 2353 361 2424 Quod
386 2355 484 2416 fixas
510 2357 630 2428 attinet,
657 2365 744 2417 extat
767 2358 845 2436 apud
870 2356 1015 2416 haeredes
1030 2357 1180 2435 privatum
1206 2373 1279 2433 opus
1309 2351 1396 2415 1000
1412 2355 1553 2425 fixamm,

181 2444 211 2506 in
236 2463 294 2523 quo
320 2445 432 2504 multae
464 2445 493 2504 in
524 2444 728 2524 septentrione
761 2454 883 2525 praeter
915 2463 1068 2505 numerum
1091 2443 1310 2514 Ptolemaicmu
1340 2453 1552 2516 accesserunt,

181 2532 312 2612 aliquae,
332 2533 513 2611 praesertim
538 2535 566 2594 in
591 2534 779 2595 meridionali
803 2533 1033 2611 hemisphaerio,
1060 2533 1231 2593 necessario
1249 2534 1331 2591 fuere
1346 2532 1552 2609 praeteritae·

180 2622 257 2685 Utut
281 2621 403 2691 habeat,
427 2621 590 2684 haeredum
615 2622 769 2684 arbitrium
795 2635 851 2695 est,
877 2621 950 2682 illud
975 2620 1073 2681 edere.

252 2705 367 2769 (Addidit
393 2708 517 2772 Keplerus
541 2711 606 2761 hune
633 2711 774 2776 catalogum
799 2710 926 2759 stellarum
951 2708 1053 2757 fixarum
1079 2707 1170 2756 tabulis
1195 2706 1368 2770 Rudolphinis.
1415 2707 1552 2757 theoriam

152 2801 155 2806 ·
180 2781 305 2830 Lunarem
325 2779 480 2836 absolutam,
506 2781 634 2830 Herwarto
654 2782 809 2835 dedicatam,
837 2782 868 2829 ob
887 2779 1009 2828 deiectum
1029 2777 1175 2842 typographi
1193 2793 1243 2826 uon
1262 2779 1459 2842 imprimendam
1478 2792 1550 2830 eura·

179 2853 227 2909 vlt3
245 2853 312 2899 inest
329 2851 393 2898 haec
412 2851 468 2898 Vol.
488 2852 521 2900 11.
543 2852 603 2900 Mas.
625 2850 883 2915 Petropolitauomm.)

268 2922 314 2982 De
338 2923 507 3001 astrologia
535 2924 611 2983 talia
639 2925 764 2995 scribis,
800 2924 876 2983 talia
904 2922 1042 3000 quaeris,
1076 2930 1108 2981 ut
1132 2939 1267 2998 sperem,
1303 2919 1359 2981 tibi
1384 2921 1549 3000 plurimum

178 3011 370 3073 satisfactum
410 3010 446 3071 iri
479 3012 535 3072 hac
565 3012 686 3090 adjecta
724 3010 1005 3082 dissertatiuncula,
1039 3029 1098 3088 qua
1124 3009 1217 3081 lecta,
1252 3010 1380 3070 sibene
1406 3010 1549 3089 conjicio,

177 3099 347 3178 aequiorem
358 3100 565 3177 pronunciabit
576 3100 757 3162 sententiam
771 3119 823 3159 rex
838 3098 1091 3179 sapientissimus.
1117 3096 1178 3157 Sed
1196 3100 1327 3158 sortasse
1343 3098 1464 3176 poterit
1474 3099 1549 3161 haec

177 3190 247 3249 olim
263 3188 391 3248 materia
415 3188 588 3267 diligentins
612 3197 643 3249 et
668 3189 711 3250 ita
735 3188 883 3260 adornari,
909 3196 941 3246 ut
966 3185 1164 3247 serenissimis
1189 3187 1255 3264 ejus
1270 3187 1366 3247 oculis
1387 3187 1549 3250 honestius

177 3279 332 3339 offeratur.
380 3277 461 3338 Deus
487 3298 533 3339 me
559 3299 596 3339 ex
621 3277 807 3339 astronomia
831 3275 991 3354 expediat,
1026 3284 1060 3335 ut
1087 3275 1126 3334 ad
1155 3294 1255 3335 curam
1285 3275 1387 3353 operis
1419 3276 1480 3337 mei
1512 3278 1548 3337 de

177 3365 385 3427 Harmonia
408 3367 528 3428 mundi
552 3377 721 3427 convertar.
768 3365 916 3444 Equidem
940 3363 1012 3424 illud
1037 3382 1112 3442 opus
1134 3363 1338 3443 jampridem
1363 3363 1465 3425 tacite
1482 3365 1546 3444 regi

176 3463 280 3517 vestro
306 3454 475 3524 destinavi,
510 3474 567 3516 non
592 3463 655 3515 tarn
679 3454 779 3515 studio
804 3453 831 3513 ei
855 3453 1081 3527 innotescendi,
1108 3471 1196 3530 qnam
1220 3460 1291 3512 roto
1316 3452 1547 3527 ardentissimo,

175 3553 209 3606 ut
240 3543 270 3606 in
295 3543 361 3621 ipso
394 3544 549 3605 coalescat
582 3542 738 3604 harmonia
772 3541 971 3603 ecclesiae.
1022 3543 1052 3602 Is
1076 3541 1153 3601 enim
1184 3541 1259 3601 talia
1282 3541 1429 3618 scripsit,
1471 3543 1548 3604 talia

176 3633 269 3704 facit,
294 3639 407 3693 utnon
432 3631 646 3693 inconveniens
671 3640 724 3692 aut
746 3631 917 3708 ἀναρμοςος
942 3630 1079 3690 videatur
1103 3629 1275 3708 hujusmodi
1301 3629 1351 3690 vel
1377 3630 1546 3707 dedicatio,

175 3723 222 3782 rel
247 3720 442 3782 existimatio.
491 3720 550 3789 Qui
575 3741 632 3800 quo
657 3721 773 3781 tardius
804 3719 979 3797 aggreditur
1007 3738 1070 3779 rem
1098 3719 1236 3778 omnibus
1261 3718 1421 3797 oppressis
1446 3737 1545 3800 exop-

175 3809 367 3881 tatissimam,
393 3810 448 3870 hoe
473 3809 647 3887 diligentius
672 3827 774 3869 omnes
798 3808 973 3868 occasiones
997 3807 1269 3886 circumspecturus
1292 3826 1362 3869 esse
1388 3818 1545 3872 censetur.

174 3899 257 3960 Deus
279 3897 506 3958 ouationem
530 3917 615 3975 opus,
639 3898 717 3975 quod
742 3897 770 3957 in
796 3897 861 3975 ipso
885 3904 1025 3974 operatus
1052 3905 1114 3970 est,
1139 3897 1235 3974 primo
1259 3915 1377 3976 quoqne
1404 3906 1544 3977 tempore

174 3987 320 4066 perficiat.
368 3985 429 4046 Sed
455 3987 531 4045 hanc
556 3986 738 4046 mentionem
772 3985 838 4044 ideo
874 3985 994 4062 injicere
1020 3985 1122 4062 coepi,
1158 3994 1191 4045 nt
1223 3984 1384 4045 consilium
1418 3985 1480 4047 abs
1504 3997 1544 4061 te,

175 4076 231 4136 Vir
254 4075 520 4136 Praestantissime
553 4083 688 4154 peterem
723 4074 752 4134 in
777 4095 808 4134 re
835 4073 899 4150 jam
935 4074 1069 4133 arnulto
1094 4082 1229 4152 ternpore
1248 4073 1425 4153 ¹destinata
1477 4074 1546 4146 Quo

175 4163 291 4225 nomine
315 4163 473 4241 plurimum
497 4164 606 4234 laetor,
641 4171 672 4222 te
697 4163 769 4222 milri
793 4162 926 4222 oblatum
951 4180 987 4220 ex
1012 4162 1064 4222 illa
1086 4171 1191 4238 gente,
1223 4184 1242 4222 a
1265 4180 1323 4242 quo
1347 4162 1544 4240 potissimum

173 4252 217 4314 sic
242 4252 383 4313 erudirer.
430 4252 508 4313 Nam
533 4251 581 4329 qui
606 4260 654 4310 est
683 4251 710 4310 in
737 4261 766 4311 te
791 4270 874 4310 amor
899 4250 1001 4310 harum
1026 4251 1149 4324 artium,
1182 4271 1240 4312 non
1263 4251 1403 4329 patietur
1428 4252 1544 4325 seriari.

173 4341 244 4421 quin
266 4342 316 4400 vel
340 4340 395 4400 hac
420 4341 467 4400 rel
493 4339 553 4399 alia
577 4340 626 4399 vio
650 4340 784 4410 (incerta
808 4338 885 4398 enim
901 4339 1029 4399 humana
1053 4338 1161 4413 ornnia,
1187 4349 1220 4400 et
1234 4340 1357 4411 bellum,
1382 4341 1545 4406 Musarum

172 4428 340 4508 pernicies,
376 4428 477 4487 nescio
507 4435 650 4505 quantum
684 4449 702 4488 a
731 4427 817 4487 nobis
846 4426 928 4486 absit
955 4426 982 4486 in
1007 4428 1172 4502 Bohemia‚
1208 4428 1278 4489 dum
1303 4428 1374 4506 jam
1399 4430 1546 4495 Moravia

172 4518 362 4597 periclitatur
385 4527 475 4594 atque
500 4515 641 4585 Austris)
676 4519 819 4577 cultorem
849 4515 1020 4575 matheseos
1051 4517 1176 4577 consilio
1206 4518 1254 4578 vel
1278 4537 1375 4596 opera
1409 4523 1544 4601 (quate

172 4607 286 4685 pollere
311 4604 467 4676 existimo,
502 4604 561 4664 tuis
593 4604 688 4663 literis
718 4604 872 4673 inductus)
906 4622 994 4681 quam
1023 4605 1134 4680 optime
1164 4624 1354 4683 promoveas.
1407 4610 1475 4672 Sed
1506 4610 1544 4673 ad

174 4694 381 4773 quaestionem
406 4693 573 4752 redeamus
620 4691 768 4770 Equidem
793 4693 835 4752 ita
859 4692 1062 4753 conformatae
1087 4702 1158 4753 sunt
1181 4695 1285 4755 theses
1310 4714 1413 4774 meae,
1437 4706 1544 4763 utnee

173 4782 298 4861 planeta
321 4799 376 4842 nec
400 4789 543 4860 aspectus
568 4781 644 4842 ullus
670 4782 766 4842 malus
790 4781 841 4840 sit.
890 4778 1117 4855 Contrariorum
1141 4801 1211 4845 vero
1232 4786 1387 4863 oppositio
1413 4798 1546 4853 exornat
