3428 5542
619 333 622 336 ⁴
708 338 739 389 u
757 340 830 390 asur
848 339 1010 405 ιιιωιοςιοι.
1117 344 1118 347 “
1242 393 1245 399 ,
1471 339 1534 409 341

266 493 470 573 Keplerus:
504 493 667 557 Octiduum
694 496 839 558 Paschati
870 498 1036 577 adjectum,
1070 498 1141 578 quia
1171 497 1269 561 triduo
1294 500 1417 562 aberrat
1445 501 1537 563 index

177 590 281 646 noster
304 582 531 646 noviluniorum.
579 584 691 646 Nescio
716 584 782 666 quis
805 604 861 645 nos
886 588 923 648 ad
948 587 1068 706 regulas
1092 586 1223 649 rusticas
1246 587 1444 668 ablegaverit,
1469 609 1537 652 cum

178 673 343 734 habeamus
368 673 593 734 astronomiam.

251 761 431 810 Fabricius:
458 760 511 825 Ego
530 765 603 824 pato.
623 775 699 810 noras
718 761 817 819 stellas,
837 778 858 810 r.
878 778 899 812 c.
920 763 980 812 anni
998 758 1064 810 1572
1084 769 1109 812 et
1125 762 1295 814 hodiemam'
1289 780 1315 814 m
1334 766 1407 831 cygni
1426 773 1535 830 pectore.

176 834 237 883 itam
256 837 408 881 cometarum
427 846 541 894 corpora,
569 848 618 882 uon
636 839 696 882 tunc
715 835 818 896 primum
846 831 900 883 fieri
918 835 1039 897 incipere,
1069 835 1150 899 quoad
1172 835 1318 892 amentiam,
1346 852 1402 887 cnm
1421 852 1448 886 sa
1466 840 1536 888 nobis

177 902 354 967 conspicienda
376 903 510 966 praebent,
536 903 580 952 sad
598 905 624 953 in
642 905 694 968 ipso
712 903 797 953 mundi
815 906 945 968 primordio
964 905 1077 954 conditas
1097 920 1165 962 essa.
1193 913 1220 956 et
1244 919 1262 955 a
1279 909 1368 958 catoris
1387 907 1465 957 stellis
1483 909 1537 959 sola

176 975 239 1024 lucis
252 975 370 1024 carentia
379 987 406 1022 se
419 974 567 1024 distinxisse.
604 974 680 1025 Ratio
694 981 741 1034 est,
760 976 825 1041 quod
843 976 891 1025 illis
905 977 1101 1027 exbaordinarie
1114 976 1183 1028 Dens
1201 978 1235 1028 ad
1245 978 1337 1043 aliquid
1354 979 1446 1039 mundo
1458 981 1535 1045 signi-

177 1045 303 1096 heaudum
331 1045 405 1094 cartis
424 1046 572 1109 temporibus
591 1048 626 1095 uti
646 1048 815 1105 constitnerit;
842 1047 912 1097 Deus
930 1063 987 1097 vero
1016 1047 1065 1096 illis
1092 1047 1173 1098 lucem
1196 1049 1304 1113 impartit
1329 1051 1367 1100 rel
1392 1051 1536 1102 immediate

176 1117 216 1167 rel
235 1117 310 1166 etiam
328 1116 437 1166 mediate
457 1131 501 1181 per
519 1123 599 1166 motus
617 1117 789 1181 planetarum,
817 1126 861 1169 aut
887 1119 991 1168 aliarum
1010 1118 1137 1167 stellarum
1160 1119 1470 1179 fixarum-accedentium.
1497 1121 1536 1174 rel

177 1192 248 1238 certa
267 1196 360 1251 σχεσει
379 1201 423 1237 eas
442 1188 624 1251 aspicientium.
662 1191 697 1237 Δι
714 1192 847 1253 quaeritur,
867 1204 924 1239 cum
942 1190 1024 1239 lumen
1043 1189 1138 1239 illarum
1157 1191 1183 1239 in
1201 1193 1281 1254 prima
1293 1191 1412 1242 effusione
1432 1194 1465 1241 ιιι
1482 1200 1534 1243 sta·

176 1260 222 1309 tim
240 1259 384 1313 maximum,
402 1271 446 1307 cnr
463 1273 513 1307 non
532 1259 620 1309 eadam
638 1256 735 1309 ratio'ne
753 1263 840 1310 statim
859 1262 1013 1325 dispareant.
1032 1261 1076 1311 sed
1094 1262 1187 1310 senum
1204 1261 1306 1326 potius?

248 1330 320 1379 Haec
339 1335 365 1378 at
383 1328 434 1378 alia
452 1335 505 1378 tam
524 1330 644 1380 audacter
661 1332 706 1380 abs
724 1338 750 1380 te
768 1346 874 1396 quaere,
894 1332 960 1397 qnod
977 1333 1070 1388 sciam,
1089 1339 1115 1382 te
1134 1335 1158 1382 in
1178 1335 1395 1398 imaginationibus
1413 1336 1535 1385 maxima-

177 1416 231 1451 rum
249 1415 330 1450 rerum
347 1413 407 1464 prae
425 1400 509 1450 multis
529 1400 583 1451 aliis
602 1402 731 1465 plurimum
751 1402 879 1454 sasallera
920 1403 1035 1466 Opticam
1055 1410 1081 1452 et
1100 1404 1158 1461 alla,
1178 1420 1242 1469 qnae
1261 1404 1308 1455 hoc
1327 1420 1393 1455 anno
1411 1406 1437 1454 in
1456 1406 1536 1457 lucem

178 1472 240 1522 data
257 1478 323 1527 sunt,
342 1485 433 1535 quaeso
452 1471 512 1522 mihi
530 1473 625 1521 mittas.
662 1472 735 1523 Vale

266 1543 473 1622 Keplerus:
507 1543 573 1623 Ego
598 1554 768 1607 cometas
799 1545 888 1623 plane
908 1544 1045 1605 naturale
1070 1544 1139 1625 quid
1164 1564 1232 1606 esse
1260 1546 1378 1624 judico,
1413 1554 1445 1608 et
1468 1566 1534 1610 cum

176 1631 304 1694 mundus
328 1630 423 1692 omnis
448 1632 547 1692 anima
570 1631 676 1710 plenus
700 1634 757 1707 sit,
782 1642 854 1713 puto
879 1633 934 1693 hos
959 1632 1044 1712 quasi
1069 1653 1208 1696 secessus
1232 1566 1378 1697 mJateriae
1402 1637 1531 1697 munda-

177 1741 244 1795 nae,
270 1720 319 1781 ubi
343 1721 504 1781 incrassati
529 1721 649 1796 fuerint,
674 1721 804 1783 calefieri
829 1722 867 1783 ab
883 1741 984 1783 anima
1007 1722 1128 1802 fierique
1143 1723 1243 1785 bullas
1268 1731 1302 1784 ut
1321 1725 1429 1797 omnia,
1454 1743 1531 1805 qnae

176 1810 274 1890 primo
297 1809 428 1871 ariirnam
451 1809 638 1889 concipiunt,
670 1830 746 1891 quae
771 1832 789 1871 a
812 1811 937 1872 fixarum
962 1811 1084 1873 animali
1119 1812 1265 1874 facultate
1290 1815 1359 1884 (seu
1389 1812 1446 1874 loci
1477 1833 1531 1877 seu
1600 1845 1608 1861 .

179 1898 335 1960 facultatis
360 1899 401 1959 sit
414 1899 582 1978 proprium)
603 1899 767 1978 quiescere,
793 1919 869 1978 quae
885 1922 903 1960 a
919 1900 1118 1979 planetarum,
1144 1902 1265 1964 moveri.
1313 1899 1442 1963 Stellam
1464 1901 1534 1963 anui

177 1985 221 2050 72
244 1987 311 2048 dico
337 1986 448 2048 bullam
471 1988 578 2060 fuisse,
613 2009 706 2050 causa
730 1988 797 2049 hinc
821 1989 940 2051 subitae
972 1989 1046 2050 lucis
1069 1987 1224 2064 indicium,
1259 1990 1337 2070 quod
1360 1991 1532 2052 successive

174 2077 291 2139 colores
307 2076 390 2137 iridis
406 2077 560 2137 aemulata
574 2085 632 2151 est,
658 2085 690 2138 ut
705 2077 788 2138 bulla
807 2077 1014 2157 smegmatica.
1025 2071 1058 2150 ⁴)
1096 2079 1142 2138 De
1158 2080 1285 2140 corruetis
1300 2087 1401 2140 tamen
1417 2078 1531 2154 dubito,

177 2185 215 2228 an
239 2166 321 2227 intua
342 2165 408 2226 cavi
416 2184 425 2238 ;
449 2164 593 2227 refractio
617 2167 696 2227 enirn
720 2175 844 2244 cogeret
867 2167 968 2227 radios
993 2174 1024 2226 ct
1047 2167 1181 2227 sectione
1207 2168 1290 2228 iacta
1313 2168 1421 2229 iterum
1441 2168 1533 2228 dissi-

177 2263 275 2335 paret.
322 2254 404 2315 Tuae
438 2253 607 2315 sententiae
640 2255 715 2317 nihil
739 2254 834 2316 officit
865 2255 1020 2316 naturales
1043 2272 1130 2329 csse3
1165 2255 1371 2334 significarent
1399 2256 1478 2318 enim
1501 2263 1535 2318 ut

178 2343 319 2422 eclipses

266 2431 418 2511 Ophion,
444 2438 592 2509 quatenus
616 2431 731 2510 opilea,
757 2430 892 2504 absolvi;
917 2439 1031 2504 restat,
1057 2440 1090 2493 ut
1114 2432 1150 2492 de
1175 2432 1369 2508 cendictum,
1404 2432 1423 2494 i.
1449 2453 1475 2494 e.
1500 2441 1534 2496 ut

176 2517 208 2583 4.
234 2520 266 2583 5.
291 2517 320 2582 6.
368 2519 534 2581 Ptolemaei
564 2520 656 2581 libros
685 2539 761 2599 pene
793 2527 875 2580 totos
905 2520 991 2581 novis
1021 2521 1219 2600 problematis
1244 2522 1420 2600 exprimam.
1468 2522 1532 2583 lm·

175 2630 284 2690 pressa
307 2628 364 2670 non
390 2618 477 2681 suut;
502 2627 613 2688 magna
636 2608 798 2671 difficultas
822 2608 1011 2710 imprimendi
1034 2609 1101 2672 erit.

267 2700 346 2759 Vale
370 2698 493 2759 tandem
516 2708 548 2760 et
570 2717 617 2758 me
641 2718 719 2774 ama,
744 2697 883 2777 mihique
907 2698 933 2758 si
957 2717 1010 2776 per
1028 2697 1155 2760 dicteria
1178 2705 1208 2758 ct
1233 2698 1448 2759 morsiuuculas
1464 2705 1533 2760 tae·

176 2785 257 2849 diurn
298 2785 433 2868 prolixae
471 2786 642 2866 scriptionis
680 2794 872 2862 (pagnanum
865 2811 892 2845 m
918 2796 977 2846 tolio
1004 2792 1051 2856 27)
1085 2786 1194 2848 alicubi
1233 2786 1338 2862 lenivi,
1383 2788 1531 2911 ignosces.

177 2877 260 2939 idem
285 2875 339 2936 tibi
364 2874 475 2936 licitum
500 2884 575 2937 esto.
1538 2951 1544 2961 .

266 2965 437 3044 Pragaed.
463 2960 493 3026 4.
519 2965 580 3026 Jul.
609 2960 706 3026 1603.
1148 2964 1184 3024 T.
1210 2962 1248 3025 0.
1273 2963 1442 3024 Amantiss.

1173 3053 1212 3115 ·J.
1236 3050 1405 3134 Kendema.

248 3141 317 3203 Quas
343 3141 428 3191 literas
447 3155 502 3189 cum
524 3140 648 3203 Keplerus
676 3141 788 3205 Augusto
817 3141 915 3190 demum
950 3155 1035 3190 mense
1061 3140 1186 3190 Esennam
1210 3141 1382 3195 transmiserit,
1414 3139 1534 3205 epistolae

176 3215 282 3265 Fabricii
307 3215 404 3262 iuterim
428 3211 461 3260 ad
479 3211 614 3275 Keplerum
639 3211 715 3261 datae
734 3209 789 3273 (28.
808 3211 866 3262 Jun.
891 3212 916 3261 4.
936 3213 984 3261 Jul.
1015 3210 1057 3259 21.
1076 3209 1168 3277 Aug).
1195 3214 1259 3262 sicut
1284 3213 1359 3261 etiam
1387 3213 1534 3276 posteriores

174 3300 260 3336 manse
279 3283 342 3334 Dec.
364 3280 431 3331 1603
450 3285 557 3332 refertae
575 3289 633 3331 sunt
650 3283 755 3347 querelis
774 3291 800 3333 et
817 3285 933 3340 monitis,
960 3283 1047 3347 quibus
1064 3283 1200 3346 Keplerum
1220 3283 1252 3332 ad
1271 3282 1468 3346 respondendum
1488 3285 1532 3332 im-

175 3356 261 3421 pellat.
300 3355 397 3413 „Licet
416 3355 501 3405 scribit
520 3352 544 3401 4.
564 3352 630 3410 Jul..
656 3354 689 3404 ad
707 3360 733 3403 te
752 3356 965 3418 praestantissime
983 3354 1213 3404 mathematicorum
1232 3356 1308 3403 nostri
1327 3355 1403 3403 seculi
1422 3357 1535 3419 princeps

177 3428 284 3478 Domina
301 3426 420 3488 Keplcra,
439 3431 477 3475 ter
495 3430 613 3490 quaterve
633 3422 670 3487 (iu
688 3425 766 3474 literis
786 3423 827 3473 28.
848 3426 916 3474 Junii
934 3425 1032 3475 scribit:
1052 3424 1144 3486 sexies)
1163 3424 1284 3475 hactenus
1303 3426 1449 3488 scripserim,
1467 3426 1535 3475 ride·

175 3502 208 3550 ris
227 3508 312 3548 tamen
332 3499 416 3547 omnia
434 3497 472 3545 rel
491 3511 521 3545 ex
540 3498 665 3559 proposito
684 3496 721 3545 rel
741 3497 797 3545 aliis
815 3497 995 3559 impedimentis
1020 3497 1118 3545 silentio
1145 3498 1287 3559 praeterire.
1324 3495 1378 3544 Nisi
1401 3502 1486 3545 autam
1505 3496 1536 3545 de

166 3577 221 3622 'tus
247 3569 405 3619 humanitate
431 3575 457 3618 at
479 3568 627 3617 rescribendi
650 3567 773 3617 facilitate
792 3575 818 3617 et
844 3567 1019 3631 promtitudine
1046 3567 1104 3616 mihi
1131 3574 1172 3616 sat
1200 3574 1338 3620 constaret.
1367 3574 1481 3630 putaram
1508 3572 1534 3616 te

174 3656 246 3692 meas
271 3642 378 3690 aversari
397 3641 496 3696 literas,
525 3648 570 3688 aut
589 3653 673 3688 aarum
691 3639 852 3704 legendarum
875 3639 958 3689 taedio
987 3645 1012 3686 te
1030 3637 1152 3688 laborare.
1189 3637 1295 3697 Quando
1320 3652 1376 3688 rero
1395 3637 1536 3686 commodus

180 3714 241 3762 mihi
259 3727 325 3762 nunc
345 3712 418 3761 datur
435 3711 506 3770 lator,
534 3710 598 3759 rolui
619 3711 706 3760 ceteris
726 3716 752 3760 ct
770 3710 846 3771 hasce
865 3711 1000 3773 adjungere
1018 3709 1119 3768 literae,
1139 3716 1168 3758 ut
1185 3711 1221 3758 sic
1240 3709 1273 3758 ad
1294 3707 1490 3771 respondendnm
1510 3714 1535 3757 te

180 3784 284 3834 taudem
308 3783 439 3848 aliqnando
464 3782 645 3847 permoveam.“
684 3782 795 3839 Deinde,
816 3779 857 3829 21.
877 3782 982 3844 Augusti
1002 3781 1036 3830 sic
1055 3783 1150 3846 pergit:
1177 3781 1299 3830 Uranicus
1325 3780 1397 3829 ardor
1415 3778 1536 3828 deferbuit

180 3855 298 3912 multum,
324 3856 468 3918 praesertim
486 3853 552 3918 quod
571 3853 652 3903 oleum
670 3853 849 3916 Kepleriannm
868 3852 961 3901 uallum
987 3850 1091 3916 amplius
1109 3851 1218 3915 lampadi
1242 3856 1342 3900 nostrae
1360 3849 1536 3913 suppeditetur.

178 3927 229 3977 Die
248 3923 291 3974 22.
311 3924 373 3975 Dec.
393 3924 430 3985 (l.
449 3924 507 3975 Jan.
529 3921 625 3984 1601),
645 3927 715 3989 quasi
738 3923 847 3974 nondum
872 3925 1011 3985 accepisset
1034 3924 1135 3987 Kepleri
1156 3937 1314 3985 responsum,
1333 3922 1433 3971 scribit:
1463 3919 1536 3980 „Non

180 4006 254 4064 putu,
282 4005 308 4047 te
327 3996 476 4046 liberalitate
495 4010 552 4045 maa
569 3997 710 4059 opponendi
729 3996 850 4044 offensum
869 3995 952 4044 inissa
989 3995 1047 4045 Feci
1066 3996 1090 4045 id
1109 4011 1158 4044 non
1177 3992 1309 4043 cavillandi
1328 3992 1409 4042 studio
1428 3989 1538 4055 (spectat

179 4072 218 4122 his
238 4082 276 4122 aa.
297 4082 361 4134 quaa
381 4082 437 4116 cum
456 4067 563 4130 Keplero
582 4067 613 4115 de
632 4067 720 4116 Martis
738 4068 843 4133 motibus
863 4068 923 4132 egit,
943 4064 1073 4116 referenda
1092 4067 1123 4115 ad
1143 4065 1280 4114 Commeat.
1296 4061 1414 4126 Martis),
1432 4064 1477 4114 sed
1495 4078 1536 4112 ra·

178 4142 262 4192 ritatis
281 4141 371 4190 saltem
389 4137 549 4202 inquirendae
569 4137 670 4187 causa.“
709 4137 835 4202 Denique.
855 4137 986 4202 quatriduo
1002 4143 1071 4201 post:
1102 4137 1188 4201 „Rogo
1207 4142 1276 4186 tuam
1294 4135 1480 4186 Praestantiam
1495 4149 1538 4199 pro

179 4219 268 4264 nosue
286 4211 397 4261 Uranica
415 4210 539 4265 amicitia,
558 4216 587 4257 nt
605 4209 637 4258 ad
656 4211 814 4273 quaestiones
833 4216 860 4258 et
877 4223 955 4272 nuper
973 4213 999 4257 et
1017 4224 1081 4259 nnnc
1099 4209 1237 4272 propositas
1255 4207 1401 4272 respondere
1421 4205 1537 4272 digneris,

179 4299 228 4335 nec
246 4297 369 4333 ramorum
386 4281 501 4343 injicias,
529 4279 594 4344 qnod
613 4294 698 4343 parurn
717 4280 810 4330 fructus
829 4282 873 4330 tibi
893 4295 923 4329 er
941 4293 999 4330 mea
1017 4281 1128 4330 amicitia
1152 4280 1279 4344 obtingere
1299 4281 1384 4343 possit.
1420 4277 1538 4328 Balbutio

179 4362 207 4407 et
225 4356 287 4405 rude
304 4356 330 4404 in
349 4353 533 4403 mathematicis
551 4353 677 4416 ingenium
695 4352 800 4401 libenter
818 4366 935 4416 agnosco.
972 4350 1095 4400 Voluntas
1114 4367 1163 4400 non
1181 4358 1233 4400 tam
1252 4351 1320 4406 mihi,
1339 4363 1413 4415 qnam
1431 4349 1538 4399 facultas

180 4436 207 4478 at
224 4426 387 4478 commoditas
405 4424 527 4474 hactenns
546 4423 635 4472 defuit.
671 4422 744 4472 Nunc
763 4423 865 4472 meliora
884 4438 967 4486 spero.
994 4424 1053 4486 qnia
1071 4422 1103 4471 ad
1122 4436 1211 4471 noram
1230 4422 1394 4471 conditionem
1413 4425 1538 4484 promotus

179 4514 244 4555 snm.
263 4511 338 4561 quam
355 4492 423 4546 brari
441 4493 589 4559 suscipiam“
612 4492 728 4557 (pastoris
748 4510 837 4543 munus
858 4491 981 4553 Ostelae).

251 4568 291 4618 Tu
308 4567 443 4633 quotidia'
437 4581 462 4614 m
482 4567 540 4615 aula
556 4567 671 4621 uersaris,
691 4573 716 4615 at
735 4573 804 4614 tuum
824 4581 913 4616 nornen
932 4565 995 4614 adeo
1014 4568 1097 4612 nostro
1115 4562 1221 4612 Domino
1240 4569 1267 4611 et
1285 4562 1339 4612 aliis
1357 4561 1495 4644 praecipuis
1513 4563 1539 4611 ln

180 4656 213 4693 aa
231 4640 289 4690 viris
307 4645 406 4697 nomm.
435 4651 465 4687 ac
484 4638 504 4685 si
523 4637 563 4687 hic
582 4638 682 4686 viveres.
720 4636 841 4688 Dominus
861 4636 1029 4687 Cancellarius
1045 4635 1154 4684 Francus
1182 4640 1207 4684 ta
1226 4635 1274 4684 huc
1298 4634 1389 4683 salano
1407 4633 1475 4696 regio
1493 4632 1538 4682 ad·

180 4727 272 4765 vocare
291 4710 435 4766 constitnit,
462 4708 494 4758 ad
513 4709 688 4771 professionem
707 4709 908 4760 scholasticam
903 4724 928 4757 ιιι
947 4707 1077 4772 gymnasio
1103 4708 1234 4770 praecipuo
1253 4704 1423 4756 obeundam..
1438 4704 1540 4754 Utinam

179 4785 251 4836 daret
269 4790 297 4833 at
315 4790 343 4832 tu
362 4780 446 4831 induci
465 4780 562 4843 posses!
601 4779 653 4845 Ego
673 4781 736 4830 adeo
756 4783 805 4830 tuis
823 4779 1032 4844 speculationibus
1050 4792 1117 4828 nunc
1136 4777 1257 4834 delector,
1283 4777 1361 4840 iisque
1379 4780 1478 4824 tantum
1495 4777 1538 4824 tri

179 4857 244 4914 hnc,
261 4861 291 4905 ιιι
307 4868 348 4905 ms
365 4848 473 4919 pudeat,
499 4850 626 4914 scripsisse
644 4850 691 4903 tibi
709 4852 741 4903 da
759 4852 819 4902 mals
837 4851 918 4917 nugis.
956 4848 1010 4900 Tibi
1029 4849 1113 4899 divina
1129 4850 1212 4914 gratia
1234 4849 1362 4916 ingenium
1380 4846 1539 4898 matbemati-
1569 4886 1576 4897 .
