3428 5542
137 471 196 534 ΑΕ
219 479 380 552 aequatur,
414 468 472 533 OG
495 471 559 551 ejus
582 471 649 534 axis

138 570 171 622 et
197 560 269 643 poli.
319 559 379 642 HD
410 560 560 636 zodiacus,
595 561 649 622 BF

137 649 202 728 ejus
226 649 294 712 axis
316 656 349 711 et
371 649 448 729 poli3
479 649 538 711 erit
573 648 647 712 lKL

137 738 250 817 primus
273 737 356 800 orbis
385 738 414 799 iu
439 737 558 817 theoria
580 738 645 799 Lu-

137 847 193 890 uae
207 826 369 890 secundum
377 825 545 901 Eudoxum,
559 826 642 905 ejus-

137 935 193 997 que
221 915 282 997 poli
309 915 340 989 I,
381 915 422 977 K.
463 913 554 986 NOQ
591 933 643 976 se·

135 1005 263 1080 cundus,
297 1005 362 1084 ejus
384 1003 447 1082 poli
467 1005 511 1078 N,
542 1002 643 1065 Oai-

135 1095 186 1156 fixi
223 1094 326 1176 'primo
366 1093 412 1154 IK
451 1093 480 1155 iu
524 1092 643 1172 punctis

135 1185 170 1256 P,
185 1183 229 1246 Μ.
253 1181 333 1245 RST
355 1180 473 1252 tertius,
495 1182 560 1262 ejus
583 1180 643 1261 poli

135 1272 178 1348 R,
203 1272 242 1346 Τ,
267 1271 349 1333 affixi
373 1271 549 1333 secundoin
564 1290 642 1350 pun-

135 1363 193 1424 ers
216 1360 258 1434 v,
281 1360 322 1422 x.
667 1335 685 1394 θ

223 1449 327 1510 Habes
359 1447 477 1509 Eudoxi
513 1466 643 1509 concen-

134 1539 237 1613 tricos,
262 1539 355 1613 Urse,
384 1537 413 1599 in
438 1536 555 1599 theoria
578 1537 642 1598 Lu-

134 1647 202 1690 nae.
260 1627 276 1688 I
316 1645 394 1688 nuuc
436 1632 467 1686 et
508 1633 643 1686 vetemm

134 1716 350 1779 astronomiam
373 1712 501 1776 extolle!
541 1714 643 1775 Theo·

134 1807 181 1867 ria
218 1805 293 1866 haec
331 1823 388 1866 nou
426 1811 549 1865 constat
585 1802 643 1863 nisi

133 1891 342 1967 concentuum,
367 1911 440 1953 sane
465 1893 534 1973 quia
557 1898 642 1952 cete-

133 2004 185 2047 ras
200 1983 304 2044 Lunae
327 1981 562 2061 inaequalitates
576 1980 641 2042 Eu-

134 2075 230 2136 doxus
253 2070 414 2152 ignoravit

222 2160 317 2223 Porro
364 2177 455 2239 quare
499 2156 642 2218 Eudoxus

90 2325 94 2337 Ι
134 2251 226 2313 etiam
249 2250 279 2312 in
304 2245 465 2310 Theoriaiu
488 2245 569 2307 Solis
594 2246 765 2313 latitudinis
786 2251 928 2314 circulum
957 2250 1167 2326 introduxerit,
1193 2253 1243 2315 din
1267 2271 1382 2316 mecum
1406 2275 1502 2336 quae·

134 2341 202 2402 sivi.
249 2339 327 2401 Nam
361 2335 420 2398 etsi
448 2335 504 2396 hoc
528 2335 632 2414 procul
667 2339 756 2402 dnbio
787 2350 821 2403 et
846 2340 886 2402 D.
917 2340 1019 2421 Tycha
1043 2339 1144 2402 Brahe
1178 2341 1286 2417 faciat,
1321 2343 1371 2422 qui
1404 2352 1505 2407 muta·

135 2431 249 2492 tionem
280 2428 412 2507 aliquam
451 2423 622 2486 latitudinis
654 2427 781 2491 lixarum
814 2429 1026 2508 deprehendit:
1064 2428 1121 2490 hoc
1158 2435 1258 2492 tamen
1296 2439 1360 2493 tam
1392 2431 1505 2496 subtile

133 2517 288 2598 negotium
321 2534 376 2577 nec
408 2513 466 2575 nisi
495 2522 567 2592 post
599 2519 694 2579 multa
728 2518 829 2580 secula
864 2516 1046 2597 deprehendi
1082 2524 1200 2597 potest,
1240 2538 1295 2581 nec
1328 2520 1354 2581 si
1386 2520 1504 2584 Eudoxi

134 2618 270 2687 tempore
303 2603 456 2685 potuisset
490 2602 688 2667 animadverti
723 2605 851 2669 Eudoxo
881 2607 990 2669 fuisset
1028 2606 1197 2686 cognitum,
1230 2608 1279 2687 qui
1309 2608 1402 2670 multo
1436 2609 1502 2673 avi·

134 2697 273 2759 deutiora
312 2691 479 2773 praeteriit.
537 2692 751 2771 lnterpretatio
794 2715 864 2758 vero
898 2694 1130 2757 Fracastorii
1163 2695 1260 2758 locnm
1297 2715 1355 2758 non
1390 2695 1502 2761 habet:

134 2786 232 2861 „haec
256 2782 361 2863 igitur,
384 2781 497 2862 inquit,
529 2802 549 2842 a
576 2784 709 2845 secunda
736 2802 790 2864 per
813 2784 930 2846 zodiaci
966 2783 1182 2863 longitudinem
1206 2784 1386 2858 ducebatur,
1419 2795 1504 2850 motu

135 2884 237 2937 autem
267 2891 319 2933 suo
348 2870 497 2939 faciebat,
532 2878 565 2930 ut
592 2872 684 2934 stella
712 2891 770 2935 non
799 2873 829 2936 in
859 2874 963 2935 eadem
992 2872 1126 2934 maxima
1153 2873 1354 2936 declinatione
1384 2892 1504 2957 semper

135 2970 283 3035 maneret,
313 2960 366 3020 sed
390 2959 478 3020 Luna
501 2958 588 3020 modo
612 2959 642 3021 iu
676 2982 733 3024 uno
758 2962 843 3043 signo
874 2963 961 3025 modo
988 2961 1017 3023 in
1042 2961 1101 3022 alic
1126 2962 1291 3039 videretur,
1325 2960 1380 3025 Sul
1404 2963 1503 3045 magis
1564 2988 1568 2999 ·

14 3061 18 3068 '
134 3061 166 3114 et
188 3052 286 3113 minus
309 3048 477 3110 declinaret
500 3048 537 3108 ab
562 3046 862 3129 aequinoctiali.“¹⁰)
908 3049 992 3122 Quid
1010 3051 1090 3112 enim
1115 3069 1189 3131 opus
1204 3059 1253 3114 est
1275 3070 1330 3132 pro
1355 3052 1503 3116 varianda

134 3141 216 3205 Solis
240 3138 441 3201 declinatione
465 3155 573 3198 novum
597 3138 736 3202 inducere
761 3140 917 3216 circulum,
943 3160 1009 3202 cum
1033 3139 1062 3202 id
1087 3141 1218 3203 officium
1250 3139 1341 3203 tertio
1372 3141 1422 3228 qui
1446 3142 1501 3204 sub

134 3231 258 3293 zodiaco
283 3226 395 3289 incedit
426 3226 466 3288 sit
494 3227 666 3306 proprium?
711 3229 755 3292 Et
777 3230 872 3291 verba
895 3229 989 3309 ipsius
1013 3248 1072 3290 non
1098 3239 1168 3291 snnt
1189 3229 1365 3292 astronomi.
1403 3231 1500 3308 Luna,

134 3319 240 3401 inquit,
265 3316 426 3379 secundum
449 3316 598 3377 maximae
622 3317 837 3380 declinationis
862 3318 899 3380 ab
925 3325 1087 3399 aequatore
1111 3326 1254 3398 punctum
1287 3338 1364 3381 nunc
1388 3319 1419 3381 in
1442 3337 1501 3382 uuo

135 3410 231 3488 signo,
256 3425 332 3468 nuuc
356 3405 385 3465 in
410 3405 470 3466 alio
494 3406 680 3467 cernebatur.
728 3408 771 3469 At
791 3407 1066 3469 LunaFracastori
1090 3408 1227 3488 nuspiam
1247 3409 1315 3488 plus
1330 3408 1369 3469 ab
1385 3427 1501 3489 aequa-

133 3508 201 3560 ture
225 3495 371 3568 declinat,
397 3513 486 3574 quam
512 3494 542 3555 in
568 3510 613 3568 m,
644 3500 696 3570 6,
728 3516 786 3558 nou
819 3496 915 3556 minus
950 3515 1039 3576 quam
1063 3495 1126 3558 Sol.
1174 3494 1318 3576 Adeoque
1343 3496 1407 3575 jam
1437 3498 1500 3559 fere

137 3584 355 3649 concludebam
378 3602 504 3656 mecum,
532 3584 664 3645 voluisse
688 3583 845 3645 Eudoxum
870 3592 983 3646 motum
999 3585 1130 3647 sortasse
1149 3584 1275 3646 fixarum
1290 3585 1499 3646 demonstrare

138 3696 193 3757 per
216 3674 378 3736 secuudum
400 3669 492 3741 NOQ
523 3671 678 3747 circulum,
713 3674 803 3734 aliter
833 3673 1002 3735 revolutum
1031 3682 1060 3734 et
1090 3692 1180 3752 super
1208 3671 1277 3734 aliis
1305 3672 1401 3752 polis,
1432 3691 1499 3734 cum

136 3764 333 3828 occurrebant
362 3760 537 3840 sequentia:
571 3761 623 3836 „iu
649 3762 763 3842 majore
788 3771 888 3824 autem
912 3760 1071 3823 latitudine
1096 3762 1237 3823 inflexum
1261 3781 1329 3823 esse
1353 3779 1436 3843 epm,
1467 3759 1498 3823 iu

138 3872 195 3935 qno
218 3853 315 3923 Luna,
341 3869 429 3929 quam
453 3848 483 3909 in
508 3869 565 3930 quo
590 3849 643 3912 Sol
669 3851 816 3913 feratur.“
863 3849 979 3922 Quibus
1003 3851 1104 3912 verbis
1135 3849 1231 3911 omnis
1254 3849 1343 3929 plane
1367 3848 1497 3912 diversi-

135 3954 184 4005 tas
208 3941 286 4003 inter
310 3937 392 4000 Solis
416 3945 448 3999 et
472 3938 576 4000 Lunae
601 3940 735 4002 theorias
754 3939 885 4014 tollitur,
919 3940 975 4001 hoc
1003 3959 1062 4000 uno
1090 3945 1231 4018 exceptu,
1262 3939 1340 4017 quod
1364 3935 1426 4000 OV
1448 3937 1498 4001 vel

133 4032 194 4094 NX
217 4031 313 4092 minor
337 4027 379 4089 sit
399 4028 429 4088 in
453 4026 539 4102 Sole,
574 4048 663 4108 quam
692 4029 719 4090 in
744 4030 841 4091 Luna.
889 4028 1023 4090 Tandem
1048 4028 1167 4102 incidit,
1206 4026 1324 4089 Eudoxi
1347 4026 1497 4090 intentum

134 4140 193 4182 nou
216 4129 279 4181 tam
303 4137 371 4179 esse
396 4115 629 4178 astronomicum
655 4137 744 4198 quam
767 4116 1015 4198 philosophicum.

221 4206 343 4270 Etenim
373 4215 405 4267 et
427 4206 571 4268 Eudoxus
596 4216 786 4269 astronomus
815 4207 894 4268 iuter
916 4205 1111 4286 philosophos
1140 4211 1172 4265 et
1195 4202 1314 4284 quidem
1337 4202 1496 4284 Pythago·

134 4299 212 4361 ricos
235 4319 253 4358 a
277 4294 403 4358 Laertio
426 4305 609 4357 recensetur.
658 4294 824 4359 Consilium
847 4295 939 4376 igitur
961 4295 1018 4356 hoc
1042 4294 1135 4357 fuisse
1158 4290 1295 4366 Eudoxo,
1321 4290 1439 4371 quaudo
1463 4301 1497 4353 nt

133 4386 244 4449 lumine
268 4385 311 4448 sic
334 4385 465 4447 motibus
488 4384 647 4464 plurimum
662 4383 714 4447 Sol
740 4394 771 4447 et
785 4386 872 4447 Luna
886 4384 1004 4446 differre
1020 4382 1179 4444 videantur
1200 4380 1353 4452 aceterie‚
1379 4396 1496 4459 aequa·

133 4476 250 4539 litatem
284 4473 484 4536 omnimodam
512 4473 590 4535 iuter
619 4473 777 4536 luminaria
807 4473 977 4548 instituere,
1012 4471 1136 4552 Solique
1165 4468 1203 4530 ad
1227 4470 1331 4530 Lunae
1361 4485 1495 4530 normam

133 4565 264 4629 tribuere
279 4562 480 4638 latitudinem,
506 4563 559 4624 sed
578 4563 782 4625 insensibilem
799 4572 852 4625 aut
871 4571 953 4625 certe
972 4560 1189 4624 insensibiliter
1203 4556 1390 4630 variabilem,
1416 4557 1496 4636 quud

132 4655 169 4718 iis
192 4654 273 4717 innui
297 4652 396 4715 verbis
420 4651 573 4727 existimo,
602 4651 709 4732 quibus
738 4652 881 4732 majorem
904 4653 1008 4714 Lunae
1040 4668 1130 4730 quam
1155 4644 1219 4707 Soli
1248 4643 1353 4707 tribuit
1385 4642 1495 4709 latitu-

133 4746 243 4808 dinem.
290 4744 376 4804 Haec
401 4741 480 4806 enim
500 4740 669 4821 aequalitas
693 4741 861 4804 rationibus
886 4742 949 4821 ejus
972 4735 1189 4821 philosophicis
1214 4735 1315 4796 forsan
1335 4731 1496 4797 admodum

133 4844 200 4899 erat
222 4840 437 4898 consentanea.
483 4831 548 4895 Nec
579 4829 713 4908 dubium,
748 4830 817 4913 quin
846 4831 973 4895 eandem
995 4829 1034 4892 ob
1059 4842 1182 4917 cansam
1209 4822 1287 4886 inter
1315 4829 1435 4885 ceteras
1463 4830 1497 4889 et
