3428 5542
703 344 825 397 nasa
843 295 1003 410 aesopus
1467 331 1535 403 379

178 503 258 566 Nam
281 502 312 563 in
335 502 441 582 impari
466 521 597 575 numero,
621 521 689 564 cum
702 501 768 581 pari
782 509 967 583 comparato,
993 512 1119 584 apparet
1133 504 1226 566 etiem
1241 518 1394 563 excessus.
1429 497 1534 559 Mares

177 591 270 671 igitur
292 591 494 673 Pythagorsei
519 612 592 653 suas
615 591 729 652 babent
750 592 919 666 mentulas,
944 593 997 653 sed
1023 594 1161 655 femellae
1183 589 1406 673 Pythagoricae
1427 591 1535 649 carent

174 680 284 742 vulvis.

167 813 171 819 -
267 769 338 831 Jam
362 769 399 828 ad
424 768 521 847 ipsum
537 768 669 829 arictoris
693 768 861 844 institutum
887 770 985 840 venio,
1009 771 1058 850 qui
1080 777 1178 850 putat,
1203 788 1236 830 se
1260 767 1438 828 chordarum
1460 781 1533 842 pro·

174 858 329 938 portiones
354 875 391 917 en
415 857 552 936 sphaeris
576 857 760 920 coelestibus
775 857 945 921 deduxisse.
986 860 1066 920 Mira
1083 859 1238 937 persuasio
1246 876 1254 930 ;
1281 873 1346 916 cum
1366 854 1417 913 ille
1433 851 1534 931 potius

177 967 215 1009 ex
252 945 382 1025 cognitis
408 945 594 1006 chordarum
631 946 873 1024 proportionibus
916 948 1081 1026 opinionem
1119 947 1291 1025 conceperit
1329 944 1365 1004 de
1406 958 1532 1021 propor-

177 1036 257 1096 tione
294 1034 489 1113 sphaerarum
521 1034 714 1107 ccelestium3
755 1035 833 1095 uude
874 1037 1035 1098 musicales
1077 1055 1164 1098 cerae
1197 1030 1382 1104 extruxerit,
1421 1024 1533 1090 nescio}

178 1125 294 1195 Video,
329 1123 451 1183 eosdem
480 1142 547 1184 esse
580 1141 718 1185 numeros
751 1141 817 1184 cum
833 1123 1049 1199 ⁴Calvisianis‚
1083 1133 1115 1185 ct
1145 1143 1232 1201 aures
1260 1121 1398 1202 probant.
1436 1117 1534 1178 Diffe-

177 1212 278 1274 rentia
310 1211 339 1272 iu
370 1231 406 1273 eo
435 1220 502 1284 est,
540 1212 618 1290 quod
642 1209 794 1274 Calvisius
824 1213 884 1273 ah
913 1212 1019 1293 incipit
1041 1214 1165 1278 vocibus
1192 1211 1362 1273 adscribere
1386 1225 1533 1278 numeros,

175 1300 368 1362 Reiuherdus
397 1300 435 1361 ab
457 1319 484 1361 e.
532 1300 599 1360 Etsi
623 1309 723 1362 autem
747 1301 855 1362 literae
879 1310 949 1363 sunt
971 1302 1127 1364 technicae
1150 1308 1337 1382 possuntque
1362 1313 1533 1359 accommo-

177 1389 242 1450 dari
266 1407 320 1466 pro
345 1397 499 1449 auctorum
524 1388 628 1462 lubitu,
653 1396 753 1450 tamen
779 1397 827 1450 sto
851 1409 917 1452 cum
934 1389 1083 1465 Calvisi03
1109 1411 1203 1452 eausa
1225 1395 1377 1467 sequetur,
1401 1384 1428 1446 si
1450 1380 1533 1463 prius

176 1479 233 1539 hoc
258 1477 409 1549 addidero,
435 1496 481 1537 me
507 1476 635 1538 libenter
658 1477 702 1537 uti
725 1477 848 1539 vocibus
871 1479 1021 1558 propriis:
1047 1489 1079 1542 et
1101 1499 1156 1560 pro
1170 1479 1311 1542 lemmate
1326 1475 1425 1537 dicere
1441 1470 1531 1534 semi-

176 1566 304 1638 tonium;
338 1567 448 1627 lemma
480 1565 557 1626 euim
591 1574 680 1626 sonat
703 1566 840 1628 relictum
863 1576 933 1646 post
958 1568 1175 1630 abscissionem
1203 1564 1416 1647 proportionis.
1463 1559 1536 1621 Jam
1604 1606 1612 1624 .

176 1674 248 1715 vero
271 1655 383 1733 gradus
417 1673 521 1714 vocum
544 1653 679 1728 inuelem
712 1674 771 1715 non
799 1664 963 1719 naseuntur
995 1676 1032 1719 ex
1060 1656 1265 1731 abscissione,
1299 1664 1333 1715 ut
1355 1649 1536 1732 opinabatur
1629 1676 1635 1685 «

175 1744 275 1814 Plato,
301 1742 354 1802 sed
379 1762 416 1803 ex
440 1742 664 1821 comparatione
689 1743 926 1806 harmonicorum
952 1748 1187 1825 proportionum.
1220 1744 1339 1806 Natura
1363 1740 1535 1803 3111111333-

159 1831 488 1894 'stituicharmcniam
518 1826 549 1914 ²),
578 1839 612 1891 et
642 1825 693 1912 Ἃ,
723 1852 845 1912 quarum
870 1833 1039 1896 differentia
1069 1845 1117 1896 est
1144 1828 1200 1915 Ἃ,
1231 1851 1317 1912 quem
1341 1831 1408 1891 dico
1431 1839 1535 1888 tonum

176 1921 340 2000 majorem:
366 1920 410 1980 sic
434 1921 540 1981 eadem
565 1929 673 1982 natura
696 1921 852 1983 constituit
883 1918 912 2003 ²l,
944 1934 975 1984 et
997 1917 1049 2002 ⁸s„
1075 1943 1200 2004 quarum
1215 1921 1384 1983 differentia
1399 1925 1448 1978 est
1467 1912 1535 1993 ⁰l„,

176 2028 264 2088 quem
288 2009 355 2069 dico
378 2018 482 2069 tonum
506 2009 659 2082 minorem,
685 2018 718 2069 ut
737 2018 800 2082 est;
824 2010 951 2089 denique
967 2021 1075 2073 rrotura
1094 2010 1252 2073 constituit
1279 2002 1313 2090 ⁴),
1334 2017 1365 2068 et
1386 2001 1432 2087 0,,
1459 2024 1536 2084 qua-

179 2115 244 2158 rum
268 2097 437 2158 differentia
461 2107 510 2158 est
541 2090 628 2177 ¹⁶l„,
655 2097 732 2176 quod
758 2097 823 2159 dico
848 2098 1399 2162 usitatissimauotionesemitonium.
1438 2093 1534 2155 Reiu-
1620 2137 1621 2140 ,

175 2186 289 2247 hmdus
314 2187 464 2263 appellat:
490 2186 597 2271 lemma
621 2195 652 2246 et
675 2195 777 2247 tonum
801 2188 956 2265 majorem.
1003 2189 1042 2250 lli
1067 2197 1137 2250 sunt
1161 2188 1273 2267 gradus
1297 2204 1401 2246 vocum
1418 2181 1534 2256 usitati,

176 2283 209 2334 et
233 2274 412 2334 naturaliter
436 2274 572 2335 omuibus
595 2276 767 2353 placentes,
793 2277 899 2353 quibus
924 2278 1001 2338 addo
1027 2276 1312 2338 discriminationem
1337 2280 1444 2334 cantus
1468 2268 1534 2330 duri

175 2372 208 2423 et
231 2362 341 2422 mollis.
387 2362 508 2423 Natura
532 2363 608 2423 enim
633 2362 791 2424 constituit
818 2358 853 2446 ¹),
882 2373 913 2425 et
941 2360 993 2443 b„
1026 2385 1149 2446 quarum
1179 2363 1348 2426 differentia
1373 2368 1420 2422 est
1449 2351 1534 2440 ²¹22„

178 2470 268 2530 quam
292 2451 412 2529 appello
437 2451 548 2524 diesin,
583 2451 668 2530 quasi
693 2452 898 2514 remissionem
922 2454 1068 2515 chordae:
1103 2473 1139 2514 es
1171 2471 1265 2531 neque
1298 2460 1404 2523 tonus,
1439 2465 1536 2528 neque

176 2537 375 2612 semitonium,
402 2539 551 2618 quianon
577 2539 735 2600 canitura
778 2541 796 2600 b
821 2541 848 2601 in
873 2542 906 2612 h,
936 2544 993 2603 nisi
1018 2541 1233 2604 inmutatione
1258 2539 1339 2611 toni;
1365 2535 1537 2615 agnoscitur

177 2637 280 2690 tomen
304 2627 343 2689 ab
367 2629 500 2688 auribus.
548 2626 694 2705 Superest
717 2647 847 2704 comma,
880 2624 969 2709 ⁸⁰l„,
1002 2632 1080 2710 quod
1104 2639 1153 2693 est
1180 2630 1349 2692 differentia
1374 2628 1451 2686 inter
1479 2616 1532 2705 'lm

176 2725 209 2777 et
237 2709 293 2793 81,;
325 2735 380 2776 nec
404 2717 577 2795 agnoscitur
601 2717 742 2795 explicite
766 2718 804 2777 ab
828 2721 963 2793 auribus,
999 2720 1054 2782 sed
1078 2727 1193 2782 tantum
1218 2717 1361 2796 implicite
1385 2733 1438 2795 per
1461 2731 1533 2792 pro-

175 2823 314 2884 gressum
338 2813 367 2865 et
392 2805 613 2866 successionem
637 2824 761 2879 vocrrru3
787 2808 895 2886 quippe
920 2827 1014 2888 neque
1039 2819 1087 2870 est
1110 2807 1280 2869 differentia
1298 2802 1536 2865 bomrouicarum

177 2894 413 2973 proportionum,
439 2895 492 2953 sed
518 2894 752 2955 differentiarum
776 2895 955 2958 differentis.

265 2982 350 3042 Haec
374 2982 464 3060 igitur
487 2981 597 3043 addere
622 2983 712 3043 volui.
759 2984 846 3047 Nunc
870 3005 994 3047 causam
1018 2985 1125 3051 dicam,
1151 3004 1202 3047 cur
1227 2982 1265 3043 ab
1288 2980 1308 3041 h
1331 2980 1433 3040 malim
1457 2977 1534 3040 inci·

174 3089 249 3151 pere
275 3088 412 3130 numeros
434 3070 615 3144 Reiubardi,
651 3091 737 3150 quam
762 3073 799 3132 ab
824 3093 851 3136 e.
898 3075 1052 3136 Usitatum
1083 3083 1131 3134 est
1158 3072 1187 3132 iu
1212 3078 1317 3133 nostra
1340 3069 1536 3140 musice,-ut

174 3167 282 3220 cantus
306 3159 411 3219 molles
436 3159 532 3238 magis
557 3178 743 3221 canamusa
786 3163 860 3223 cin
885 3164 918 3233 b,
945 3182 1034 3241 quarn
1058 3182 1077 3220 a
1124 3161 1192 3222 cin
1218 3159 1275 3221 dis.
1322 3159 1428 3236 ltaque
1453 3157 1559 3217 locus‘

179 3248 273 3308 diesis
303 3239 373 3326 ²⁸l„
405 3247 544 3309 usitatior
560 3248 702 3309 estiuter
726 3249 745 3309 b
769 3259 801 3310 ct
825 3251 858 3323 h;
884 3271 954 3312 num
978 3272 996 3311 a
1024 3270 1039 3311 c
1063 3250 1161 3312 mollis
1177 3259 1283 3311 cautus
1299 3267 1351 3327 per
1377 3247 1404 3319 b,
1429 3254 1460 3306 et
1478 3245 1536 3305 du·

176 3355 229 3398 rus
254 3354 307 3412 per
332 3336 350 3396 h
375 3336 573 3397 usitatissime
598 3337 723 3399 canitur.
772 3336 847 3400 Cum
871 3349 971 3400 auteur
996 3340 1024 3400 in
1052 3339 1104 3400 illo
1133 3346 1299 3421 systemate
1323 3342 1536 3412 trurcoonpmr,

179 3425 259 3504 quod
283 3424 376 3485 habet
397 3425 476 3486 iufra
501 3435 602 3486 tonum
626 3426 787 3504 majorem,
823 3429 920 3489 medio
945 3429 1010 3489 leco
1036 3427 1198 3500 minorem,
1224 3444 1313 3505 supra
1342 3423 1534 3485 semitonium

177 3513 222 3586 (iu
248 3514 396 3573 uulneris:
437 3509 507 3586 180,
537 3508 607 3587 160,
636 3510 707 3582 144,
736 3512 827 3586 135),
858 3525 966 3579 cantus
991 3516 1089 3578 mollis
1121 3524 1239 3577 statuat
1265 3515 1324 3574 imo
1344 3513 1410 3573 loco
1434 3511 1532 3588 majo-

176 3621 250 3674 rem,
274 3602 372 3663 medio
396 3602 462 3663 loco
487 3602 685 3676 semitonium,
711 3621 826 3665 summo
850 3607 993 3666 minorem
1011 3615 1112 3666 tonum
1136 3605 1181 3677 (iu
1196 3602 1341 3664 numeris:
1371 3595 1533 3683 180160,

178 3689 251 3762 150,
280 3685 366 3763 135),
393 3690 563 3751 differentia
586 3691 677 3767 igitur
700 3691 778 3753 inter
801 3712 892 3754 voces
917 3695 1025 3755 tertias
1053 3690 1114 3756 144
1139 3702 1170 3753 et
1196 3689 1258 3755 150
1282 3699 1331 3752 est
1356 3682 1438 3771 ²7„-
1476 3680 1536 3746 E'st

175 3778 268 3857 igitur
292 3779 319 3839 in
346 3780 418 3840 duro
443 3780 535 3839 tertia
560 3797 618 3838 vox
642 3781 680 3840 ab
704 3779 783 3841 111113
807 3782 844 3855 11,
879 3784 907 3842 in
934 3783 1015 3844 molli
1040 3784 1068 3843 b.
1118 3781 1150 3841 Si
1175 3781 1250 3852 hoc,
1286 3798 1357 3848 ereo
1381 3778 1442 3836 ima
1465 3792 1532 3841 vox.

175 3886 230 3946 per
259 3865 319 3929 180
343 3867 483 3946 signata,
516 3877 565 3927 est
588 3887 617 3944 g.
663 3867 706 3927 Et
729 3869 798 3946 quie
826 3866 888 3933 144
919 3871 1028 3942 esth,
1061 3870 1152 3947 igitur
1184 3871 1278 3930 etiam
1301 3864 1469 3930 Reiuhardi
1492 3859 1537 3925 48

179 3956 280 4034 (cujus
304 3965 352 4017 est
379 3951 440 4018 tlt
465 3956 602 4039 triplum)
632 3957 689 4016 erit
711 3957 741 4019 b.
788 3959 960 4020 Differimus
983 3960 1075 4037 igitur
1097 3959 1126 4018 iu
1152 3976 1204 4033 eo,
1239 3958 1317 4037 quod
1343 3956 1392 4016 ille
1416 3953 1537 4030 interg

174 4045 248 4105 eth
272 4046 381 4106 statuit
413 4038 480 4126 ¹⁰l„
507 4063 561 4123 ego
590 4037 644 4125 ⁸l,;
669 4056 775 4108 contra
798 4049 892 4108 illes
934 4048 1053 4110 hfacit
1080 4041 1114 4125 ⁸l,
1144 4065 1200 4125 ego
1229 4039 1296 4127 'lw
1348 4047 1451 4124 ltaque
1470 4042 1537 4103 sola

176 4152 237 4194 uox
262 4153 360 4193 auno
384 4143 533 4194 cumulate
558 4135 637 4211 apud
662 4153 707 4193 me
733 4143 782 4196 est
805 4137 904 4205 altior,
930 4156 1019 4216 quam
1043 4139 1121 4214 apud
1148 4135 1241 4197 illum.
1280 4135 1321 4196 Et
1336 4132 1406 4213 quia
1422 4129 1535 4204 nescio,

176 4222 253 4283 unde
269 4222 319 4283 ille
339 4221 385 4283 sui
401 4222 592 4283 monochordi
613 4222 790 4285 divisionem
811 4226 988 4297 extruxerit,
1004 4225 1138 4303 aperiam
1158 4243 1214 4302 ego
1231 4243 1339 4284 causas
1355 4239 1440 4283 meae
1455 4219 1535 4280 divi-

175 4310 280 4372 sionis.
328 4311 406 4372 Nam
431 4310 456 4370 si
480 4320 593 4370 rectam
618 4329 673 4386 epo
698 4312 777 4372 viam
801 4313 919 4386 insisto,
944 4322 1073 4394 oportet,
1100 4324 1132 4372 ut
1156 4313 1221 4391 ipse
1237 4309 1398 4372 erraverit:
1424 4308 1461 4368 de
1477 4324 1535 4385 quo

175 4399 221 4460 sic
241 4398 402 4479 judicabis.
450 4398 575 4460 Aurium
595 4399 740 4477 judicium
760 4401 788 4462 iu
814 4402 977 4464 harmoniis
1001 4401 1168 4480 judicandis
1192 4400 1326 4462 admittit
1350 4396 1481 4474 aliquam
1506 4395 1534 4454 iu

176 4490 301 4549 vocibus
326 4487 534 4560 latitudinem,
568 4486 648 4547 iutra
672 4509 759 4567 (luam
785 4490 915 4553 incertus
939 4492 1034 4551 fertur
1058 4490 1192 4561 auditus,
1226 4489 1374 4568 quodnam
1398 4481 1440 4544 sit
1462 4481 1536 4542 illud

177 4578 337 4656 genuinum
362 4584 553 4650 momentum,
578 4575 606 4635 111
632 4597 688 4656 quc
713 4579 789 4640 duae
813 4599 903 4642 uoces
927 4579 1039 4657 optime
1064 4577 1320 4647 concordaverint,
1347 4573 1443 4634 altera
1467 4590 1535 4630 ma·

176 4676 268 4727 nente
293 4684 376 4738 voce,
401 4665 500 4726 altera
524 4665 679 4741 paullatim
703 4666 831 4729 intensa.
873 4668 939 4729 Hoc
966 4668 1209 4729 animadvertens
1229 4665 1423 4726 Ptolemaeus
1447 4658 1536 4738 petiit

178 4756 296 4820 auditui
319 4752 483 4817 subsidium
508 4773 524 4814 3
551 4755 677 4817 ratione.
726 4756 840 4819 Verum
863 4757 958 4838 ipsius
983 4757 1078 4829 ratio,
1114 4756 1173 4816 etsi
1203 4764 1236 4815 ut
1259 4750 1415 4832 plurimum
1438 4747 1534 4809 satis·
