3428 5542
232 289 294 357 120
742 285 854 351 Mysten'l
873 284 1075 367 Cosmoqraphici

227 454 297 511 tias:
329 454 395 507 item
416 451 536 524 angulos
557 439 847 520 prosthaphaercsccn
869 451 1016 504 earundem
1038 448 1065 503 in
1091 450 1159 503 orbe
1180 464 1283 522 magno
1303 448 1424 537 Telluris
1443 452 1592 506 secundum

228 533 396 589 renuntiem
417 531 612 602 Copernici.
740 590 744 599 Δ

308 614 376 667 Tab.
402 614 446 667 ll.
469 612 522 665 sio:
554 611 664 665 Tabula
685 610 717 664 11.
751 610 886 664 exhibens
913 610 1033 664 ordinem
1070 609 1252 678 sphaerarum
1275 608 1453 674 caelestium,
1483 616 1515 666 et
1540 619 1593 665 ιιι

228 710 366 765 cunque
387 691 591 763 proportionem
606 690 712 744 orbium
732 696 763 744 et
776 690 969 761 epicyclorum,
993 696 1076 759 atque
1091 690 1211 760 angulos
1224 690 1271 743 vel
1291 705 1372 744 arcus
1385 691 1593 762 prosthaphae·

228 791 328 831 ιοιιοιι
348 775 511 835 eorundem,
528 771 616 839 juxta
635 769 738 824 medias
758 770 916 833 distantias,
938 772 1085 824 secundum
1107 777 1264 824 veterum
1284 771 1461 827 ιιιιιιιιιίιιι.

308 855 352 908 Ad
374 854 445 908 tab.
471 854 515 906 10.
539 853 609 905 haec
630 850 772 920 adscripta
792 857 871 904 sunt:
903 852 934 905 ln
954 858 1066 912 centro,
1088 850 1134 904 vel
1154 866 1257 920 prope,
1289 857 1334 904 est
1354 850 1413 906 Sol
1435 850 1593 907 immobilia.

229 935 277 991 Er
296 934 415 988 circulus
437 928 470 995 Q,
493 932 538 1002 qui
559 930 715 986 restituitur
735 931 831 985 diebus
854 930 892 985 88
913 932 981 984 iere.
1025 931 1072 984 CD
1087 938 1131 984 est
1152 930 1271 984 circulus
1292 926 1331 997 Q,
1351 930 1433 1000 cujus
1453 932 1594 986 revolutio

230 1015 305 1070 circa
327 1009 359 1072 Q
382 1021 426 1067 est
447 1013 550 1067 dierum
565 1012 624 1066 224
645 1029 704 1065 cum
720 1013 809 1065 besse.
851 1012 901 1065 AB
916 1011 1035 1066 circulus
1051 1003 1092 1075 ὃ,
1115 1010 1194 1078 cujus
1208 1009 1346 1065 revolutio
1365 1011 1469 1066 dierum
1484 1007 1591 1072 tabl..

229 1094 340 1155 Dicitur
360 1092 461 1148 Orbis
482 1093 629 1162 Magnus
650 1097 766 1160 propter
786 1108 864 1145 usum
886 1091 1074 1161 multiplicem.
1116 1091 1197 1145 Circa
1218 1082 1243 1155 ὁ
1264 1095 1310 1144 ιιι
1329 1091 1484 1156 orbiculus,
1513 1095 1594 1148 velut

232 1175 388 1246 epicyclus,
410 1174 549 1242 sphaerae
570 1171 689 1226 Lunaris
710 1174 745 1225 ad
767 1176 807 1235 A,
829 1174 923 1225 eodem
944 1178 1020 1225 motu
1041 1187 1092 1240 per
1113 1170 1178 1225 anni
1201 1171 1321 1241 spatium
1342 1187 1404 1226 cum
1424 1164 1450 1236 ὅ
1471 1173 1507 1226 ad
1526 1188 1593 1228 can·

230 1257 293 1310 dem
323 1254 435 1308 stellam
462 1254 546 1307 lixam
573 1252 689 1306 rediens.
731 1252 784 1306 Sed
806 1251 867 1321 ejus
898 1251 1012 1322 propria
1039 1251 1174 1305 revolutio
1200 1254 1235 1305 ad
1258 1245 1291 1310 Q
1313 1252 1402 1306 habet
1426 1251 1485 1307 dies
1507 1249 1592 1315 29¹1„

230 1336 285 1390 GH
305 1341 351 1388 est
372 1334 445 1388 orbis
461 1330 500 1398 0¹,
523 1333 569 1403 qui
590 1349 697 1387 cursum
719 1349 800 1386 unum
823 1334 873 1386 suh
895 1332 986 1385 stellis
1006 1331 1068 1384 fixis
1091 1331 1148 1384 sive
1169 1333 1204 1384 ad
1221 1327 1254 1390 Q
1276 1331 1399 1386 absolvit
1411 1331 1508 1387 diebus
1524 1333 1593 1389 087.

231 1416 313 1470 Hunc
340 1414 446 1484 excipit
474 1422 538 1482 post
560 1429 690 1484 magnum
716 1413 893 1466 intervallum
915 1412 969 1474 lK,
999 1411 1121 1480 sphaera
1142 1416 1179 1478 ll,
1209 1413 1315 1468 habene
1338 1411 1470 1466 ambitum
1489 1413 1594 1468 diemm

231 1488 348 1554 4332⁸a
371 1495 437 1550 iere.
477 1494 529 1548 LM
550 1501 595 1547 est
616 1492 644 1556 l,
666 1493 744 1561 cnjus
766 1499 874 1562 tempus
896 1492 1061 1561 periodicum
1082 1492 1185 1546 dierum
1209 1486 1350 1552 1075953.

312 1575 399 1629 Fixae
413 1592 478 1628 vero
501 1575 603 1628 stellae
618 1574 708 1627 adhuc
732 1580 788 1627 tam
812 1573 1008 1627 inaestimabili
1023 1573 1173 1626 intervallo
1187 1573 1303 1628 altiores
1318 1579 1390 1637 sunt,
1415 1575 1449 1626 ut
1470 1575 1505 1628 ad
1519 1590 1593 1639 ιιι,

231 1662 369 1729 quaeest
392 1656 463 1709 inter
485 1649 516 1712 Q
541 1662 571 1708 et
595 1647 638 1718 ὦ,
663 1654 840 1723 intercapedo
864 1654 1001 1708 sensibilis
1024 1653 1146 1708 nonsit.
1187 1655 1225 1709 Et
1246 1671 1299 1708 eae
1319 1661 1384 1709 sunt
1408 1653 1436 1707 iu
1458 1664 1594 1724 extrem,

231 1736 304 1791 siout
326 1730 359 1793 Q
381 1735 408 1789 in
430 1741 538 1797 centro,
561 1734 671 1804 penitus
694 1733 852 1788 immobiles.

313 1816 442 1886 angulus
464 1815 554 1878 TGV,
580 1815 624 1868 rel
648 1831 728 1869 arcus
744 1815 800 1877 TV,
824 1814 1180 1884 prosthaphaeresis
1203 1822 1259 1878 est,
1289 1815 1349 1869 sire
1370 1817 1594 1886 parallaxis,
1652 1880 1655 1887 ¹

231 1913 315 1970 quam
339 1896 413 1950 orbis
436 1911 554 1965 maguus
579 1896 603 1967 ὃ
628 1897 664 1949 ad
688 1896 836 1965 sphaeram
858 1890 883 1952 d
908 1896 1003 1949 habet.
1045 1894 1090 1949 Sic
1104 1895 1166 1949 PIN
1186 1901 1231 1948 est
1255 1895 1379 1964 ejusdem
1402 1897 1476 1952 orbis
1499 1899 1596 1971 magni

235 1976 394 2048 parallaxis
409 1977 443 2029 ad
458 1976 607 2044 sphaeram
623 1973 657 2038 ll,
683 1983 713 2029 et
726 1975 811 2036 PLN,
835 1975 893 2028 sive
908 1974 952 2030 RS
974 1992 1069 2038 arcus,
1095 1977 1130 2029 ad
1152 1976 1300 2045 sphaeram
1314 1977 1338 2033 l.
1382 1978 1425 2031 Ita
1438 1978 1525 2042 XAT,
1547 1979 1595 2033 'vel

231 2058 285 2113 XT
310 2072 403 2117 arcus,
435 2061 479 2109 est
509 2055 665 2124 parallaxis
690 2047 731 2119 ὦ,
762 2063 792 2109 ut
817 2062 846 2108 et
870 2055 965 2117 ΖΑΒ,
994 2056 1037 2108 vel
1063 2056 1133 2120 ΖΕ,
1165 2056 1302 2124 sphaerae
1326 2052 1348 2117 d
1377 2058 1535 2126 parallaxia
1560 2061 1595 2113 ad

231 2126 325 2192 orbem
345 2152 483 2205 magnum.

318 2217 396 2278 Quae
420 2215 567 2284 adscripsit
580 2215 720 2283 Keplerus
744 2214 894 2267 tabulae
912 2216 955 2269 ll.
980 2215 1049 2268 haec
1068 2221 1145 2269 sunt:
1172 2215 1202 2268 ln
1226 2207 1360 2279 centro&
1385 2223 1437 2280 est,
1461 2217 1525 2272 sola
1547 2217 1594 2271 im·

232 2297 348 2351 mobilis.
372 2295 483 2349 intimus
500 2287 607 2359 circa&
623 2286 761 2347 orbiculus
772 2295 869 2347 Lunae
879 2295 1027 2364 sphaeram
1037 2302 1239 2364 repraesentat,
1251 2295 1329 2364 cujus
1339 2304 1428 2351 motus
1438 2303 1595 2353 menstruus

232 2384 287 2432 est.
331 2377 412 2430 Hanc
435 2375 558 2445 proxime
583 2374 604 2438 lj-
627 2373 701 2428 orbis
725 2374 887 2429 circumdat:
917 2392 996 2446 quem
1020 2375 1144 2446 sequitur
1167 2365 1206 2437 Q,
1230 2381 1260 2428 et
1282 2384 1383 2445 postea
1406 2371 1439 2435 Q
1463 2376 1594 2448 sphaera,

234 2474 328 2512 annua
342 2473 435 2510 omnes
450 2453 628 2509 conversione
641 2455 788 2508 volubiles.
830 2456 1007 2526 Reliquorum
1022 2456 1103 2509 trium
1118 2455 1296 2527 superiorum,
1321 2453 1363 2521 d,
1387 2456 1423 2520 ll,
1447 2457 1479 2519 lt,
1503 2460 1595 2521 orbes,

233 2539 352 2593 fixarum
368 2553 474 2607 qnoque
490 2535 636 2589 stellarum
659 2536 815 2604 sphaeram,
842 2551 930 2599 arcus,
955 2553 1022 2607 quos
1044 2530 1157 2601 circa&
1187 2553 1237 2590 eeu
1256 2544 1379 2592 centrum
1402 2537 1527 2610 integros
1548 2540 1596 2593 de·

233 2618 356 2673 scribere
381 2624 410 2670 et
433 2616 570 2684 complere
595 2615 709 2686 quisque
732 2623 835 2686 potest,
859 2616 988 2670 indicant.
1031 2612 1146 2674 dorbia
1169 2616 1277 2671 biennio
1299 2618 1485 2681 convertitur;
1509 2617 1595 2678 llam·

231 2716 281 2753 nos
299 2698 334 2752 12
350 2714 430 2768 quam
445 2696 569 2766 proxime
583 2696 706 2766 requirit,
729 2703 759 2751 et
781 2694 869 2750 isere
885 2696 922 2751 30
938 2714 1033 2750 annos.
1075 2698 1162 2751 Fixae
1177 2697 1277 2751 stellae
1300 2698 1399 2753 49000
1413 2698 1492 2752 annis
1509 2699 1597 2769 juxta

231 2778 464 2848 Alphonsiuorum
488 2776 594 2845 placita
615 2776 755 2844 periodum
778 2777 938 2831 restituunt.
982 2777 1108 2839 Quantas
1131 2777 1301 2849 singulorum
1327 2777 1454 2849 (praeter
1468 2771 1512 2847 l)
1536 2779 1596 2849 epi·

232 2858 304 2929 cycli
318 2859 345 2911 in
361 2856 532 2917 concentrico
547 2856 649 2909 circulo
664 2858 932 2927 prosthaphaereses
957 2858 983 2911 in
998 2857 1093 2911 mediis
1108 2857 1247 2912 distantiis
1271 2857 1384 2922 iaciant,
1409 2875 1489 2913 mous
1512 2859 1597 2914 rectis

231 2930 309 3002 ιιῶ
332 2937 420 2991 ductis
444 2945 474 2989 et
494 2936 634 3020 epicyclos
656 2937 780 3007 siugmlos
803 2937 983 3008 tangentibus
1008 2938 1162 3008 intercepti,
1188 2938 1287 2992 additis
1307 2941 1443 3010 gradum
1467 2939 1596 3003 numeris,

233 3023 395 3072 monstrant.
1497 3018 1500 3029 '

313 3094 344 3159 h)
369 3097 429 3150 Ηοι
450 3096 537 3149 eoacti
563 3102 628 3149 sunt
651 3102 776 3149 statuere
800 3105 936 3159 auctores,
966 3097 1050 3151 ceteri
1076 3099 1109 3150 de
1131 3097 1204 3161 Sole,
1228 3098 1395 3169 Coparnicus
1418 3102 1453 3152 de
1475 3099 1598 3156 Tellure.

233 3178 300 3249 qnia
323 3176 432 3230 nimium
456 3176 581 3230 tribuunt
605 3176 845 3231 observationibus
869 3176 1023 3246 Hipparchi
1047 3184 1078 3232 et
1098 3177 1263 3231 Ptolemaei:
1288 3181 1336 3233 sed
1360 3194 1432 3250 quae
1456 3195 1510 3233 non
1533 3188 1600 3234 sunt

234 3264 332 3312 mutae
357 3255 538 3319 subtilitatis,
567 3265 599 3309 ut
622 3258 724 3326 dogma
747 3257 819 3310 tanti
842 3257 969 3310 momenti
994 3259 1082 3326 possit
1104 3258 1136 3310 iis
1165 3259 1399 3327 superaedificari.
1447 3260 1546 3331 ltaque
1571 3260 1599 3314 in

233 3336 443 3393 Commentariis
467 3337 637 3390 Martialium
660 3337 879 3405 speculationum
910 3346 940 3391 et
969 3338 1016 3391 lib.
1042 3338 1087 3391 v1.
1113 3338 1254 3407 Epitomes
1286 3347 1367 3408 parte
1391 3340 1411 3394 l.
1442 3340 1598 3410 opinionem

233 3418 316 3472 istam
337 3427 368 3471 ut
393 3418 527 3487 physicae
541 3417 655 3470 coelesti
669 3416 805 3471 inimicam
819 3420 963 3471 admodum
978 3419 1093 3472 tidenter
1107 3418 1201 3486 rejeci,
1224 3421 1337 3474 necdum
1353 3421 1420 3474 cedo
1442 3421 1597 3493 senoentia3

234 3498 388 3553 evidentem
409 3496 626 3551 imbecillitatem
648 3497 815 3566 opinationis
837 3499 920 3567 hujus
942 3498 1008 3552 alibi
1031 3500 1234 3553 demonstrabo.

314 3573 337 3644 i)
361 3579 423 3632 Non
439 3580 509 3648 quod
524 3577 629 3646 triplex
644 3578 703 3647 ipse
718 3578 762 3641 sit,
779 3580 827 3631 sed
842 3580 908 3648 quia
921 3596 991 3632 unus
1006 3588 1036 3632 et
1050 3579 1119 3632 idem
1139 3579 1264 3633 existens
1284 3580 1339 3634 tria
1353 3579 1485 3635 distincta
1500 3579 1598 3643 habet,

234 3675 306 3730 quae
321 3659 435 3730 singula
449 3675 514 3712 suos
529 3657 695 3728 multiplices
710 3675 776 3712 usus
790 3666 820 3712 et
835 3659 927 3713 munia
941 3660 1048 3713 habent
1062 3658 1088 3712 in
1104 3660 1273 3714 asmouomia
1285 3660 1446 3714 reformata

316 3736 347 3804 k)
373 3741 401 3794 ld
417 3746 469 3800 est,
491 3738 616 3808 seposita
630 3738 849 3793 consideratione
864 3740 1088 3793 eccentricitatis.
1131 3741 1272 3802 Quaedam
1286 3740 1358 3795 enim
1380 3748 1510 3810 praestat
1522 3740 1598 3795 urhis

234 3820 288 3873 iste
303 3821 481 3882 eccentricus,
498 3837 550 3872 non
566 3819 628 3888 ipso
642 3835 694 3872 sua
708 3819 922 3882 ecoentricitate,
939 3822 985 3873 sed
1002 3820 1051 3873 illa
1064 3820 1125 3873 sola
1138 3838 1177 3882 re,
1193 3822 1264 3891 quod
1280 3820 1454 3876 circaSolem
1467 3821 1596 3877 vertitur.
1611 3787 1648 3869 t

317 3898 337 3961 ll
363 3901 475 3952 Coelum
490 3907 560 3967 puta
574 3900 670 3952 Lunae
686 3900 751 3961 (non
767 3900 846 3953 iruna
861 3916 910 3969 per
925 3895 968 3966 se)
983 3909 1013 3954 et
1027 3900 1121 3954 Tellus
1137 3900 1242 3954 habent
1260 3892 1376 3956 eundem
1390 3908 1492 3956 motum
1506 3907 1598 3955 trans·

237 3977 350 4033 lationis
374 3981 408 4033 de
432 3981 492 4032 loco
515 3979 542 4031 in
558 3980 646 4032 locum
670 3996 720 4048 per
743 3981 836 4034 orbem
859 3996 996 4051 magnum,
1022 3997 1090 4052 ergo
1114 3997 1174 4034 eum
1198 3997 1307 4051 semper
1320 3981 1407 4035 Terra
1427 3981 1488 4036 loco
1502 3983 1598 4037 eodem

237 4058 284 4122 sit,
306 4076 359 4129 quo
383 4060 443 4112 loco
464 4059 602 4113 inuenitur
624 4067 654 4113 et
668 4061 775 4115 eoelum
789 4061 895 4120 Lunae,
919 4061 1024 4115 coelum
1048 4061 1135 4131 igitur
1155 4061 1207 4114 hoc
1230 4062 1327 4115 Lunae
1351 4068 1381 4114 et
1399 4077 1450 4131 per
1469 4061 1497 4115 id
1519 4061 1601 4116 Inna

237 4139 301 4210 ipsa
324 4155 410 4193 caum
432 4138 540 4210 quidem
564 4141 632 4193 coeli
657 4141 698 4194 sui
730 4140 833 4194 nullam
855 4141 938 4194 talem
967 4159 1003 4195 cx
1025 4152 1100 4196 motu
1122 4142 1240 4196 Telluris
1265 4141 1459 4211 apparentiam
1482 4142 1600 4213 sucipit

239 4227 329 4274 motus
353 4221 410 4282 sui,
444 4221 554 4289 qualem
578 4238 614 4274 ex
638 4221 741 4275 Terrae
765 4221 949 4276 translatione
971 4221 1019 4275 Sol
1042 4221 1173 4292 suscipit,
1201 4222 1261 4291 ipse
1283 4239 1351 4276 rere
1375 4221 1526 4293 quiescens.
1569 4223 1599 4277 ld

239 4316 319 4354 secus
344 4307 428 4363 esset,
453 4301 476 4353 si
491 4301 578 4354 Terra
599 4309 727 4369 promota
749 4302 854 4355 coelum
876 4302 973 4356 Lunae
997 4302 1153 4373 quiesceret
1176 4311 1226 4356 aut
1248 4310 1407 4357 moreretur
1429 4305 1463 4357 de
1485 4303 1548 4358 loco
1571 4302 1599 4358 in

239 4381 328 4434 locum
350 4388 423 4434 motu
446 4380 501 4434 alic
516 4381 661 4442 distincto;
686 4389 751 4435 tunc
765 4382 836 4435 euim
859 4390 946 4436 motus
962 4381 1048 4436 centri
1063 4381 1181 4436 Telluris
1205 4399 1256 4452 per
1270 4382 1498 4456 imaginationem
1512 4383 1599 4439 elien

240 4461 267 4514 in
291 4463 396 4515 coelum
420 4462 515 4514 Lunae
540 4461 787 4523 transcriberetur,
819 4471 849 4517 et
876 4463 914 4515 sic
937 4463 1021 4517 etiam
1046 4469 1134 4516 totum
1163 4462 1268 4518 coelum
1291 4465 1388 4518 Lunae
1416 4480 1466 4534 pro
1488 4464 1599 4519 ratione

241 4542 309 4595 situs
333 4544 372 4594 sui
396 4549 490 4611 posset
513 4542 704 4611 retrogradum
726 4543 809 4595 videri
832 4560 885 4598 non
907 4545 993 4598 miuus
1015 4559 1096 4614 quam
1118 4544 1251 4613 planetae
1272 4545 1400 4616 quinque.

320 4618 360 4689 m)
381 4624 444 4677 Duo
460 4622 504 4674 hic
518 4621 681 4684 innuuntur,
708 4622 826 4676 alterum
841 4623 932 4678 Solem
946 4624 1035 4694 ipsum
1050 4624 1165 4686 attinet,
1190 4624 1309 4679 alterum
1327 4643 1365 4679 ox
1378 4624 1443 4679 Sole
1464 4624 1600 4679 redundat

242 4702 267 4753 iu
289 4703 427 4770 planetas.
472 4702 647 4754 Ptolemaeus
662 4701 753 4756 Solem
772 4703 890 4757 collocat
914 4705 939 4758 in
964 4703 1124 4767 eecentrico,
1150 4704 1330 4758 eoceutrioum
1355 4704 1469 4758 includit
1490 4703 1598 4757 duobus

242 4782 446 4841 d‹·lorentihus;
472 4781 639 4850 Coperuicus
660 4782 785 4852 epicyolo
809 4784 902 4855 alligit
925 4786 1075 4854 planetam,
1104 4785 1258 4854 epinyclum
1282 4784 1463 4839 concentrico.
1504 4782 1599 4837 Ptele-

244 4877 336 4915 maeus
351 4862 445 4934 igitur,
466 4870 499 4916 ut
516 4877 648 4933 apogasa
667 4869 839 4933 promoveat
860 4865 1048 4920 &famulans
1071 4864 1129 4921 suis
1150 4864 1283 4923 attribuit
1304 4873 1407 4921 motum
1429 4862 1598 4937 malim·
