3428 5542
188 303 256 373 4³6
301 280 306 285 ’
742 309 987 362 menorans·

189 472 217 536 ι1
240 475 384 552 aspectus
407 467 523 531 ratione
546 485 693 547 geneseos
717 468 877 530 familiaris
900 470 941 531 sit
964 470 1117 533 individuo
1139 472 1197 547 illi,
1226 473 1307 556 quod
1329 469 1555 535 consideratur.

187 559 258 627 Non
281 565 331 622 est
352 557 415 620 ista
432 555 604 638 sympathia
626 565 750 636 propter
773 565 1043 637 temperamentum
1057 561 1200 640 corporis,
1225 571 1260 626 ιιι
1272 560 1390 625 coelum
1404 558 1437 621 in
1451 562 1557 621 aerem

187 656 272 733 agat,
297 645 346 709 hic
369 646 400 708 in
420 653 692 724 temperamentum
716 645 863 724 corporis,
897 654 929 708 et
951 648 1008 710 hoc
1031 646 1060 708 in
1085 649 1231 724 animum;
1255 651 1310 714 sed
1333 656 1444 712 contra
1464 663 1555 710 onm-

187 737 304 820 patitur
326 735 443 797 animus
466 733 550 795 coelo
573 751 627 812 per
649 752 693 805 se,
719 734 788 812 qnia
811 736 1022 814 cognationem
1046 736 1139 799 habet
1161 757 1228 802 cum
1250 739 1317 803 luce
1335 747 1369 800 ει
1382 734 1554 808 umis,

187 833 259 909 post
283 824 374 886 etiam
398 841 507 902 corpus
530 840 617 883 sunm
639 823 846 885 transformat.
893 824 941 886 Ac
971 844 1037 887 cnm
1065 825 1154 887 lromo
1182 828 1224 890 sit
1255 827 1369 891 animal
1392 822 1554 897 sociabile,

188 913 318 978 maxima
341 912 433 992 igitur
455 911 610 972 sociantur
634 910 723 971 animi
748 913 787 972 ad
810 912 960 992 publicum
984 933 1078 993 opus,
1106 915 1233 979 sociatis
1261 917 1292 978 in
1315 916 1401 979 coelo
1424 930 1556 995 geome-

174 1004 264 1066 trice
287 1001 477 1081 planetamm
502 998 607 1060 radiis.
647 998 714 1059 Hoc
738 1008 838 1062 autem
862 1001 1015 1081 negotium
1038 1011 1124 1064 tanto
1147 1004 1260 1067 rectius
1283 1003 1412 1067 unctui
1435 1008 1554 1083 potest,

188 1091 217 1157 si
238 1109 341 1153 eorum
365 1105 492 1168 geneses
516 1086 546 1148 in
570 1093 689 1167 promtu
712 1089 787 1164 siut,
818 1089 867 1170 qni
896 1092 945 1162 (nt
968 1091 1139 1172 Tychouico
1170 1093 1262 1156 verbo
1293 1095 1378 1167 utar)
1403 1092 1470 1155 tau
1492 1109 1555 1172 pn-

187 1178 268 1245 blica
289 1178 466 1260 gubernant.

728 1264 863 1327 Thesis
887 1262 1001 1329 LXIX.

276 1356 321 1418 At
343 1355 479 1434 proiecto
503 1351 712 1415 stultissimum
737 1362 802 1426 est,
836 1353 906 1416 hinc
933 1355 1079 1435 specialia
1101 1364 1225 1435 petere,
1256 1365 1288 1419 et
1317 1355 1412 1428 talia,
1449 1354 1556 1436 qualia

187 1445 296 1510 curiosi
320 1444 349 1506 iu
374 1441 555 1504 calendariis
579 1449 736 1521 quaerunt
766 1440 855 1511 Quod
879 1443 958 1505 enim
982 1444 1011 1505 iu
1036 1444 1253 1524 meteorologia
1276 1445 1347 1519 dixi,
1367 1444 1417 1506 bie
1433 1461 1554 1525 qnoque

187 1533 369 1606 tenendum
392 1531 466 1593 nihil
490 1531 528 1592 ab
552 1531 720 1611 astrologia
742 1531 804 1610 peti
829 1550 935 1610 posse,
968 1551 1056 1612 qnam
1085 1552 1242 1595 excessum
1265 1534 1394 1614 aliquem
1418 1533 1555 1612 impetus

187 1624 368 1685 animorum:
392 1619 442 1701 qni
465 1638 525 1699 qua
548 1619 577 1680 iu
601 1639 633 1681 re
658 1619 774 1681 futurus
797 1619 851 1694 sit,
880 1639 974 1699 penes
995 1621 1177 1684 liberrimum
1206 1623 1235 1684 in
1264 1621 1395 1701 politicis
1420 1620 1555 1684 bominis

187 1709 359 1782 arbitrium,
384 1707 442 1770 Dei
465 1707 638 1786 imaginem,
673 1728 730 1769 non
754 1715 880 1774 naturae
904 1709 1051 1784 sobolem,
1076 1728 1227 1790 penesque
1251 1730 1361 1773 causas
1384 1710 1466 1772 alias
1492 1719 1553 1773 est.

187 1800 253 1862 Pax
275 1798 367 1877 igitur
390 1817 429 1857 an
452 1796 563 1857 bellum
587 1796 616 1857 in
641 1797 776 1877 qualibet
800 1797 920 1876 regione
945 1798 1076 1860 futurum
1100 1800 1154 1873 sit,
1180 1799 1319 1879 judicent
1342 1818 1442 1862 rerum
1466 1798 1553 1878 poli-

187 1888 314 1952 ticarum
346 1885 455 1964 periti,
489 1883 595 1966 quibus
627 1904 684 1947 non
717 1886 816 1948 miuus
850 1886 950 1966 aliqua
981 1887 1174 1968 praedicendi
1200 1889 1329 1950 facultas
1360 1897 1424 1963 est,
1458 1906 1553 1968 qnam

187 1975 354 2054 astrologo.
401 1974 481 2037 Nam
505 1981 537 2033 ει
559 1973 668 2052 politia
690 1993 776 2036 snum
800 1975 892 2036 lrabet
917 1995 1046 2044 morem.
1080 1985 1113 2037 ιιι
1142 1977 1185 2036 ita
1209 1976 1325 2051 dicam,
1358 1995 1418 2037 non
1450 1975 1554 2038 minna

182 2083 278 2147 quam
301 2063 378 2125 coeli
401 2061 539 2124 influxus.
585 2063 631 2126 At
655 2063 681 2123 si
705 2082 764 2144 qua
788 2063 816 2124 in
841 2064 963 2143 regione
987 2065 1099 2126 bellum
1123 2065 1194 2138 erit,
1224 2064 1418 2145 sequentibus
1446 2064 1553 2145 potis·

185 2153 292 2216 simum
307 2150 412 2212 diebus
428 2149 517 2211 animi
532 2149 660 2212 militnm
676 2153 843 2233 ducumque
867 2154 906 2213 ad
922 2160 1153 2233 strategemata,
1167 2170 1296 2232 pugnas,
1312 2153 1395 2216 rixas
1409 2152 1554 2235 aliosque

185 2249 286 2303 motus
309 2239 419 2320 promti
443 2251 530 2300 erunt
558 2236 605 2301 12.
630 2238 700 2302 Jan.
734 2238 765 2302 5.
794 2237 844 2303 tl.
869 2236 921 2304 24.
942 2241 1030 2303 Febr.
1063 2240 1094 2304 5.
1122 2236 1170 2303 tl.
1194 2242 1286 2304 Mart.
1321 2240 1351 2304 5.
1368 2238 1422 2303 25.
1446 2241 1551 2322 April.

184 2325 216 2395 4.
249 2327 297 2390 12.
329 2324 381 2391 31.
404 2328 499 2407 Maji,
531 2324 562 2390 9.
587 2324 754 2401 2l.Jnnii,
796 2328 826 2394 8.
856 2327 904 2391 13.
929 2328 978 2393 19.
1002 2329 1090 2404 .Ιιι111,
1133 2331 1158 2391 1.
1184 2327 1212 2392 9.
1237 2328 1287 2395 15.
1312 2328 1364 2394 25.
1388 2327 1444 2394 30.
1463 2331 1550 2410 Aug.

184 2415 237 2484 2⁰.
254 2415 306 2480 27.
324 2415 410 2497 Sept.
436 2413 465 2480 3.
481 2416 590 2479 Octob.
614 2415 644 2478 5.
665 2414 713 2481 18.
729 2414 782 2482 30.
799 2419 925 2480 Novem.
954 2416 1006 2481 25.
1026 2419 1168 2481 Decemb.
1214 2419 1295 2481 Nam
1318 2419 1349 2480 id
1368 2419 1553 2500 expetentia

184 2507 351 2571 coufirmat.

739 2594 868 2655 Thesis
892 2594 991 2656 LXX.

272 2682 374 2744 Motus
399 2688 498 2742 autem
524 2681 710 2744 universales
734 2702 787 2744 seu
811 2684 971 2745 admodum
999 2683 1162 2757 notabiles,
1198 2691 1251 2745 ant
1279 2686 1369 2763 plane
1392 2683 1483 2758 novi,
1510 2703 1551 2747 ex

182 2772 266 2835 coelo
295 2771 416 2850 quidem
445 2788 503 2830 non
532 2771 672 2832 videntur
700 2771 877 2850 siguificari;
909 2792 975 2834 cum
1000 2771 1149 2834 Saturnus
1182 2780 1213 2833 et
1236 2773 1356 2851 Jupiter
1383 2771 1442 2833 boc
1466 2791 1549 2834 auno

181 2880 240 2923 uon
264 2859 497 2938 configurantur,
522 2860 659 2939 quamvis
683 2860 797 2921 coelum
822 2881 880 2922 nna
903 2868 1021 2923 tantum
1051 2870 1082 2923 et
1104 2861 1333 2941 generalissima
1360 2880 1457 2925 causa
1479 2861 1550 2942 sig·

182 2968 310 3030 uumqne
334 2948 376 3009 sit
399 2966 574 3027 magnorum
599 2956 741 3010 motuum.

269 3038 347 3099 Nam
372 3035 401 3096 in
426 3036 514 3098 rebus
538 3035 749 3099 sublunaribus
773 3038 922 3099 accedunt
946 3037 1007 3098 alia
1022 3037 1119 3116 magis
1138 3037 1333 3116 particularia
1348 3045 1381 3099 et
1395 3037 1547 3117 genuina,

152 3144 257 3211 xquae
288 3124 464 3206 praevidere
493 3143 550 3185 non
580 3133 628 3187 est
656 3125 812 3203 astrologi.
851 3123 1066 3188 consideretur
1099 3125 1189 3205 igitur
1217 3127 1267 3187 ille
1291 3127 1403 3188 Terrae
1432 3134 1548 3197 motus,

180 3213 229 3297 qui
253 3212 398 3293 superiori
413 3211 584 3291 Septembri
610 3215 679 3275 anni
706 3210 799 3276 1601.
826 3222 922 3276 ιοιιιιιι
946 3213 1045 3275 Rheni
1071 3223 1200 3277 tractum
1224 3223 1256 3276 et
1273 3215 1388 3277 vicinas
1403 3215 1547 3296 regiones

179 3303 301 3367 insolite
334 3301 500 3382 quassavit.
547 3302 626 3363 Nan
657 3310 689 3365 et
719 3301 887 3364 Insubriam
920 3322 985 3364 enm
1015 3303 1098 3364 aiunt
1130 3303 1272 3366 sensisse.
1320 3303 1405 3366 Haec
1435 3323 1547 3366 moneo

178 3411 237 3454 nou
261 3411 299 3452 ex
323 3390 498 3470 astrologia,
524 3410 590 3453 cnm
613 3392 725 3452 Terrae
749 3398 847 3452 motus
872 3400 985 3453 astrum
1006 3411 1063 3453 non
1084 3392 1132 3466 sit,
1153 3393 1207 3454 sed
1232 3412 1270 3453 ex
1285 3393 1547 3472 contemplatione

179 3481 296 3551 muudi,
325 3488 357 3542 et
385 3479 516 3542 omnium
545 3488 726 3560 temporum,
752 3498 789 3541 ex
813 3499 871 3561 qna
894 3480 995 3542 videre
1026 3488 1091 3555 est,
1125 3490 1225 3544 motus
1249 3482 1546 3557 armorumanimo·

177 3588 300 3652 rumque
326 3569 422 3631 solere
447 3569 541 3650 sequi.

716 3655 851 3716 Thesis
874 3655 990 3719 LXXI.

268 3744 401 3827 Adjuugi
435 3763 473 3806 ex
502 3743 670 3825 astrologia
703 3753 830 3824 quatuor
852 3744 1042 3824 potissimum
1065 3753 1203 3824 possunt,
1239 3763 1315 3824 quae
1345 3744 1546 3824 praeeipuam

176 3833 300 3896 habens
313 3833 479 3913 emphasin,
505 3833 627 3912 eclipsis
651 3832 732 3894 Solis
756 3834 786 3894 in
811 3828 849 3895 3ο
871 3838 906 3908 ᾖ
915 3880 923 3908 ,
949 3833 1067 3895 sextilis
1091 3833 1214 3898 Saturni
1238 3841 1270 3894 et
1293 3832 1403 3895 Martis
1426 3834 1545 3897 statio-

176 3922 267 3998 narii,
293 3923 342 4003 qui
364 3941 419 4002 per
441 3929 536 3984 totum
561 3924 623 3983 fere
646 3921 823 3984 Jauuarinm
848 3929 880 3982 et
901 3921 1096 3984 Februarium
1120 3923 1226 3996 durat,
1261 3932 1292 3982 et
1314 3920 1405 3983 Junio
1436 3940 1544 3986 meuse

86 4014 91 4023 '
175 4010 356 4074 revertitur:
381 4011 552 4089 conjunctio
575 4010 662 4072 Jovis
686 4018 718 4072 ει
741 4009 851 4072 Martis
874 4011 931 4072 tine
945 4007 1028 4085 Jnlii,
1053 4011 1222 4089 conjunctio
1237 4008 1361 4071 Saturni
1381 4018 1413 4071 et
1426 4010 1544 4074 Martis

174 4117 276 4163 mense
300 4097 484 4179 Septembri.
530 4099 673 4173 Primum,
697 4099 885 4179 experientia
908 4107 1039 4160 testatur
1063 4100 1091 4160 iu
1115 4117 1225 4178 genere
1249 4098 1346 4160 solere
1367 4116 1436 4183 esse
1453 4108 1541 4161 atto·

174 4187 275 4264 uitos,
309 4189 438 4269 pavidos
471 4196 524 4250 aut
556 4196 673 4250 erectos
707 4189 736 4249 in
766 4189 1007 4267 expectationem
1041 4207 1139 4249 rernm
1163 4205 1306 4247 novarum
1330 4187 1447 4248 animos
1481 4188 1539 4251 sub

97 4304 104 4311 ·
173 4277 339 4340 hesbines
364 4276 600 4356 conjunctiones.
648 4275 734 4347 Quae
759 4296 807 4339 res
831 4276 859 4337 in
883 4276 1035 4338 hominum
1055 4294 1167 4355 magna
1184 4274 1375 4337 multitudine
1396 4276 1540 4339 nnoloco

173 4375 369 4447 congregata,
394 4365 444 4427 vel
467 4365 506 4426 ad
529 4365 709 4444 patrandum
733 4365 859 4446 aliquid,
884 4367 932 4427 rel
957 4366 994 4427 ad
1019 4365 1135 4439 clades,
1160 4372 1194 4425 nt
1217 4363 1406 4444 experientia
1426 4363 1542 4428 bellica

172 4462 313 4530 testatur,
340 4473 480 4542 magnum
504 4455 597 4515 habet
621 4464 813 4518 momentum.
861 4455 970 4516 Incidit
1003 4454 1104 4516 clades
1135 4452 1295 4531 Agriensis
1319 4471 1397 4514 anno
1426 4448 1481 4517 96.
1505 4453 1537 4515 1ιι

173 4544 343 4625 oppositum
365 4542 453 4604 Jovis
477 4550 509 4604 et
532 4541 657 4603 Martis:
687 4543 810 4623 nuptiae
835 4543 1017 4604 Lutetianae
1041 4543 1070 4604 in
1094 4542 1331 4622 conjunctionem
1355 4540 1482 4604 Saturni
1504 4553 1538 4604 et

172 4631 281 4696 Martis
313 4632 419 4694 itidem
451 4631 480 4692 iu
510 4629 674 4709 Scorpione
698 4651 775 4694 anuo
802 4626 954 4704 retest)
1002 4628 1071 4699 Qua
1102 4632 1130 4692 in
1161 4629 1404 4693 consideratione
1431 4632 1536 4711 populi

172 4722 333 4803 magistros
357 4735 388 4784 et
412 4728 545 4784 rectores
569 4720 701 4782 exerceri
725 4720 862 4802 equidem
886 4739 943 4782 nou
968 4718 1073 4781 inutile
1098 4718 1276 4781 existimem.
1323 4721 1404 4783 liam
1426 4719 1467 4783 ad
1481 4737 1534 4782 re·
