3428 5542
655 1250 898 1370 JOrlNNlS
936 1251 1176 1386 llliPllltl

461 1475 702 1576 morcon
731 1480 961 1577 rrouonrs
988 1480 1171 1575 nonunt
1203 1479 1365 1575 uusnn.

843 1770 989 1780 -——-

580 1969 649 2042 An
677 1966 934 2042 Lucuosuu
961 1964 1255 2040 massano.

325 2141 431 2204 Edidit
465 2152 534 2204 ante
560 2144 729 2206 trienninm
761 2143 940 2206 Nicolans
964 2144 1097 2217 Ursus,
1133 2141 1303 2206 Caesareae
1327 2140 1504 2222 Majestatis
1528 2141 1600 2203 dum

235 2229 352 2292 viveret
383 2231 634 2306 mathematicus,
667 2233 800 2295 libellum
829 2232 866 2293 de
889 2231 1116 2314 Hypothesibns
1145 2230 1364 2300 astronomicis,
1397 2231 1506 2311 inquo
1531 2250 1599 2293 cnm

131 2390 135 2400 ,
234 2318 392 2382 historiam
415 2320 566 2382 texuisset
588 2321 800 2402 hypothesium
823 2321 1003 2401 tandemque
1028 2321 1067 2381 ad
1087 2321 1261 2382 Helisaeum
1281 2319 1468 2393 Roesiinum,
1493 2319 1598 2381 Medi·

234 2407 321 2469 cinae
345 2407 521 2482 Ductorem,
557 2411 684 2473 amicum
713 2429 810 2472 meum
839 2410 1023 2489 singularem
1052 2409 1239 2476 devenisset,
1275 2416 1307 2469 et
1334 2409 1373 2469 ad
1405 2408 1599 2470 refutandam

235 2496 299 2577 ejus
324 2495 502 2577 opinionem,
527 2499 660 2561 adducta
683 2500 810 2580 quadam
834 2498 969 2561 Euclidis
993 2497 1212 2579 propositione,
1244 2498 1391 2558 rationem
1416 2496 1598 2559 tradidisset

235 2603 273 2647 ex
296 2585 469 2648 dedomenis
497 2589 678 2651 necessariis
706 2588 890 2669 geometrica
917 2587 1058 2649 methodo
1086 2586 1322 2665 planetariomm
1346 2585 1460 2647 orbium
1485 2584 1597 2665 ampli·

235 2674 355 2736 tudines
386 2673 562 2738 dimetiendi
596 2679 673 2751 (rem
711 2677 815 2739 tritam
850 2677 928 2755 apud
958 2679 1178 2749 astronomos),
1213 2675 1384 2755 subjunxit,
1417 2693 1454 2735 en
1476 2674 1598 2737 -iisdem

235 2763 437 2825 fundamentis
461 2765 553 2827 etiam
578 2766 743 2828 examinari
766 2785 856 2845 posse
881 2785 949 2826 mea
971 2764 1095 2846 placita,
1121 2783 1196 2845 quae
1216 2782 1294 2826 auno
1312 2763 1412 2843 priore
1436 2762 1491 2824 snb
1506 2761 1598 2825 titulo

232 2851 371 2933 Mysterii
397 2851 643 2934 cosmographici
672 2855 783 2934 publici
803 2855 880 2932 juris
904 2854 1050 2925 feceram;
1088 2873 1183 2933 eaque
1215 2852 1374 2914 occasione
1404 2860 1495 2932 capta
1528 2851 1597 2932 epi-

234 2940 344 3003 stolam
367 2942 527 3020 quandam,
553 2963 613 3025 qua
636 2943 755 3005 biennio
779 2952 850 3004 ante
876 2961 966 3022 snper
989 2943 1160 3004 inventione
1176 2961 1243 3005 mea
1263 2943 1359 3021 ipsum
1374 2942 1596 3016 consulueram,

234 3027 335 3119 libello
359 3048 413 3091 sno
435 3028 570 3094 inseruit.
616 3032 785 3093 Pessimum
812 3032 930 3112 quidem
954 3031 1010 3093 hoc
1034 3031 1150 3092 nomine
1174 3031 1304 3111 gratiam
1329 3030 1409 3110 apud
1431 3049 1479 3092 me
1497 3030 1598 3092 Ursus
1668 3058 1673 3065 ·

233 3115 310 3178 iniit.
357 3115 555 3198 Scripseram,
582 3129 685 3201 utpote
709 3120 816 3198 viginti
842 3121 931 3181 trium
959 3139 1103 3181 annorum
1126 3120 1256 3200 juvenis,
1281 3119 1400 3181 minime
1424 3137 1497 3180 sane
1521 3137 1596 3199 gra-

233 3203 320 3266 viter.
367 3206 448 3267 Nam
471 3215 502 3268 et
524 3209 554 3270 in
577 3210 657 3272 Urso
681 3209 830 3271 laudando
855 3215 886 3268 et
909 3209 938 3270 in
962 3228 1008 3270 me
1034 3208 1075 3269 illi
1100 3209 1287 3288 subjiciendo
1311 3209 1430 3269 modum
1453 3207 1594 3288 utrinque

234 3293 359 3357 multum
382 3294 511 3358 excessi.
558 3296 774 3360 Securissimus
803 3298 883 3359 enim
906 3299 942 3358 de
967 3298 1022 3359 hoo
1047 3306 1156 3358 eventu
1186 3297 1216 3359 id
1239 3297 1349 3359 saltem
1373 3297 1526 3377 spectavi,
1562 3303 1596 3358 nt

233 3401 409 3464 responsum
432 3384 634 3465 impetrarem.
679 3387 722 3450 Et
744 3387 781 3449 iis
805 3387 957 3449 terebatur
981 3406 1049 3448 esse
1072 3387 1205 3448 moribus
1229 3387 1341 3458 Ursus,
1371 3396 1404 3447 ut
1428 3385 1475 3447 his
1499 3385 1595 3448 armis

233 3489 308 3553 opus
327 3481 411 3535 esset
434 3474 473 3535 ad
496 3476 726 3555 expugnandum
749 3476 815 3556 ejus
839 3476 999 3538 silentium.
1046 3476 1091 3537 At
1119 3476 1144 3536 si
1169 3475 1274 3555 quibus
1299 3475 1336 3536 de
1360 3474 1502 3537 instituto
1525 3493 1594 3536 meo

233 3579 292 3622 non
325 3571 461 3639 constat,
494 3564 515 3625 ii
549 3566 620 3627 mihi
648 3566 755 3628 merito
784 3564 1017 3638 succensebunt,
1052 3564 1130 3644 qnod
1159 3564 1324 3626 immodicis
1354 3565 1423 3626 Ursi
1453 3563 1595 3625 laudibus

234 3650 372 3731 iujuriam
388 3652 490 3715 multis
505 3654 534 3715 in
549 3653 672 3736 Europa
686 3654 870 3716 doctissimis
885 3653 1107 3715 mathematicis
1128 3654 1264 3726 fecerim;
1289 3652 1475 3715 mirabuntur
1489 3652 1592 3727 etiam,

233 3739 283 3820 qui
312 3758 358 3800 me
391 3741 513 3824 propius
542 3753 662 3819 nomm,
697 3763 742 3805 me
773 3762 826 3823 pro
850 3743 1013 3804 Maestlino
1037 3744 1146 3806 Ursum
1176 3750 1402 3822 praeceptorem
1427 3741 1592 3816 celebrare,

233 3827 336 3907 illique
369 3832 587 3893 transscribere
611 3833 666 3893 hoc
690 3833 866 3912 quantulum
900 3840 948 3893 cst
970 3831 1151 3911 cognitionis
1181 3832 1210 3892 in
1234 3831 1470 3904 mathematicis,
1504 3848 1592 3910 quem

233 3923 333 3978 umen
357 3918 414 3979 nisi
438 3919 467 3979 in
482 3922 710 3994 „Fundamento
725 3940 778 3982 suo
794 3921 1018 3982 astronomico“
1041 3922 1210 4000 loquentem
1235 3939 1384 4000 nunqnam
1408 3919 1593 3989 audiveram,

234 4023 383 4086 uunquam
408 4007 550 4072 videram.
599 4009 661 4072 Sed
684 4011 758 4072 haec
782 4011 879 4072 adhuc
904 4010 983 4070 levia
1005 4009 1099 4070 videri
1123 4019 1264 4088 possunt;
1296 4011 1435 4088 graviora
1459 4028 1592 4088 sequnn-

233 4099 292 4156 tur.
338 4095 418 4156 Nam
443 4097 501 4157 etsi
524 4099 620 4161 Ursus
643 4099 785 4162 honorem
809 4119 906 4161 meum
930 4098 1028 4177 egisse
1052 4097 1148 4160 videri
1172 4099 1236 4160 vult
1260 4099 1414 4178 publicata
1437 4118 1505 4160 mea
1524 4098 1592 4179 epi·

232 4181 323 4258 stola,
348 4185 416 4245 dum
434 4194 507 4245 'eam
535 4187 599 4248 luce
624 4188 745 4266 dignam
768 4188 939 4269 praedicat:
964 4194 1065 4247 tamen
1081 4188 1149 4267 quid
1175 4188 1367 4267 quaesiverit,
1395 4207 1452 4248 uon
1479 4187 1591 4248 obscu-

233 4290 297 4334 rum
322 4274 452 4353 reliquit.
480 4305 520 4314 -
550 4276 681 4338 Primum
705 4278 734 4339 in
759 4279 846 4340 titulo
872 4276 965 4338 libelli
988 4276 1090 4338 Nobili
1119 4285 1151 4337 et
1173 4277 1286 4338 illustri
1307 4277 1435 4338 Domino
1457 4277 1592 4358 Tychoni

232 4360 333 4423 Brahe
353 4362 451 4437 Dano,
475 4362 603 4426 Domino
623 4366 652 4427 in
668 4366 864 4446 Knndstorpp
889 4374 920 4427 et
933 4365 1107 4445 Uraniburg
1122 4365 1195 4438 irc,
1221 4365 1432 4445 hypothesium
1448 4385 1592 4427 novarum

233 4449 436 4513 inventionem
464 4453 612 4533 praeripit
637 4474 760 4534 eamque
789 4456 846 4517 sibi
875 4450 1047 4533 arrogat.⁸)
1094 4454 1218 4516 Putavit
1246 4456 1346 4533 itaque
1380 4456 1435 4516 hac
1463 4455 1594 4534 epistola

234 4557 316 4615 mea,
346 4541 373 4601 in
399 4560 458 4620 qua
482 4541 556 4603 haec
581 4551 651 4604 sunt
679 4545 787 4605 verba:
815 4543 1027 4627 „Hypotheses
1054 4552 1124 4605 tuas
1155 4545 1253 4618 amo“‚
1279 4545 1514 4606 demonstratum
1546 4544 1593 4618 iri,

233 4645 302 4689 esse
330 4638 361 4691 et
384 4629 534 4703 homines,
568 4632 617 4711 qni
641 4632 711 4695 Ursi
734 4633 899 4694 bonitatem
920 4652 1029 4694 causae
1058 4641 1237 4711 agnoscant,
1272 4653 1365 4713 caque
1396 4633 1511 4694 ratione
1546 4652 1593 4693 me

234 4715 351 4777 alienae
375 4719 420 4780 liti
444 4718 606 4782 immiscuit
620 4728 651 4781 et
665 4721 869 4783 testimoninm
880 4723 918 4783 ab
934 4722 1038 4801 ignaro
1053 4723 1189 4783 extorsit.
1236 4722 1351 4782 Deinde
1376 4741 1442 4783 cum
1467 4722 1494 4783 in
1509 4722 1594 4784 calce

234 4802 315 4866 tituli
338 4807 536 4871 eruditionem
559 4828 644 4872 suam
672 4809 702 4872 in
726 4810 782 4874 hoc
806 4811 907 4875 libello
935 4829 990 4873 ceu
1021 4810 1059 4873 ad
1083 4828 1215 4893 agonem
1239 4811 1387 4892 quendam
1411 4811 1592 4895 olympicum
