3428 5542
245 336 311 414 300
672 348 774 400 therae
791 345 895 413 Kspled
913 332 1063 414 ssiofnmqns'
1080 353 1182 400 mutuae

243 507 302 570 lide
326 507 428 588 digno,
454 506 505 570 vix
527 508 639 571 imitari
664 507 776 581 audeo)
800 508 916 587 periere
941 506 1069 569 flammis
1093 503 1136 571 25
1159 506 1306 582 homiues,
1330 503 1351 570 4
1374 513 1484 582 turres,
1507 506 1608 587 ipsius

244 595 331 658 Jovis
345 595 494 677 palatium
509 606 590 658 metu
606 596 730 675 periculi
754 616 840 657 suum
860 596 975 675 expulit
991 596 1202 658 habitatorem.
1242 594 1357 658 Omnes
1376 595 1505 658 reditum
1519 597 1606 676 prin-

246 685 322 765 cipie
354 683 517 763 trepidant.
565 685 683 747 Dicitur
710 685 819 746 Italica
847 685 959 746 auxilia
988 685 1145 746 adducere.
1198 684 1326 746 Senatui
1356 684 1453 747 cirico
1482 694 1606 746 nostrae

244 773 446 836 confessionis
463 774 659 854 magistratus
684 774 848 852 abrogatus
873 781 928 834 est.
976 775 1135 836 Portarum
1151 781 1182 834 et
1198 772 1423 835 armamentarii
1438 772 1534 835 urbici
1550 793 1605 835 cu·

245 862 365 925 stodiae
395 861 498 941 Papae
532 863 759 924 confessoribus
789 863 931 925 creditae.
979 863 1128 924 Minarum'
1161 861 1260 923 omnia
1292 862 1392 941 plena.
1439 859 1502 924 Sed
1536 880 1606 923 ecce

191 984 194 991 ,
244 951 360 1013 emina:
384 959 447 1013 tres
470 952 500 1012 in
525 951 581 1012 hac
606 952 678 1013 urbe
701 957 858 1013 matronae
882 951 986 1012 eodem
1011 951 1073 1012 fere
1097 960 1240 1030 tempore,
1266 951 1413 1013 adornato
1436 950 1606 1030 puerperio,

244 1041 395 1102 eonducta
417 1047 449 1100 et
472 1041 624 1103 accersita
647 1039 827 1116 obstetrice,
857 1040 907 1101 diu
940 1060 993 1110 eae
1019 1037 1126 1109 diane
1149 1046 1345 1118 expectantes
1376 1040 1499 1100 tandem
1523 1039 1605 1100 didi·

244 1146 312 1191 cere
336 1149 354 1188 a
377 1128 440 1190 suis
464 1128 687 1201 obstetricibus,
708 1148 740 1190 se
761 1138 877 1190 uterum
896 1146 954 1189 uon
970 1146 1085 1207 gerere,
1109 1127 1215 1189 Haben
1230 1128 1315 1210 Drey
1331 1127 1391 1189 fehl
1407 1127 1605 1201 (Nullitatee)

237 1215 384 1300 geionis.
430 1217 520 1280 Parit
543 1217 627 1279 Deus
658 1225 754 1279 ratum
786 1236 870 1278 omen
904 1224 936 1277 et
958 1216 1087 1294 dissipet
1115 1216 1241 1278 consilia
1265 1217 1509 1278 adversariorum
1531 1232 1606 1278 suo-

242 1324 317 1369 rum.
365 1303 493 1366 Oremus
518 1314 619 1368 autem
642 1306 747 1386 ipsum,
773 1314 806 1368 ut
828 1306 1106 1367 innocentissimum
1132 1306 1283 1384 juvenculi
1307 1305 1451 1384 principis
1475 1304 1606 1366 animum

243 1402 348 1457 contra
380 1393 529 1473 pessimos
562 1395 748 1456 consultores
782 1394 904 1455 muniat.
953 1392 1034 1464 Quid
1067 1393 1092 1452 si
1127 1394 1219 1455 donet
1253 1395 1349 1473 ipsum
1379 1394 1462 1455 Dens
1491 1393 1604 1456 nostris

242 1482 392 1563 precibus.

332 1569 492 1633 Cometam
516 1570 617 1631 dixere
641 1577 795 1631 nostrates
819 1569 939 1631 stellam
960 1568 1089 1629 Veneris
1113 1569 1242 1630 interdiu
1266 1570 1380 1643 visam;
1404 1569 1441 1630 de
1466 1589 1524 1649 quo
1548 1588 1606 1651 ego

244 1658 407 1728 consultus,
432 1665 465 1719 ut
488 1658 592 1739 aspexi
617 1657 767 1739 respondi,
792 1658 941 1720 mitiorem
969 1657 998 1718 in
1019 1658 1103 1718 coelo
1127 1657 1249 1719 stellam
1273 1677 1330 1718 non
1346 1677 1425 1720 esse.
1463 1658 1500 1719 Id
1518 1677 1605 1721 omen

242 1747 349 1808 eodem
373 1765 428 1825 ego
451 1748 565 1808 refero:
594 1754 629 1808 ut
652 1745 800 1826 significet
823 1746 869 1807 hic
893 1756 1011 1808 cometa
1029 1754 1141 1807 metum
1165 1746 1377 1808 frustraneum.
1418 1744 1604 1816 Quo-etiam

241 1835 374 1916 pertinet
397 1835 545 1915 eclipseos
568 1834 696 1914 ἔκλειψις
719 1835 767 1896 vel
781 1835 961 1896 emanentia.
1008 1833 1180 1895 Moscorita
1204 1834 1312 1896 dicitur
1331 1843 1477 1897 mortuus.
1519 1834 1603 1898 Eece

242 1923 394 1986 borealem
418 1923 552 2002 eclipsin.
601 1925 646 1986 De
670 1925 770 1986 Turca
793 1923 891 2002 exigui
923 1931 993 1985 sunt
1015 1942 1161 1985 rumores.
1207 1923 1373 1985 Perhibent
1402 1933 1504 1986 tamen
1528 1943 1605 1987 reu·

242 2022 341 2076 turum
365 2014 486 2093 propria
518 2014 546 2074 in
579 2033 717 2094 persona.
763 2012 810 2074 De
838 2013 964 2074 Jaurino
993 2020 1169 2090 recuperato
1199 2029 1327 2093 magnae
1361 2019 1432 2073 sunt
1464 2012 1606 2092 gratula-

242 2100 352 2164 tiones.
399 2102 466 2163 Non
491 2101 535 2163 ita
556 2103 672 2181 pridem
698 2100 960 2180 Constantinopoli
990 2098 1077 2163 4000
1102 2101 1256 2162 domorum
1288 2102 1522 2180 conflagrarunt.
1571 2103 1605 2164 lu

228 2189 386 2273 Bithynia
408 2208 500 2270 prope
524 2191 743 2272 Trapezuntem
774 2191 850 2252 duae
874 2190 962 2250 urbes
996 2208 1053 2250 nou
1078 2189 1226 2268 ignobiles
1250 2197 1350 2251 terrae
1375 2197 1456 2251 motu
1480 2208 1605 2252 corrue-
1627 2251 1640 2282 ι

242 2287 330 2341 runt:
367 2287 399 2340 et
427 2279 553 2359 periisse
582 2280 777 2360 perhibentur
809 2282 847 2340 ad
873 2275 981 2341 70000
1004 2277 1165 2339 hominum.
1213 2280 1246 2340 ln
1270 2278 1425 2340 limitanea
1448 2279 1606 2359 Huugaria

241 2366 317 2429 duos
340 2368 457 2429 Bassos
480 2369 559 2429 inter
581 2370 648 2430 rixa
671 2377 703 2428 et
727 2368 825 2428 minae
849 2367 1032 2428 delationum
1058 2367 1095 2426 ad
1120 2385 1206 2428 suurn
1230 2365 1394 2429 Caesarem
1419 2368 1604 2431 intercesse-

241 2463 321 2520 rant.
368 2457 431 2518 Res
455 2457 494 2518 ed
509 2477 593 2518 arma
616 2458 709 2519 veuit.
756 2457 884 2519 Delator
899 2456 1014 2517 futurus
1038 2455 1076 2516 ab
1097 2455 1193 2516 altero
1216 2455 1246 2517 in
1271 2475 1435 2536 congressu
1458 2456 1604 2537 singulari

242 2544 434 2607 interfectus:
464 2547 542 2626 quod
567 2565 633 2608 cum
656 2546 779 2608 alterius
803 2545 882 2606 servi
906 2545 1056 2618 viderent,
1082 2544 1232 2605 dominum
1256 2544 1311 2606 ulti
1335 2545 1462 2607 alterum
1487 2564 1604 2625 quoqne
1630 2550 1643 2567 '

242 2631 476 2696 interfecerunt:
509 2636 625 2715 periere
650 2636 688 2697 ad
711 2632 756 2698 40
778 2635 925 2714 utrinque.
974 2635 1058 2695 Haec
1084 2633 1183 2694 omnia
1205 2635 1285 2695 male
1308 2633 1353 2694 illi
1377 2633 1501 2713 imperio
1525 2634 1603 2696 omi-

242 2730 361 2785 nantur.
408 2724 487 2786 Nam
511 2725 536 2785 si
561 2733 676 2786 tantum
701 2724 865 2786 animorum
878 2720 985 2784 Bessis
1010 2722 1149 2795 accrevit,
1175 2721 1246 2784 olim
1265 2722 1389 2784 audebit
1408 2722 1531 2801 aliquid,
1553 2723 1602 2804 qui

242 2812 336 2873 vitam
352 2831 436 2873 suam
451 2813 480 2873 iu
496 2814 628 2893 periculo
647 2812 770 2874 videbit.
808 2813 852 2874 Ut
874 2819 943 2872 sunt
966 2812 1065 2872 omnia
1080 2812 1219 2885 humana,
1240 2811 1304 2889 jam
1329 2811 1487 2882 salutaria,
1510 2813 1603 2892 paulo

242 2909 313 2980 post
336 2901 481 2970 exitiosa,
506 2902 550 2963 ita
573 2903 665 2963 etiam
688 2900 802 2980 rigidae
827 2901 989 2962 'furcarum
1014 2901 1111 2977 leges,
1147 2907 1178 2960 et
1201 2899 1397 2961 inexorabilis
1421 2899 1450 2960 iu
1473 2901 1601 2976 Bassus,

241 2987 272 3050 io
296 2988 395 3067 regios
421 2990 530 3052 liberos
555 2990 716 3060 sententia,
741 2990 847 3070 quibus
872 2990 960 3051 rebus
985 2989 1130 3049 hactenus
1155 2988 1243 3049 stetit
1258 2988 1332 3050 haec
1348 2989 1452 3062 rnoles,
1478 2992 1603 3053 eaedem

242 3075 325 3139 iilam
356 3094 478 3156 pessum
507 3078 630 3141 dabunt.
679 3077 856 3157 Exemplum
887 3098 965 3139 anuo
1000 3073 1082 3140 1502
1111 3077 1140 3137 iu
1165 3078 1329 3156 Mustapha
1352 3077 1491 3141 vidimus.
1540 3077 1603 3143 Sed

243 3163 418 3246 Solymanni
441 3185 558 3228 summa
584 3168 750 3229 auctoritas
773 3165 974 3247 periculosum
999 3165 1166 3228 incendium
1191 3166 1377 3246 restinguere
1406 3175 1468 3228 turn
1491 3168 1601 3250 potnit,

242 3252 319 3316 alius
335 3271 392 3314 non
407 3253 528 3334 poterit,
553 3255 638 3335 cujus
658 3275 715 3317 non
736 3264 784 3317 est
803 3263 890 3317 tauta
905 3256 984 3316 bello
1000 3254 1133 3316 felicitas
1149 3263 1359 3334 gestorumque
1384 3255 1491 3335 gloria.
1540 3255 1602 3318 Sed

244 3342 347 3404 futura
370 3343 414 3405 sic
438 3344 589 3406 habento:
628 3344 856 3425 inpraesentia
880 3345 956 3405 citra
979 3362 1095 3405 omnem
1121 3339 1357 3404 controversiam
1382 3343 1483 3424 gliscit
1505 3345 1601 3408 nostri

244 3427 389 3494 Caesaris
415 3434 597 3507 auctoritas,
622 3442 770 3515 utcunque
795 3433 963 3511 Hispanico
986 3432 1115 3512 expiret.
1161 3432 1324 3494 Enimvero
1348 3432 1531 3510 vigilandum
1556 3443 1605 3496 est

242 3521 444 3583 nostratibus:
478 3523 597 3585 videtur
620 3522 648 3584 iu
678 3532 781 3584 nostro
806 3519 940 3584 Caesare
964 3522 1063 3583 inesse
1089 3520 1308 3582 Archimedaea
1341 3522 1489 3601 quaedam
1522 3522 1602 3584 ratio

242 3618 361 3684 motus,
396 3611 446 3691 qui
469 3613 545 3673 adeo
569 3611 686 3685 lentus,
720 3619 754 3672 ut
772 3611 827 3670 six
856 3611 958 3672 oculos
982 3610 1129 3681 incurrat,
1163 3628 1303 3671 successu
1329 3619 1429 3671 tamen
1454 3613 1600 3692 temporis

241 3698 394 3779 ingentem
417 3702 526 3763 molem
549 3708 746 3762 commoveat.
792 3699 873 3761 Ecce
898 3700 1015 3780 Pragae
1039 3700 1164 3772 sedens,
1203 3698 1267 3759 siue
1288 3699 1350 3760 ulla
1372 3699 1502 3762 bellicae
1526 3700 1601 3762 artis

240 3787 372 3867 peritia,
413 3788 477 3849 sine
510 3788 691 3851 auctoritate
726 3790 774 3861 (ut
798 3788 927 3850 antehac
956 3788 1149 3858 credebatur)
1183 3795 1282 3847 tamen
1319 3787 1464 3849 miracula
1486 3797 1601 3869 patrat,

240 3874 392 3954 principes
415 3876 445 3937 iu
471 3878 568 3938 officio
593 3878 743 3945 continet,
778 3878 995 3957 obsequentes,
1029 3883 1178 3955 promtos‚
1213 3876 1353 3937 liberales
1378 3876 1485 3951 habet,
1520 3877 1602 3939 orbis

242 3964 435 4025 monarcham
469 3974 515 4027 tot
544 3966 653 4027 seculis
683 3966 902 4027 formidabilem
927 3965 1072 4039 sustinet,
1108 3972 1208 4025 tractu
1231 3965 1301 4026 belli
1327 3965 1491 4044 defatigat,
1524 3964 1610 4029 citra*

241 4059 343 4114 tamen
368 4072 508 4133 maguum
532 4056 651 4135 aliquod
677 4054 909 4128 incommodum,
941 4054 1019 4134 quod
1044 4052 1203 4116 hostilibus
1227 4054 1423 4115 incommodis
1447 4074 1600 4137 praepon-

241 4140 337 4203 deret.
386 4139 502 4213 Quibus
527 4145 615 4205 rebus
639 4143 785 4223 ejusmodi
818 4162 917 4205 merae
941 4141 1105 4223 potestatis
1139 4143 1333 4205 fundamenta
1351 4143 1443 4222 jacit,
1477 4154 1512 4207 ut
1535 4146 1602 4208 sola

240 4229 324 4311 regui
349 4230 465 4293 Turcici
499 4233 653 4294 inclinatio
687 4234 794 4294 deesse
827 4232 975 4295 videatur.
1018 4224 1129 4301 Quid?
1175 4229 1291 4302 Quibus
1325 4251 1437 4312 quaeso
1471 4235 1599 4308 artibus,

194 4312 200 4326 “
240 4336 301 4401 qua
333 4319 478 4382 felicitate
502 4321 767 4404 Transsyivauiam
799 4321 934 4383 restituit
957 4320 1153 4383 Austriacis?
1200 4318 1287 4391 Quod
1319 4340 1423 4384 omnes
1447 4324 1599 4386 miramur.

240 4404 321 4479 Quin
346 4416 377 4470 et
399 4409 455 4470 hoc
479 4409 593 4490 passim
617 4410 798 4483 affirmatur,
823 4410 946 4472 tertium
970 4409 1208 4471 exhaeredibus
1233 4410 1416 4473 nominatum
1432 4430 1500 4475 esse
1515 4411 1599 4476 Cae-

241 4514 341 4559 sarem
364 4508 498 4560 nostrum
522 4518 541 4559 a
564 4498 744 4561 Moscorita.
793 4498 829 4559 Ei
853 4500 894 4561 rei
920 4498 1032 4578 legatio
1056 4498 1302 4578 splendidissima
1326 4501 1540 4577 adornabatur,
1566 4509 1600 4566 ut

130 4649 136 4659 ,
240 4602 285 4648 ts.
309 4584 392 4648 solus
416 4595 520 4649 noster
542 4587 649 4650 haeres
673 4587 885 4650 nominaretur.
933 4587 995 4649 Sed
1020 4597 1115 4649 morte
1139 4589 1328 4650 Moscoritae
1359 4590 1471 4671 legatio
1501 4592 1598 4655 inter·

329 4763 408 4829 Utnt
430 4762 480 4838 sit,
506 4763 660 4826 fatendum
684 4763 804 4827 omniuo
829 4770 893 4835 est,
918 4785 937 4826 a
960 4764 1025 4827 Deo
1050 4765 1186 4828 benedici
1210 4766 1303 4829 nostri
1330 4766 1473 4833 Caesaris
1496 4771 1597 4835 rebus.
