3428 5542
261 281 305 349 98
754 281 887 335 Dediestio
906 282 1020 334 editionis
1037 283 1131 349 prioris.

259 444 383 505 laudent
406 442 503 504 instar
530 442 681 503 hominis?
722 443 789 506 Nisi
814 444 907 523 quod,
938 445 1006 506 dum
1035 452 1211 523 argumenta
1235 443 1428 523 suppeditant
1453 442 1622 503 hominibus

259 533 402 595 laudandi
420 532 488 604 Dei,
513 531 609 592 Deum
634 531 717 610 ipsae
742 532 866 594 laudare
888 534 1035 595 dicuntur.
1066 531 1172 604 Quam
1196 552 1300 594 vocem
1323 534 1415 594 coelis
1439 542 1470 592 et
1494 542 1621 592 naturae

257 640 356 683 rerum
379 621 448 681 dum
473 621 621 700 aperimus
645 620 693 681 his
720 621 863 701 pagellis,
896 622 1111 702 clarioremque
1140 622 1301 684 efficimus:
1334 640 1419 681 nemo
1449 640 1502 681 nos
1531 619 1619 680 rani-

258 710 332 772 tatis
357 718 410 771 aut
433 709 580 771 inutiliter
603 709 692 770 sumti
717 710 829 771 laboris
855 719 973 790 arguat.

346 798 455 868 Taceo,
476 798 554 879 quod
575 798 649 858 haec
665 799 793 860 materia
813 799 984 872 creationis,
1005 820 1093 881 quam
1110 808 1257 878 negarunt
1274 797 1453 879 philosophi,
1480 816 1621 876 maguum

259 898 468 967 argumentum
492 896 559 948 est:
584 888 652 948 dum
671 888 829 963 ceruimus,
854 889 899 949 uti
913 889 995 950 Deus
1013 891 1110 951 instar
1125 889 1249 967 alicujus
1264 907 1301 948 ex
1317 887 1502 948 nostratibus
1517 887 1620 947 archi-

256 976 361 1049 tectiS,
393 976 495 1037 ordine
519 984 551 1037 et
573 994 678 1037 norma
701 978 740 1037 ad
765 977 865 1039 mundi
889 978 1074 1039 molitionem
1097 977 1274 1050 accesserit,
1306 976 1481 1055 singulaque
1511 975 1552 1036 sit
1577 975 1621 1034 ita

135 1093 147 1119 ο
256 1066 419 1141 dimensus,
445 1065 530 1145 quasi
546 1084 603 1125 uon
620 1085 670 1126 ars
685 1076 824 1128 naturam
844 1066 1023 1137 imitaretur,
1048 1067 1101 1128 sed
1117 1066 1200 1127 Deus
1224 1067 1288 1145 ipse
1312 1065 1351 1125 ad
1376 1065 1503 1126 hominis
1528 1063 1619 1124 futuri

255 1173 368 1217 morem
393 1154 570 1216 aedificandi
593 1155 790 1235 respexisset.
1069 1210 1075 1216 .

345 1242 525 1323 Quanquam
540 1242 610 1322 quid
625 1262 750 1306 necesse
763 1253 824 1318 est,
847 1240 1017 1305 divinamus
1040 1262 1138 1305 nerum
1160 1260 1233 1306 usus
1252 1243 1350 1303 instar
1368 1241 1482 1302 obsonii
1498 1260 1618 1301 nummo

256 1333 441 1394 aestimare?
480 1333 559 1394 Nam
584 1333 653 1411 quid
678 1353 790 1412 quaeso
814 1333 940 1412 prodest
963 1333 1061 1395 ventri
1085 1332 1223 1393 famelico
1246 1331 1379 1409 cognitio
1403 1349 1501 1391 rerum
1526 1337 1617 1389 uatu-

255 1421 372 1495 ralium,
399 1420 469 1499 quid
493 1429 560 1482 tota
583 1422 699 1502 reliqua
722 1422 931 1484 astronomia?
976 1422 1082 1502 Neque
1107 1430 1207 1483 tamen
1232 1419 1356 1482 audiunt
1380 1419 1496 1481 cordati
1520 1418 1618 1479 homi-

255 1529 309 1572 ues
333 1510 418 1571 illam
443 1510 622 1584 barbariem,
648 1530 724 1589 quae
740 1511 909 1572 deserenda
922 1520 1083 1590 propterea
1103 1511 1163 1573 ista
1181 1510 1282 1571 studia
1298 1509 1445 1570 clamitat.
1479 1507 1618 1568 Pictores

256 1598 389 1671 ierimus,
415 1599 591 1679 quioculos,
616 1600 858 1681 symphoniacos,
883 1600 932 1681 qui
947 1618 1035 1663 sures
1050 1599 1225 1663 oblectant:
1251 1598 1386 1679 quanvis
1402 1598 1512 1658 nullum
1528 1596 1618 1656 rebus

255 1688 368 1749 uostris
392 1689 623 1750 emolumentum
647 1689 785 1751 aderaut.
832 1684 875 1750 Et
898 1708 955 1749 non
980 1696 1097 1750 tantum
1122 1689 1264 1762 humana,
1295 1687 1348 1747 scd
1374 1686 1464 1747 ctiam
1490 1685 1618 1745 honesta

255 1785 396 1838 censetur
420 1777 569 1857 voluptas,
593 1794 670 1857 quae
695 1794 731 1838 ex
755 1786 947 1857 utrorumque
971 1778 1110 1856 operibus
1135 1777 1263 1856 capitur.
1300 1774 1388 1846 Quae
1412 1775 1503 1854 igitur
1528 1774 1616 1834 inhu-

254 1866 400 1940 manitas,
430 1883 506 1945 quae
531 1864 676 1938 stultitia,
705 1867 797 1927 menti
827 1885 912 1927 suum
937 1865 1070 1928 invidere
1094 1866 1250 1927 honestum
1274 1865 1429 1941 gaudium,
1463 1863 1557 1924 oculis
1586 1873 1617 1923 et

254 1954 376 2017 auribus
408 1973 466 2015 uou
504 1953 663 2015 invidere?
717 1954 830 2016 Rerum
861 1964 989 2016 naturae
1026 1964 1192 2036 repugnat,
1232 1955 1281 2033 qui
1317 1973 1384 2015 curn
1418 1953 1464 2014 his
1502 1959 1620 2033 pugnat

253 2042 499 2106 recreationibus.
554 2042 633 2104 Nam
666 2044 717 2122 qui
750 2043 823 2105 nihil
859 2043 887 2104 iu
923 2053 1062 2107 usturam
1093 2043 1277 2116 introduxit,
1312 2041 1442 2104 Creator
1474 2040 1615 2120 optimus,

254 2132 301 2193 cui
338 2150 396 2194 nou
437 2152 502 2193 cum
539 2132 577 2192 ad
615 2133 847 2206 necessitatem,
895 2142 959 2195 tum
995 2135 1034 2194 ad
1071 2132 1322 2214 pulchritudinem
1361 2143 1391 2192 ct
1430 2131 1617 2210 voluptatem

254 2221 371 2283 abunde
395 2219 606 2300 prospexerit:
630 2221 657 2282 is
673 2230 803 2283 ruentem
816 2219 954 2305 hominis,
980 2222 1073 2283 totius
1087 2231 1214 2284 naturae
1231 2221 1390 2292 dominam,
1418 2238 1502 2280 suam
1523 2217 1617 2298 ipsius

253 2310 422 2389 imaginem,
449 2310 543 2370 solam
567 2310 649 2370 uulla
673 2311 827 2388 voluptate
851 2307 1011 2371 beaverit?
1049 2311 1111 2372 Imo
1132 2309 1174 2371 nti
1195 2329 1250 2370 uon
1273 2309 1453 2389 quaerimus,
1479 2328 1537 2387 qua
1561 2326 1615 2387 spe

253 2398 400 2460 commodi
415 2398 553 2460 cantillet
574 2399 701 2473 avicula,
728 2419 793 2460 cum
813 2399 942 2460 sciamus
958 2399 1058 2460 inesse
1073 2400 1258 2479 voluptatem
1275 2399 1303 2458 iu
1319 2407 1418 2466 cantu,
1443 2406 1614 2475 propterea,

255 2488 326 2569 quia
349 2487 388 2548 ad
413 2498 533 2550 cantum
557 2488 649 2551 istum
673 2490 757 2551 facta
779 2496 847 2550 est:
873 2489 917 2550 ita
939 2507 994 2550 uec
1014 2489 1069 2550 hoc
1084 2489 1372 2568 quaerendum,·t·ur
1387 2506 1470 2547 meus
1486 2487 1617 2546 humana

252 2586 371 2639 tautum
392 2584 493 2639 sumat
516 2577 628 2639 laboris
652 2577 681 2638 iu
704 2577 911 2657 perquirendis
930 2576 1011 2639 hisce
1027 2578 1177 2640 coelorum
1197 2577 1326 2638 arcanis.
1364 2576 1422 2637 Est
1445 2575 1523 2636 enim
1549 2574 1615 2634 ideo

252 2685 337 2728 mens
361 2665 505 2745 adjuncta
534 2666 671 2727 sensibus
700 2667 739 2727 ab
763 2664 879 2745 Opifice
907 2673 1030 2740 nostro,
1065 2687 1121 2728 uon
1147 2676 1262 2727 tautum
1288 2677 1318 2725 ut
1343 2658 1383 2724 se
1401 2665 1496 2743 ipsum
1527 2662 1615 2722 horno

252 2762 447 2829 sustentaret,
473 2755 551 2835 quod
575 2755 663 2834 longe
688 2755 829 2817 solertius
852 2763 980 2835 possunt
1003 2755 1049 2816 vel
1074 2755 1180 2816 brutae
1200 2756 1309 2815 mentis
1330 2753 1495 2814 ministerio
1520 2751 1616 2812 multa

253 2844 449 2907 animantium
473 2862 603 2923 genera:
628 2844 684 2904 sed
707 2844 808 2918 etiam,
833 2853 866 2904 ut
889 2844 927 2905 ab
951 2843 997 2918 iis,
1023 2863 1108 2923 quae,
1134 2845 1211 2923 quod
1235 2844 1310 2917 sint,
1337 2843 1429 2903 oculis
1453 2841 1613 2912 cernimus,

253 2932 294 2994 sd
316 2952 425 2995 causes
449 2951 540 3011 quare
564 2933 626 2994 sint
648 2941 681 2994 et
703 2935 792 3007 liant,
817 2932 1084 2994 contenderemus:
1110 2933 1245 3012 quamvis
1270 2932 1341 2993 nihil
1366 2931 1446 2993 aliud
1471 2929 1615 2992 utilitatis

252 3021 323 3085 iude
346 3039 532 3100 caperemus.
578 3023 681 3102 Atque
705 3023 781 3083 adeo
806 3029 840 3083 ut
863 3021 1006 3083 animalia
1029 3031 1148 3096 cetera,
1171 3040 1339 3103 corpusque
1364 3021 1522 3082 humanum
1546 3017 1614 3080 cibo

252 3116 386 3191 potuque
409 3117 639 3172 sustententur:
673 3111 717 3173 sio
740 3109 856 3172 animus
881 3110 945 3189 ipse
974 3109 1122 3185 bominis,
1152 3110 1303 3173 diversum
1327 3110 1468 3189 quiddam
1493 3109 1531 3169 ab
1557 3108 1614 3169 bo-

252 3197 391 3272 mine⁰),
425 3206 603 3278 vegetatur,
634 3209 780 3279 augetur,
811 3206 843 3260 et
875 3198 1024 3261 adolescit
1056 3200 1274 3279 quodammodo
1304 3197 1485 3277 cognitionis
1514 3195 1613 3258 isthoc

251 3286 382 3368 pabulo:
414 3296 589 3368 mortuoque
614 3307 704 3368 quam
725 3288 794 3349 vivo
819 3288 945 3350 similior
965 3296 1027 3359 est,
1056 3288 1081 3348 si
1105 3287 1211 3350 harum
1235 3309 1331 3350 rerum
1357 3285 1506 3349 desiderio
1531 3285 1613 3348 nullo

253 3376 397 3455 tangitur.
437 3373 538 3446 Quare
563 3377 606 3439 uti
629 3387 756 3441 naturae
778 3377 970 3456 providentia
991 3376 1131 3456 pabulum
1157 3377 1359 3439 animantibus
1384 3394 1532 3455 nunquam
1558 3374 1613 3436 de·

253 3465 334 3527 licit:
367 3463 412 3525 ita
439 3484 496 3527 nou
521 3466 669 3528 immerito
693 3466 792 3528 dicere
816 3484 988 3544 possumus,
1017 3474 1180 3545 propterea
1207 3474 1323 3527 tanturn
1347 3465 1375 3525 iu
1402 3465 1490 3525 rebus
1515 3464 1614 3525 inesse

251 3554 451 3628 varietatem,
481 3564 602 3635 tamque
630 3555 802 3616 reconditos
826 3555 854 3616 iu
880 3556 1029 3616 coelorum
1054 3555 1169 3616 fabrica
1193 3556 1369 3626 thesauros,
1401 3562 1432 3613 ut
1462 3571 1614 3632 uunquam

252 3642 375 3705 deesset
398 3643 545 3706 humanae
569 3645 662 3705 menti
687 3662 790 3705 recens
814 3643 969 3724 pabulum,
1000 3663 1036 3704 ne
1061 3643 1215 3705 fastidiret
1237 3644 1418 3716 obsoletum,
1445 3661 1500 3702 neu
1525 3642 1613 3723 quie-

254 3743 366 3806 sceret,
396 3732 450 3793 sed
474 3732 600 3794 haberet
624 3733 652 3794 iu
677 3733 732 3793 hoc
756 3734 865 3794 mundo
888 3740 1065 3813 perpetuam
1090 3732 1248 3794 exercendi
1273 3733 1316 3793 sui
1341 3731 1503 3793 cilicinam.
1518 3728 1546 3803 d)

340 3821 445 3899 licque
470 3839 540 3882 vero
565 3821 669 3883 harum
694 3822 856 3901 epularum,
882 3842 956 3901 quas
980 3841 1017 3882 ex
1038 3822 1187 3883 ditissimo
1204 3819 1377 3884 Conditoris
1400 3839 1479 3899 penu
1504 3821 1533 3880 iu
1559 3819 1616 3880 leue

253 3908 354 3970 libello
379 3909 506 3971 velutin
528 3929 633 3972 mensa
648 3911 800 3989 depromo,
824 3920 986 3990 propterca
1005 3911 1100 3972 minor
1119 3919 1168 3972 est
1183 3910 1335 3984 nobilitas,
1352 3910 1431 3989 quod
1449 3930 1469 3970 a
1484 3909 1616 3971 maxima

253 3997 333 4075 tulgi
358 4009 444 4074 parte
469 3999 517 4060 vel
548 4018 606 4059 uon
633 3999 849 4078 gustabuntur,
881 4000 928 4060 vel
958 4009 1144 4079 respuentur.
1192 4000 1340 4063 Auserem
1363 3998 1489 4060 laudaut
1512 3999 1616 4078 plures

253 4102 341 4164 quam
364 4086 558 4165 phasianum,
588 4089 658 4167 quis
682 4088 731 4149 ille
756 4088 918 4149 communis
942 4099 1004 4160 est,
1037 4089 1094 4149 iste
1118 4088 1222 4150 rarior.
1271 4089 1375 4167 Neque
1399 4096 1500 4149 tarueu
1524 4087 1615 4150 ullius

252 4173 349 4253 Apitii
372 4175 494 4253 palatus
518 4177 594 4237 huuc
618 4177 661 4238 illi
685 4186 858 4256 postponet.
898 4175 948 4238 Sic
972 4177 1058 4255 hujus
1079 4177 1228 4256 materiae,
1249 4178 1382 4257 dignitas
1406 4186 1492 4239 tauto
1517 4177 1615 4255 major

252 4262 327 4336 erit,
353 4282 411 4342 quo
435 4264 591 4342 pauciores
613 4266 796 4339 laudatores,
822 4265 1026 4343 intelligentes
1046 4267 1134 4327 modo
1154 4267 1225 4339 sint,
1250 4267 1388 4345 reperiet.
1423 4265 1492 4327 Nou
1507 4267 1616 4327 eudem

252 4351 340 4430 vulgo
364 4353 546 4415 conveniunt
573 4363 603 4414 et
633 4355 837 4432 principibus:
870 4373 965 4433 neque
996 4355 1070 4416 haec
1100 4356 1247 4417 coelestia
1274 4356 1443 4436 promiscue
1471 4356 1615 4427 omnium,

252 4441 305 4502 sed
329 4441 468 4519 generosi
493 4442 601 4502 saltem
625 4442 716 4504 animi
739 4444 880 4521 pabulum
904 4452 992 4505 suut:
1017 4462 1077 4505 uou
1097 4462 1163 4505 meo
1185 4454 1256 4506 voto
1281 4445 1327 4506 rel
1349 4462 1450 4524 opera,
1475 4464 1536 4507 nou
1558 4463 1616 4505 sua

251 4537 368 4601 natura,
393 4547 451 4590 nou
467 4529 523 4591 Dei
544 4530 664 4605 invidia,
690 4532 743 4593 sed
767 4532 958 4611 plurimorum
983 4532 1134 4594 hominum
1150 4533 1199 4594 rel
1215 4533 1394 4613 stupiditate
1413 4533 1459 4592 rel
1480 4533 1613 4612 ignaria.

251 4616 358 4679 Solent
382 4618 532 4697 principes
561 4619 663 4699 aliqua
686 4621 787 4698 magri
810 4620 899 4701 pretii
923 4621 1002 4682 iuter
1027 4623 1175 4687 secundus
1201 4622 1311 4684 habere
1335 4640 1473 4696 mensas,
1506 4621 1615 4702 quibus

250 4715 374 4769 utantur
397 4726 456 4767 nou
480 4708 537 4769 uisi
560 4710 664 4783 saturi,
690 4710 810 4771 levandi
826 4710 942 4771 fastidii
957 4729 1059 4771 causa
1097 4709 1150 4772 Sic
1172 4710 1246 4773 baec
1267 4720 1298 4773 et
1322 4711 1488 4790 squamati
1512 4710 1616 4773 studia

249 4796 483 4879 generosissimo
506 4805 539 4859 et
561 4796 786 4880 sapientissimo
810 4798 915 4881 cuique
939 4807 1002 4861 tum
1029 4799 1150 4862 demum
1174 4800 1309 4882 sapient,
1341 4800 1391 4863 ubi
1419 4820 1435 4862 e
1464 4819 1539 4863 cesa
1561 4817 1616 4883 per
