3428 5542
535 325 540 335 ·
652 317 815 370 nonarum.
919 276 926 283 ⁸
1367 316 1410 387 49

57 475 140 535 dicos
165 493 268 545 novos,
293 475 337 537 uti
361 494 412 536 eos
435 475 506 536 mihi
529 493 653 555 praeses
677 476 895 541 ordinariorum
919 478 984 556 (qui
1007 478 1035 539 in
1056 477 1244 540 dedicatione
1266 478 1410 542 nominati

57 568 142 632 sunt)
167 563 260 625 frater
284 564 365 625 illius
380 564 531 642 capitanei
549 564 653 625 itidem
672 582 726 646 pro
742 565 855 646 aliquot
869 560 1078 631 nativitatibus
1093 568 1170 628 dono
1185 567 1277 629 dedit.
1309 567 1410 630 Nolim

56 660 157 713 autem
179 661 309 725 metuas,
334 660 368 713 nt
390 653 486 714 minus
509 653 594 714 dives
618 672 675 732 ego
698 655 776 715 fiam.
814 655 892 715 Nam
909 655 1075 734 hujusmodi
1090 654 1216 736 aucupia
1238 674 1307 718 rara
1329 666 1408 720 sunt.

56 738 215 816 Quamvis,
240 740 267 803 si
280 741 363 802 Dens
379 741 501 803 cuilibet
516 742 635 804 animali
655 743 738 806 dedit
756 743 955 805 instmmenta
974 744 1054 805 vitae
1078 745 1308 820 conservandae,
1334 764 1409 826 quae

56 829 170 891 invidia
193 838 251 902 est,
276 831 302 892 si
325 831 430 895 eodem
453 832 576 893 consilio
602 839 772 893 astronomo
796 832 932 913 adjungit
955 832 1170 912 astrologiam?
1206 833 1285 895 Illud
1309 834 1410 914 itaque

55 919 196 998 poculum
219 917 386 998 Schillingo
410 927 513 981 nostro
535 920 703 1000 propinavi,
728 920 772 982 uti
795 921 860 984 loco
884 930 936 984 tuo
959 923 1168 1001 responderet,
1192 940 1354 1004 precorque
1376 930 1410 986 ut

57 1027 150 1068 sanus
174 1015 206 1069 et
228 1017 354 1087 vegetus
377 1016 410 1069 et
433 1009 496 1087 ipse
520 1010 712 1089 respondeas.

147 1095 210 1159 Sed
234 1098 273 1160 ad
297 1096 429 1159 libellum
452 1117 548 1159 meum
572 1099 671 1160 redeo.
718 1097 813 1161 Estne
837 1098 987 1160 sufficiens
1017 1099 1072 1161 hoc
1096 1118 1134 1160 ex
1155 1098 1330 1162 infelicitate
1353 1099 1409 1161 de-

57 1186 179 1248 ductnm
194 1195 409 1266 argumentum,
434 1187 589 1248 materiam
606 1188 714 1249 falsam
730 1188 822 1250 esse?
853 1188 903 1249 An
922 1206 1036 1267 poenas
1060 1188 1108 1250 luo
1127 1187 1270 1266 juvenilis
1286 1188 1409 1250 temeri·

57 1274 131 1337 tatis
155 1284 187 1338 et
208 1277 370 1338 affectatae
401 1276 551 1355 pompae?
597 1276 747 1358 Tychonis
776 1286 857 1338 certe
884 1276 1016 1338 rationes
1047 1296 1095 1338 me
1127 1275 1201 1338 nihil
1229 1283 1351 1338 movent
1376 1284 1411 1338 nt

56 1364 200 1428 dubitem.
238 1365 317 1427 Nam
339 1364 397 1426 etsi
420 1364 538 1426 vitiosis
563 1365 756 1427 abscessuum
779 1365 1020 1445 proportionibus
1044 1362 1241 1446 eCopernico
1265 1365 1410 1428 desumtis

57 1455 107 1526 (ut
140 1473 177 1515 ex
212 1454 277 1535 ipso
308 1453 461 1532 intelligo)
493 1454 756 1533 superaedificavi:
799 1453 903 1514 vitium
937 1461 1037 1516 tamen
1069 1455 1149 1516 inest
1179 1453 1409 1536 particularibus

54 1543 198 1618 motibus,
223 1543 271 1625 qui
287 1541 425 1622 exiguam
439 1542 569 1604 inferunt
583 1543 771 1604 varietatem.
805 1542 940 1604 Veniant
962 1544 993 1604 in
1016 1544 1111 1605 lucem
1133 1542 1199 1623 ejus
1222 1543 1410 1606 narrationes

59 1632 209 1694 coelestes
217 1651 226 1705 ;
253 1631 414 1693 videbitur.
460 1632 566 1694 Placet
589 1632 713 1713 optime,
738 1631 958 1712 deprehendere
983 1630 1079 1713 ipsum
1103 1632 1303 1708 observando,
1332 1632 1410 1712 quod

59 1739 115 1801 ego
139 1720 345 1783 ratiocinando
369 1720 561 1800 collegeram,
595 1729 744 1802 praeter
772 1721 965 1783 circuitum
995 1721 1093 1783 circa
1119 1720 1268 1783 eundem
1291 1719 1410 1783 Solem

59 1809 153 1871 nihil
177 1810 254 1871 iere
282 1809 449 1888 pluribus
476 1811 639 1889 planetis
667 1829 846 1872 commune
874 1828 953 1872 esse
978 1810 1117 1872 debere.
1166 1809 1271 1890 Itaque
1295 1828 1410 1872 rursum

59 1899 177 1979 gestio:
208 1898 289 1960 Veni
313 1898 415 1979 Tycha
444 1906 475 1960 et
496 1899 557 1960 noli
581 1900 712 1961 tardare.
759 1898 915 1978 Deponam
938 1906 1038 1961 autem
1062 1898 1141 1978 apud
1163 1908 1194 1961 te
1218 1917 1314 1961 meam
1338 1915 1409 1978 spe·

59 1986 250 2064 colationem,
275 1996 309 2050 ut
327 1988 423 2068 judex
446 1989 498 2060 sis,
522 2008 560 2049 an
584 1989 743 2050 conveniat
767 2007 832 2049 cum
847 1988 997 2070 Tychone,
1023 1987 1048 2049 si
1071 1988 1097 2049 is
1119 1988 1255 2063 prodeat.
1292 1986 1412 2068 Jupiter

59 2078 152 2138 debet
174 2077 283 2138 habere
308 2077 546 2139 mediocritatem
570 2077 599 2138 in
624 2078 739 2139 duabus
761 2086 861 2138 motus
889 2077 1080 2156 particularis
1109 2077 1320 2159 qualitatiboS,
1349 2074 1411 2139 Sa·

60 2173 166 2228 turnus
188 2185 344 2227 excessum
366 2166 397 2226 in
420 2185 489 2240 una,
514 2167 664 2228 defectum
686 2167 715 2229 in
740 2167 850 2240 altera,
874 2166 959 2228 Mars
982 2166 1121 2246 opposito
1144 2167 1232 2227 modo
1256 2184 1412 2228 excessum

61 2255 109 2316 vel
135 2254 306 2328 delectum
330 2263 392 2316 tres
416 2255 584 2335 superiores
608 2255 718 2318 debent
741 2255 800 2317 alin
824 2255 853 2316 in
877 2273 985 2336 genere
1004 2255 1160 2335 qualitatis
1175 2254 1299 2330 versari,
1324 2273 1413 2334 quam

57 2345 116 2406 dno
142 2344 307 2408 inferiores.
355 2344 459 2405 Venus
483 2344 573 2406 debet
600 2345 629 2405 in
659 2344 720 2407 suis
747 2353 846 2407 motus
877 2343 1074 2424 qualitatibus
1102 2364 1169 2407 esse
1200 2344 1339 2427 opposita
1361 2341 1412 2406 uui
1477 2340 1481 2349 ’

57 2434 220 2507 Mercurio,
244 2443 278 2494 ut
291 2432 410 2513 Jupiter
425 2432 557 2495 Saturno
576 2443 608 2495 et
621 2433 713 2496 Marti
737 2434 834 2496 simul.
866 2432 936 2494 Jam
955 2451 1031 2512 quae
1054 2434 1091 2494 de
1114 2434 1308 2513 ampliatione
1331 2431 1413 2508 orbis

58 2524 147 2585 annui
169 2523 253 2596 dicit,
278 2531 395 2583 tantum
418 2521 516 2594 abest,
541 2530 574 2583 ut
596 2542 644 2583 me
668 2524 840 2585 absterreat
856 2542 875 2582 a
889 2520 1056 2601 Cepernico
1081 2522 1144 2595 (vel
1159 2523 1251 2584 etiam
1266 2520 1319 2584 ab
1342 2539 1411 2583 cor-

60 2612 206 2690 poribus),
232 2618 266 2672 ut
285 2611 386 2690 potius
401 2630 454 2673 suo
469 2611 565 2693 ipsum
580 2611 749 2699 Tychonem
772 2609 874 2693 gladio
898 2610 985 2672 ferire
1009 2610 1145 2673 mediter.
1179 2609 1278 2682 Quid?
1302 2628 1411 2691 ergone

64 2709 110 2769 tot
130 2699 310 2762 monstrosis
335 2701 464 2763 motibus
488 2709 554 2763 tota
576 2701 670 2762 moles
694 2700 713 2765 5
732 2701 921 2780 planetarum
939 2719 998 2761 nna
1015 2719 1081 2762 cum
1096 2698 1177 2775 Sole,
1202 2708 1303 2761 cerrtm
1326 2699 1410 2780 ipso·

61 2809 140 2865 rom,
177 2788 328 2851 volvitur?
374 2787 495 2859 Quanto
524 2789 641 2851 facilius
669 2790 751 2852 credi
777 2796 881 2869 potest
904 2785 1088 2867 Copemico,
1122 2789 1216 2851 solius
1247 2789 1278 2849 id
1301 2788 1412 2850 Terrae

55 2887 138 2941 motu
171 2878 256 2939 tieri:
290 2897 356 2939 eum
387 2879 477 2940 iidem
510 2877 645 2958 utrinqne
674 2878 734 2939 sint
762 2880 896 2941 effectus.
943 2876 1004 2939 Sed
1029 2878 1098 2958 quid
1127 2876 1285 2957 egotibi?
1330 2874 1411 2947 Quid

56 2967 217 3050 Tychoni?
262 2966 391 3029 Dubium
416 2986 473 3028 non
506 2974 571 3040 est,
605 2967 674 3047 quin
702 2967 767 3048 ipse
798 2968 854 3029 hoc
884 2966 1045 3045 intelligat.
1091 2964 1212 3046 Ergone
1236 2966 1333 3028 solum
1355 2965 1411 3027 has

56 3055 191 3118 rationes
209 3055 313 3128 habet,
337 3075 410 3135 quas
427 3054 592 3135 Cepernico
608 3058 764 3137 opponat?
795 3059 845 3119 An
869 3056 967 3136 major
989 3055 1036 3117 his
1058 3055 1223 3118 rationibus
1241 3055 1288 3118 vis
1311 3054 1410 3129 inerit,

56 3145 108 3206 ubi
133 3145 160 3204 in
186 3144 387 3205 fundamentis
410 3145 472 3206 suis
496 3153 527 3207 et
549 3146 732 3208 sufficienter
749 3145 1038 3209 considerabuntur?
1070 3146 1105 3207 Id
1120 3145 1221 3226 utique
1235 3143 1410 3206 videbimus.

56 3231 149 3296 Certe
174 3233 253 3314 quod
277 3232 364 3308 dicit,
388 3252 422 3294 se
445 3234 475 3295 in
495 3233 573 3296 meis
598 3234 694 3296 literis
717 3234 850 3297 rationes
874 3235 1009 3308 dedisse,
1034 3235 1146 3297 nullam
1169 3233 1284 3314 reperio
1307 3239 1412 3295 contra

54 3330 169 3384 motum
194 3323 319 3395 Terrae,
350 3341 439 3403 quam
467 3321 635 3384 absolutam
664 3324 854 3403 negationem
883 3334 914 3385 et
942 3323 1048 3384 deinde
1076 3316 1231 3406 physicam
1254 3322 1410 3396 rationem,

56 3431 146 3492 quarn
170 3421 202 3474 tu
227 3410 408 3474 sufficienter
431 3411 580 3474 refutasti.
618 3412 696 3473 lllud
720 3412 796 3474 forte
821 3414 880 3475 uirn
900 3413 1030 3493 aliquam
1048 3413 1182 3474 obtinere
1200 3410 1308 3491 possit,
1334 3411 1412 3492 qnod

55 3512 178 3563 auctam
202 3521 269 3563 esse
292 3501 402 3563 Martis
425 3500 679 3563 eccentricitatem
704 3502 909 3582 deprehendit.
957 3500 1014 3563 Cui
1037 3501 1148 3563 rationi
1176 3500 1235 3562 dno
1258 3500 1332 3561 haec
1356 3498 1412 3561 ob-

49 3590 136 3671 jicio.
185 3591 318 3652 Primum
340 3599 458 3652 veteres
482 3588 738 3652 eccentricitatem
762 3592 870 3653 Martis
894 3609 930 3652 eo
954 3591 1041 3652 modo
1064 3589 1302 3668 investigarunt,
1327 3606 1413 3669 quem

53 3681 121 3760 ipse
147 3679 374 3741 insufficientem
399 3679 482 3741 dicit.
528 3677 656 3740 Dubites
679 3679 784 3759 igitur,
815 3700 854 3741 an
877 3679 981 3741 vitium
1009 3679 1038 3740 in
1068 3679 1165 3740 veteri
1188 3677 1412 3739 eccentricitate

54 3769 155 3832 insit?
188 3768 304 3829 Deinde
320 3766 502 3847 Copemicns
522 3766 652 3846 duoysra,
676 3787 734 3829 non
756 3766 865 3848 ἀφηλια
889 3767 1083 3849 computavit,
1109 3767 1159 3829 ille
1179 3767 1309 3827 fortasse
1329 3783 1412 3826 com-

54 3857 178 3939 putabit
192 3856 311 3935 dqqlra.
345 3856 475 3918 Videtur
493 3857 570 3918 enirn
591 3858 693 3936 vigore
711 3857 921 3940 hypothesium
944 3875 1065 3918 suarum
1089 3856 1143 3917 hoc
1168 3855 1266 3921 lacere
1292 3853 1412 3916 debere.

56 3947 160 4010 Valde
184 3947 262 4007 enim
285 3945 443 4007 absurdum
466 3954 558 4021 esset,
583 3946 609 4007 si
631 3957 774 4027 punctum
798 3946 919 4028 aliquod
941 3946 971 4007 in
993 3943 1104 4007 vicinia
1126 3942 1208 4006 Solis
1230 3961 1284 4023 pro
1309 3952 1412 4005 centro

56 4032 78 4099 5
102 4034 292 4117 planetarum
316 4043 494 4096 assumeret.
539 4035 629 4097 Adde
653 4044 684 4097 et
707 4037 793 4107 illud,
818 4036 896 4116 quod
919 4043 1032 4097 certum
1056 4033 1174 4096 omnino
1198 4032 1253 4108 sit,
1278 4043 1413 4096 centrum

57 4122 79 4186 5
103 4123 220 4186 orbium
243 4123 301 4202 ipsi
330 4142 387 4184 non
417 4122 584 4204 aequaliter
612 4124 692 4186 circa
715 4126 838 4188 Terram
865 4126 921 4198 ire,
956 4143 1022 4187 cum
1051 4122 1211 4205 aliquando
1239 4122 1414 4203 ampliorem

55 4213 213 4295 periodum
236 4212 334 4272 lacere
358 4212 484 4286 debeat,
510 4213 670 4293 aliqnando
694 4215 905 4294 angustiorem.
953 4214 988 4276 Id
1011 4213 1089 4275 enim
1112 4230 1236 4274 necesse
1260 4222 1309 4274 est
1331 4211 1414 4274 illum

56 4313 192 4365 statuere
222 4301 261 4362 ad
283 4300 366 4362 illam
390 4301 588 4364 differentiam
620 4299 656 4364 1⁰
676 4298 731 4364 45⁴
754 4302 784 4364 in
808 4304 907 4364 Marte
930 4302 1159 4382 producendam.
1206 4302 1312 4383 ltaque
1335 4318 1413 4361 non-

56 4394 129 4456 dum
152 4410 199 4454 me
227 4400 330 4452 movet
352 4391 426 4453 haec
450 4391 538 4454 ratio.
586 4392 620 4452 In
645 4391 850 4454 librationibus
878 4392 961 4471 globi
979 4391 1090 4453 Terrae
1115 4399 1146 4453 et
1168 4390 1285 4454 ratione
1309 4388 1414 4469 aequi·

55 4480 224 4545 nautiorum
237 4477 437 4561 suspicionem
452 4480 571 4561 quidem
590 4480 664 4543 iacit
686 4480 810 4561 alicujus
834 4480 1021 4556 incommodi,
1046 4481 1100 4543 sed
1114 4479 1187 4542 nihil
1207 4488 1310 4559 aperte
1330 4476 1412 4540 dicit.

55 4571 124 4652 Ego
148 4588 219 4631 vero
244 4589 302 4632 non
326 4570 432 4632 terreri
455 4570 508 4631 sed
533 4570 633 4631 doceri
657 4570 735 4631 volo.
780 4569 1017 4632 Immensitatem
1040 4571 1136 4632 solam
1160 4567 1261 4643 habet,
1286 4585 1345 4646 qua
1367 4585 1414 4627 me

56 4679 118 4723 non
141 4658 334 4721 mediocriter
357 4667 466 4721 movet.
514 4657 577 4720 Sed
600 4679 654 4721 nos
677 4659 786 4721 mundo
811 4661 930 4740 quidem
951 4658 1038 4740 parvi
1061 4677 1176 4732 snmus,
1201 4655 1326 4717 mundus
1349 4655 1415 4715 Deo

55 4769 117 4812 non
142 4756 190 4810 est
214 4766 351 4828 magnus.
388 4749 432 4810 Et
454 4756 523 4811 sunt
544 4748 677 4810 rationes
696 4748 910 4811 immensitatis
933 4747 1023 4810 illius.
1060 4747 1163 4823 Etiam
1187 4744 1216 4806 in
1240 4746 1295 4807 hoc
1317 4743 1414 4806 minus

56 4857 173 4920 aequus
192 4836 322 4913 videtur,
348 4837 425 4921 quod
438 4837 590 4920 postulat:
616 4837 742 4901 eandem
760 4838 825 4902 dari
847 4837 1069 4919 proportionem
1092 4835 1274 4917 quiescentis
1297 4842 1329 4897 et
1349 4851 1415 4895 mo·

110 4941 202 4992 untur
216 4941 286 4991 open
298 4942 315 4982 1.
1185 4936 1202 4988 4
