3428 5542
676 338 685 370 ί
767 293 879 358 Mystarr'l
899 297 1098 364 cosmographias

464 451 631 514 Adamides
656 473 751 514 rerum
778 476 864 517 curas
889 459 1006 537 agitare
1030 463 1175 524 suarum?

464 540 603 620 Respicis
627 543 819 619 immeritum,
844 548 929 608 vehis
954 548 982 609 iu
1007 550 1150 621 sublime,
1173 552 1305 615 Deorum

464 630 591 690 Tantum
617 653 673 692 unu
698 653 792 710 genus
817 646 877 706 est,
904 645 1005 697 tantos
1030 639 1149 718 largiris
1175 641 1336 714 bonores,⁴

463 717 713 800 Magnificnruque
739 732 829 802 caput
854 724 948 803 cingis
974 727 1159 802 diademate,
1185 729 1301 807 Regem

463 805 689 888 Constituisque
713 831 802 890 super
820 832 965 876 ¹manuum
990 828 1181 878 monumenta
1204 827 1332 881 tuarum.

463 893 551 965 Quod
576 916 667 977 supra
690 909 781 977 caput
805 911 867 975 est,
893 921 1017 979 magnos
1041 924 1105 966 cum
1130 908 1258 969 motibus
1283 909 1385 985 orbes,

462 983 592 1062 Subjicis
618 988 756 1065 ingenio:
782 990 920 1070 quiequid
945 993 1063 1054 Tellure
1087 1005 1220 1069 creatur,

460 1073 573 1134 Natum
598 1077 696 1153 operis
720 1096 810 1154 pecus
836 1090 925 1159 atque
951 1081 1011 1141 arie
1037 1085 1220 1146 fumantibus
1245 1094 1361 1163 aptum,

461 1158 604 1241 Quaeque
629 1165 769 1226 habitant
792 1167 886 1229 silvas
910 1170 1090 1249 reliquarum
1114 1175 1217 1234 saecla
1242 1175 1387 1249 ferarum,

460 1247 606 1331 Quodque
630 1272 739 1331 genus,
766 1258 916 1329 volueres,
944 1260 1058 1322 levibus
1084 1262 1155 1322 ferit
1178 1271 1252 1324 aera
1275 1266 1395 1341 pennis,

459 1336 576 1417 Quique
602 1342 692 1402 maris
718 1353 834 1404 tractus
859 1355 983 1408 tranant
1007 1357 1038 1409 et
1062 1351 1196 1422 tlurnina,
1221 1353 1334 1430 pisces,

460 1426 557 1488 Ourna
577 1431 666 1508 jubes
692 1449 825 1508 premere
850 1434 973 1514 imperio
999 1439 1163 1518 dextraque
1188 1441 1316 1517 potenti.

502 1585 582 1647 Jova
605 1597 689 1650 sator
713 1591 831 1665 Mundi,
858 1603 1049 1676 nostrumque
1074 1607 1200 1659 aeterna
1222 1608 1361 1678 potestas

459 1672 581 1748 Quanta
605 1685 656 1741 tua
681 1688 728 1743 est
753 1700 869 1745 ornnem
895 1685 1050 1748 Terrarum
1076 1687 1155 1748 fania
1180 1708 1233 1771 per
1256 1687 1379 1751 orbem?

581 1949 625 2013 IN
650 1950 789 2017 CAPUT
814 1955 1052 2019 VICESlMUM
1075 1958 1263 2022 TERTIUM

771 2080 884 2132 NOTAE
904 2081 1080 2134 AUGTORlS.
1180 2095 1197 2128 κ

325 2174 355 2249 a)
376 2182 436 2237 Non
460 2193 552 2241 tamen
576 2189 670 2243 statim
696 2193 729 2244 de
753 2193 945 2261 conjunctione
971 2192 1086 2245 omnium
1111 2193 1286 2261 planetarum
1311 2193 1362 2245 sub
1382 2194 1478 2246 eodem
1502 2191 1608 2245 zodiaci

243 2260 334 2330 gradu
349 2265 510 2322 concludere
526 2286 681 2336 possumus:
708 2273 815 2335 sufficit,
841 2273 863 2324 si
879 2273 978 2325 saltem
999 2273 1025 2325 in
1040 2289 1143 2342 genere
1164 2273 1247 2326 tuerit
1261 2274 1357 2343 aliqua
1378 2272 1539 2327 harmonica
1553 2272 1607 2324 dis·

236 2340 344 2410 positio
366 2350 396 2396 et
417 2348 520 2400 zodiaci
541 2365 591 2416 per
612 2353 741 2419 planetas
763 2353 867 2414 divisio,
891 2355 913 2404 si
934 2371 986 2406 non
1007 2371 1040 2406 ex
1058 2355 1169 2415 Terrae,
1192 2361 1223 2406 at
1242 2354 1340 2406 saltem
1362 2371 1397 2406 ex
1413 2352 1485 2406 Solis
1501 2359 1607 2413 centro,

212 2449 215 2454 -
243 2419 305 2474 ride
320 2423 414 2477 Herm.
431 2427 479 2482 lib.
496 2430 542 2481 lv.
559 2447 619 2498 cap.
637 2432 662 2484 2.
679 2439 708 2484 et
724 2432 749 2484 3.

324 2501 353 2561 bl
376 2505 437 2558 Non
461 2510 565 2561 tolerat
580 2513 757 2574 astronomia,
784 2513 929 2581 supposita
953 2513 1125 2580 periodorum
1146 2513 1356 2583 aequabilitate,
1382 2520 1413 2565 ut
1428 2512 1606 2565 constellatio

244 2583 313 2637 haec
326 2586 485 2653 perficiatur
500 2592 588 2660 adque
604 2608 706 2644 meram
722 2592 907 2646 harmonicam
922 2592 1127 2660 dispositionem
1142 2594 1295 2663 redigatur.
1528 2671 1533 2682 1

307 2660 351 2741 ὀ)
375 2666 433 2719 Nec
457 2669 508 2722 hoo
531 2672 725 2735 necessarlum,
751 2692 800 2726 nec
823 2672 976 2725 auctoritas
992 2681 1114 2726 veterum
1140 2674 1229 2743 rigide
1251 2675 1377 2742 urgenda
1398 2676 1431 2724 de
1446 2678 1604 2724 creatione:

242 2744 334 2815 potnit
353 2747 423 2800 enim
447 2750 555 2820 frugum
579 2764 728 2821 proventus
750 2753 813 2817 (nou
837 2753 983 2806 creationis
1006 2748 1151 2815 memorial
1168 2769 1280 2806 causam
1301 2754 1375 2818 dare,
1401 2769 1448 2805 cur
1464 2751 1528 2805 anui
1543 2751 1604 2805 fluis

242 2832 389 2880 autumnus
413 2829 573 2883 haberetur.

323 2905 351 2970 d)
377 2910 446 2970 Quid
462 2911 483 2962 si
500 2929 533 2963 ne
549 2911 599 2963 hnc
615 2912 720 2981 quidem
728 2922 738 2965 ‘t
763 2915 824 2982 quid
846 2915 867 2965 si
884 2932 936 2966 non
954 2914 978 2965 ln
995 2913 1134 2966 absidibus
1155 2913 1240 2967 creati
1257 2913 1396 2980 planetae,
1422 2920 1453 2965 ut
1468 2911 1494 2963 in
1510 2919 1604 2964 extre·

243 2985 300 3048 mis,
316 2988 361 3040 nbi
378 2991 508 3059 aequatio
524 2992 610 3053 nulla,
626 2995 672 3044 sed
689 2993 714 3044 in
730 2994 877 3047 intervallo
893 2994 988 3053 medio,
1005 2995 1050 3048 ubi
1067 2994 1196 3063 aequatio
1213 2993 1355 3046 maxima?
1391 2991 1488 3061 ltaque
1508 3007 1604 3060 super·

242 3073 286 3120 est
301 3069 463 3123 exercitatio
486 3072 542 3124 ista
566 3073 709 3140 proposita
733 3076 855 3127 omuibus
880 3075 1096 3128 calculatoribus
1117 3073 1315 3130 astronomicis,
1340 3078 1370 3124 et
1389 3073 1474 3140 plena
1497 3071 1604 3140 quidem

242 3146 306 3216 piae
330 3151 516 3217 persuasionis
542 3154 574 3203 de
599 3160 659 3205 ortu
682 3155 820 3221 temporis.
864 3156 1027 3208 llaestliuus
1053 3157 1147 3223 aliqua
1171 3154 1297 3206 tentarit.
1341 3153 1441 3219 Accipe
1467 3160 1496 3204 et
1520 3167 1538 3203 a
1562 3170 1603 3204 rue

243 3226 333 3290 aliam,
360 3231 405 3282 ubi
430 3250 465 3285 ex
481 3239 576 3285 centro
591 3232 661 3284 Solis
687 3234 777 3287 onmia
801 3236 827 3287 in
844 3235 909 3287 locis
929 3236 1063 3305 oppositis
1088 3244 1116 3287 et
1132 3235 1283 3302 quadratis,
1308 3241 1337 3285 et
1362 3232 1469 3300 punctis
1494 3234 1602 3300 quidem

243 3309 440 3364 cardinalibus.

323 3392 456 3445 Currente
479 3400 543 3444 ante
569 3407 663 3444 acranr
686 3400 805 3446 nostram
829 3395 970 3463 vulgarem
995 3412 1066 3448 anno
1082 3394 1159 3448 3993
1174 3395 1285 3447 Juliano
1311 3401 1384 3446 retro
1407 3399 1534 3446 extenso.
1560 3392 1604 3480 die

243 3469 289 3524 24.
304 3472 369 3523 Julll
392 3474 426 3525 ad
442 3489 584 3541 vesperam
608 3471 755 3540 incipiente
777 3473 804 3524 in
820 3474 963 3528 Chaldaea
986 3476 1056 3529 feria
1071 3477 1199 3535 secunda,
1221 3476 1266 3527 Sol
1283 3482 1311 3526 et
1326 3475 1405 3526 Luna
1428 3472 1454 3523 in
1470 3472 1605 3561 principio

242 3551 332 3603 caueri
349 3570 434 3621 prope
449 3571 495 3606 cor
511 3553 605 3611 leonis,
632 3569 724 3606 omnes
740 3555 835 3605 Lunae
858 3566 946 3608 motus
971 3557 997 3609 iu
1013 3556 1213 3626 quadrantibus
1228 3562 1300 3615 sunt,
1325 3563 1355 3606 ut
1379 3558 1407 3603 et
1423 3569 1515 3642 ornnes
1540 3552 1604 3604 relr·

242 3630 300 3701 qui:
326 3632 460 3685 Saturnus
476 3643 504 3687 et
519 3631 669 3687 Mercurius
692 3651 785 3686 sersus
802 3634 889 3686 librae
907 3636 1019 3696 initium,
1044 3637 1161 3704 Jupiter,
1183 3636 1277 3687 Tellus
1294 3649 1389 3686 versus
1404 3648 1603 3722 capricornum1

241 3710 329 3773 Luua,
354 3713 437 3773 Mars,
463 3716 555 3766 Tenus
581 3730 675 3766 rersus
691 3731 827 3767 cancrum.
866 3716 895 3767 ln
912 3716 1046 3769 Mercurio
1069 3717 1209 3768 abundant
1226 3717 1332 3785 gradus
1349 3712 1462 3780 aliquot,
1488 3713 1535 3763 sed
1558 3729 1603 3802 qur

242 3792 361 3844 consumi
386 3802 498 3860 possunt
525 3793 584 3859 ejus
600 3794 765 3862 aequatione
790 3795 910 3848 manium
934 3796 1067 3853 ablativa,
1093 3796 1115 3847 si
1139 3798 1216 3847 rnodo
1239 3796 1308 3847 satis
1332 3792 1460 3862 cognitus
1476 3801 1518 3844 est
1542 3808 1603 3858 epus

227 3877 330 3935 ,motus
346 3873 456 3933 medius,
479 3881 509 3925 ut
525 3892 576 3925 non
591 3890 640 3942 per
655 3875 736 3942 hujus
758 3875 952 3928 correctionem
968 3883 1170 3928 consumantur.
1208 3877 1237 3927 ln
1253 3876 1361 3927 Tenere
1377 3872 1459 3923 etiam
1477 3873 1604 3924 abundat

241 3950 352 4019 aliquid,
378 3954 448 4020 quod
464 3953 629 4022 aequatione
653 3955 713 4007 tolli
736 3972 788 4007 uon
804 3963 905 4022 potest.
945 3956 1025 4009 Feria
1040 3957 1159 4007 secunda
1173 3963 1216 4008 est
1231 3953 1402 4012 firmamenti,
1430 3969 1601 4043 senespan·

241 4030 325 4085 aionis
341 4032 412 4085 inter
426 4050 511 4103 aquas
527 4041 556 4085 et
571 4051 670 4102 aquas;
686 4035 763 4104 quasi
780 4037 859 4088 orbes
876 4054 924 4088 seu
942 4037 1081 4104 planetae,
1098 4034 1234 4103 perhanc
1249 4035 1448 4103 expansionem
1465 4050 1505 4084 ire
1516 4050 1600 4099 jusu,

241 4110 336 4166 statim
351 4112 376 4164 in
393 4113 451 4181 ipso
467 4122 526 4165 ortu
543 4115 668 4182 expansi,
685 4116 825 4183 coeperint
841 4116 893 4178 ire,
909 4117 980 4169 t'eria
994 4134 1058 4168 vero
1074 4123 1174 4185 quarta
1188 4118 1294 4169 demum
1315 4120 1480 4167 exornatum
1497 4115 1602 4166 coelum

240 4192 372 4246 extimum
387 4195 457 4253 tisis,
474 4202 503 4246 et
516 4194 562 4247 Sol
578 4202 607 4246 et
621 4195 700 4249 Luna
715 4206 766 4249 etc.
782 4197 879 4249 ultima
895 4215 975 4249 rnanu
992 4197 1129 4265 imposita.
1140 4188 1176 4247 ⁸³l

321 4271 348 4335 e)
372 4276 480 4344 Dogana
501 4275 671 4328 innitebatur
692 4276 754 4329 huic
773 4283 804 4329 ut
824 4277 952 4344 primario
973 4278 1162 4329 fundamento:
1187 4277 1257 4345 quod
1283 4276 1354 4327 iuter
1370 4273 1450 4327 orbes
1465 4274 1602 4363 coelestes

241 4353 278 4408 sit
300 4355 441 4423 proportio
467 4355 527 4416 illa,
553 4372 624 4424 quae
648 4364 692 4407 est
716 4357 819 4409 orbium
843 4357 1070 4427 geometricorum
1100 4357 1263 4423 cujuslibet,
1295 4374 1329 4406 ex
1355 4355 1472 4424 quinque
1496 4353 1602 4443 tlgurrs.

241 4435 352 4488 lllarum
372 4434 442 4486 enirn
458 4443 576 4503 quatuor
595 4436 786 4504 proportiones
808 4446 870 4489 sunt
888 4437 1049 4493 ineffabiles,
1073 4455 1130 4493 seu,
1155 4444 1183 4488 ut
1208 4435 1251 4488 hic
1274 4453 1332 4487 curn
1350 4435 1434 4503 vulgo
1450 4433 1601 4523 appellavi.

241 4513 425 4568 irrationales.
468 4516 529 4567 Jnrn
551 4527 615 4567 vern
635 4516 841 4570 tundamentum
862 4519 913 4569 hoc
928 4517 1114 4576 refutavimus,
1136 4516 1200 4586 quia
1223 4515 1363 4584 proportio
1385 4514 1545 4565 coelestrum
1560 4529 1602 4565 or·

242 4593 314 4647 bium
337 4612 389 4646 non
410 4604 452 4645 est
472 4612 505 4645 ex
524 4595 589 4646 solis
611 4595 728 4664 quinque
748 4598 852 4666 figuris.
896 4599 1051 4657 Quaeritur,
1078 4596 1139 4665 quid
1158 4597 1218 4661 jam
1240 4611 1321 4663 porro
1345 4597 1377 4646 de
1398 4596 1448 4646 hnc
1472 4595 1603 4663 dogmate

242 4676 396 4731 tenendum,
413 4683 439 4724 et
456 4691 517 4726 num
533 4676 613 4727 detur
628 4675 722 4744 aliqua
738 4677 861 4745 perfecta
877 4677 1079 4746 apocatastasis
1095 4684 1215 4728 nrntuunr
1231 4675 1369 4727 omniumr
1412 4674 1488 4731 Dico,
1509 4689 1602 4742 quam·

241 4750 282 4804 ris
297 4753 348 4804 hoc
365 4754 542 4806 fundament-o
557 4755 679 4813 subruto,
701 4757 803 4809 nullam
819 4766 910 4825 tamen
927 4757 984 4809 dari
1005 4756 1223 4825 apocatastasin.
1268 4756 1295 4807 ld
1315 4755 1451 4842 probabo:
1492 4755 1603 4806 Certum

242 4831 329 4904 igitur
344 4840 394 4895 est,
418 4833 439 4885 si
456 4833 647 4902 proportiones
662 4837 762 4889 saltem
777 4836 975 4907 periodicoram
990 4844 1142 4905 temporum
1157 4842 1222 4889 sunt
1235 4835 1370 4897 affabiles,
1392 4835 1453 4886 dan
1469 4842 1603 4902 apocata-
