3428 5542
709 338 798 385 matra
814 331 913 387 unm
1426 330 1495 404 245

131 505 196 548 sum
223 504 339 568 qnoque
362 487 527 564 concludit,
561 491 639 569 quod
663 491 868 555 consideranti
897 492 986 555 facile
1010 501 1107 575 patet.
1152 493 1304 557 Numerus
1329 496 1495 576 quaeritur,

132 575 182 655 qui
206 575 323 658 legibus
347 576 502 657 imperatis
526 586 678 643 tractatus
702 588 819 645 certum
842 582 913 662 quid
939 582 1061 655 efficiat
1108 582 1263 664 Arripitnr
1287 584 1391 645 obvius
1406 584 1500 665 quis„

132 683 203 742 que,
237 673 386 730 tractatur
409 667 475 747 lege
499 667 656 747 imperata
683 670 708 731 si
734 671 811 751 quod
831 671 956 750 jubetur
979 671 1089 746 efficit,
1114 671 1198 751 ipsus
1219 678 1267 733 est
1291 671 1340 753 qui
1364 668 1499 753 quaer'sss'

130 753 234 829 batur,
259 755 305 817 sin
329 755 435 832 minus,
461 756 556 818 falsus
580 767 638 821 est.
684 759 750 821 Hoc
774 759 855 822 idem
878 759 908 822 in
925 761 1023 823 altero
1047 767 1192 835 tentatur,
1218 761 1335 840 utrique
1359 759 1437 840 inter
1458 780 1493 825 se

130 850 342 923 comparantur
369 853 401 906 et
423 852 614 926 utrorumque
644 856 787 927 peccata,
827 868 951 929 quornm
974 848 1084 911 iutuitu
1107 862 1197 911 verus
1220 848 1342 934 tandem
1365 849 1495 923 elicitur.

131 930 209 993 Huic
232 932 302 1011 quid
326 933 355 995 iu
379 935 590 996 astronomicis
614 937 831 1018 hypothesibus
855 938 953 1001 simile
977 938 1027 1013 sit,
1053 938 1160 999 iisdem
1182 938 1340 1000 verborum
1354 938 1493 1019 vestigiis

131 1020 241 1083 dicam.
288 1019 481 1103 Hypotheses
506 1033 701 1102 quaeruntur,
732 1046 807 1107 quae
832 1027 907 1089 coeli
930 1027 1061 1089 motibus
1091 1027 1303 1105 respondeant.
1349 1025 1493 1111 Alphon-

132 1109 216 1170 sinae
239 1129 365 1192 peccare
390 1110 667 1192 deprehenduntnr,
691 1113 919 1194 Copernicanae
942 1115 1057 1177 itidem.
1104 1114 1150 1176 At
1172 1115 1269 1176 solers
1293 1113 1404 1177 artifex
1427 1114 1493 1179 ool·

132 1198 244 1260 latione
273 1207 465 1280 utrarumque
494 1199 637 1264 instituta
665 1211 696 1265 et
725 1203 881 1265 subductis
910 1204 1134 1266 aberrationum
1166 1203 1334 1265 rationibus
1370 1203 1493 1268 tertium

131 1286 244 1368 aliquid
267 1289 386 1364 statuit,
412 1289 490 1370 quod
514 1309 645 1353 errorem
668 1311 785 1354 omnem
808 1292 890 1354 circa
912 1292 1131 1372 praedicendos
1155 1290 1231 1353 coeli
1253 1297 1353 1353 motus
1376 1289 1491 1374 effugit,

130 1394 225 1457 eoque
249 1379 336 1439 modo
359 1386 502 1458 utrasque
527 1379 595 1442 illas
618 1381 802 1463 hypotheses
817 1381 951 1463 corrigit.
998 1379 1079 1452 Quid
1094 1380 1141 1442 hic
1166 1387 1223 1455 est,
1248 1380 1326 1460 quod
1345 1399 1398 1460 pro
1413 1381 1493 1447 orso

131 1466 244 1528 faciat?
290 1467 472 1546 Proponitur
502 1469 589 1531 nobis
618 1470 647 1531 iu
676 1470 741 1550 ejus
765 1470 902 1550 exemplo
930 1470 1036 1531 modus
1060 1489 1153 1542 unns,
1185 1469 1269 1549 isque
1301 1470 1444 1551 obliquus·
1461 1478 1494 1533 st

129 1552 265 1636 despue,
289 1572 346 1634 quo
361 1555 460 1617 solent
483 1558 648 1619 astronomi
672 1558 855 1640 hypotheses
880 1559 1074 1638 investigare.
1121 1557 1207 1620 Atis
1231 1558 1389 1620 ostendere
1404 1557 1491 1637 vole-

128 1643 195 1717 bat,
230 1643 377 1724 quomodo
406 1664 443 1705 ex
472 1646 537 1725 jain
568 1647 735 1709 constituta
769 1648 847 1710 falsa
879 1646 1038 1730 hypothesi
1066 1665 1168 1709 verum
1201 1655 1233 1707 et
1260 1647 1336 1708 coeli
1361 1646 1492 1721 motibus

127 1732 278 1812 analogon
303 1733 535 1796 demonstretur.
582 1736 617 1797 In
642 1736 747 1816 regula
776 1736 845 1798 falsi
871 1755 1010 1798 uumerus
1041 1737 1135 1798 falsus
1164 1735 1272 1797 falsum
1301 1735 1371 1815 quid
1400 1735 1491 1799 etiam

127 1821 291 1884 concludit.
326 1822 423 1884 Ursus
438 1823 593 1886 contendit
612 1844 649 1885 ex
664 1825 750 1886 falsis
765 1824 984 1908 hypothesibus
1000 1823 1210 1887 astronomicis
1225 1842 1328 1886 vemm
1342 1824 1489 1888 concludi.

215 1909 351 1983 Decimo,
380 1919 541 1992 postquam
555 1933 640 1975 suam
658 1915 755 1976 Ursus
770 1914 951 1976 seutentiam
971 1914 1001 1977 iu
1017 1914 1115 1975 aciem
1128 1911 1279 1992 produxit,
1296 1931 1363 1974 eam
1378 1920 1488 1977 aucto·

126 1998 218 2060 ritate
242 1999 337 2060 munit
359 1999 495 2064 ridicula.
543 2000 624 2073 Quid
651 2002 729 2064 euim
752 2021 800 2064 me
815 2011 936 2064 moreat
954 2002 1098 2082 ignotus?
1144 2003 1251 2082 Itaque
1266 2000 1363 2064 Ursus
1379 2009 1489 2077 aneto<

126 2087 211 2150 ritati
235 2107 308 2150 snae
332 2089 544 2152 auctoritatem
577 2090 641 2170 ipse
675 2091 830 2160 conciliat,
869 2099 1021 2153 auctorem
1047 2091 1149 2152 diceus
1173 2109 1240 2152 ease
1274 2089 1488 2169 pereruditum.

123 2175 243 2238 Juvabo
259 2177 447 2239 laborantem
460 2178 588 2253 Ursnm;
621 2179 679 2242 fuit
693 2179 759 2257 ejus
774 2180 972 2260 praefationis
992 2186 1106 2253 auctor,
1131 2179 1158 2241 si
1176 2179 1290 2253 neseis,
1315 2178 1490 2243 Andreas

126 2262 330 2340 Osiander,
354 2274 389 2328 ut
401 2267 573 2350 Hieronymi
593 2266 763 2331 Sohreiberi
787 2268 1019 2347 Noribcrgensis
1043 2268 1098 2341 (ad
1121 2286 1208 2347 quem
1223 2265 1369 2329 Schoneri
1393 2286 1487 2348 quae,-

126 2355 196 2416 dam
220 2354 426 2434 praefationes
450 2359 588 2431 exstant)
611 2377 718 2419 manns
741 2357 771 2419 in
795 2376 860 2419 meo
876 2357 1039 2437 exemplari
1055 2356 1182 2419 visenda
1201 2350 1382 2428 testatur')
1429 2353 1490 2427 Qui

127 2462 305 2525 quamquam
328 2445 398 2507 Ursi
423 2446 592 2507 sententiae
618 2465 706 2526 quam
729 2445 863 2527 proxime
888 2447 1086 2522 suffragatur,
1113 2452 1213 2507 tamen
1238 2453 1270 2505 et
1293 2443 1418 2524 aequior
1441 2452 1489 2506 est

126 2552 162 2594 eo
186 2541 219 2594 et
241 2532 401 2595 dilucidius
425 2554 458 2595 se
482 2536 624 2615 explicat.
672 2532 751 2605 Quid
775 2534 873 2615 ipsum
888 2535 1026 2606 moverit,
1050 2553 1109 2595 non
1124 2542 1173 2594 est
1187 2532 1355 2594 obscurum.
1393 2530 1487 2595 Nori-

125 2622 236 2702 bergae
261 2622 511 2697 domiciliabatur,
538 2624 586 2684 ubi
610 2633 673 2685 tum
698 2623 845 2686 edebatur
859 2642 933 2703 opus
949 2621 1119 2702 Oopernici.
1168 2618 1243 2684 Cum
1265 2619 1355 2698 igitur
1369 2628 1489 2683 amaret

125 2711 330 2780 mathemata,
361 2729 419 2772 uon
449 2713 549 2792 potuit
578 2732 636 2773 nou
665 2732 767 2774 amare
795 2720 858 2775 tam
886 2713 1074 2792 praeclarum
1103 2729 1193 2790 opns;
1223 2718 1346 2772 etcum
1369 2709 1489 2773 videret

124 2799 371 2878 ncpedofcrcror
393 2806 488 2880 royac
516 2801 552 2862 de
577 2810 659 2864 motu
683 2802 809 2876 Terrae,
839 2803 883 2865 sic
906 2801 1016 2863 statuit
1043 2799 1265 2880 infringendam
1288 2797 1486 2878 cupiditatem

125 2891 154 2951 in
185 2889 347 2951 lectoribus
371 2908 468 2952 rerum
493 2909 645 2954 novarum.
692 2891 827 2971 Atquin
852 2888 1017 2964 Oaiander,
1049 2889 1178 2971 quiden
1207 2897 1237 2949 te
1265 2884 1485 2968 desperationis

124 2978 238 3056 adegit,
263 2985 297 3039 ut
319 2997 357 3039 ex
381 2979 567 3040 astronomia
590 2981 627 3041 de
650 2998 723 3041 vera
745 2979 846 3041 mundi
871 2979 948 3041 facie
973 2979 1046 3041 nihil
1060 2978 1135 3040 certi
1160 2975 1261 3056 colligi
1284 2994 1374 3056 posse
1399 2976 1486 3040 dice-

125 3068 198 3131 res?
222 3069 282 3142 An,
307 3067 356 3146 qui
379 3066 581 3146 peritissimus
606 3087 674 3130 eras
698 3068 804 3131 harum
826 3087 935 3139 rerum,
962 3068 1124 3130 etiamnum
1148 3064 1310 3128 dubitabas
1334 3065 1371 3127 dc
1395 3064 1485 3127 rebus

88 3181 91 3184 ⁴
124 3155 381 3219 evidentissimis?
436 3157 557 3218 Incerta
589 3158 643 3219 tibi
682 3159 844 3220 etiamnum
883 3166 950 3219 erat
986 3155 1139 3236 proportio
1173 3153 1256 3217 Solis
1288 3155 1328 3215 ad
1360 3153 1486 3217 Terram

124 3245 245 3325 prodita
269 3244 308 3305 ab
332 3246 515 3307 astronomis
540 3254 570 3306 et
593 3256 738 3309 sexcenta
761 3246 951 3325 hujusmodi?
998 3244 1031 3306 Si
1056 3244 1131 3305 haec
1152 3263 1202 3305 ars
1227 3262 1336 3305 causas
1351 3250 1485 3306 motuum

124 3334 301 3413 simpliciter
324 3333 453 3413 ignorat,
479 3345 641 3414 propterea
667 3337 736 3415 quia
759 3335 832 3396 nibil
857 3334 965 3409 credis,
990 3333 1048 3396 nisi
1072 3333 1149 3413 quod
1173 3332 1267 3406 vides,
1293 3332 1362 3413 qnid
1386 3330 1485 3394 medi-

124 3424 210 3486 cinae
233 3423 300 3497 fiet,
335 3423 364 3484 in
389 3442 449 3503 qua
472 3423 538 3504 quis
562 3444 690 3504 uuquam
715 3424 847 3503 medicus
871 3442 993 3484 causam
1018 3421 1113 3483 morbi
1135 3421 1213 3483 vidit
1234 3421 1315 3483 intus
1339 3421 1484 3483 latentem

125 3513 226 3585 aliter,
256 3511 315 3573 nisi
339 3531 377 3574 ex
400 3512 497 3592 signis
521 3522 553 3574 et
575 3513 785 3594 symptomatis
810 3521 898 3573 extra
925 3529 1032 3590 corpus
1061 3511 1097 3572 irr
1119 3529 1225 3572 sensus
1254 3508 1483 3583 incurrentibus,

124 3600 247 3682 perinde
272 3609 305 3662 ut
327 3609 519 3664 astronomus
544 3621 581 3664 ex
604 3603 760 3664 stellarum
785 3600 843 3661 situ
869 3600 1049 3680 aspectabili
1073 3600 1110 3660 de
1139 3599 1234 3660 forma
1258 3607 1357 3659 motus
1381 3615 1483 3658 eorum
1571 3646 1581 3663 „

123 3690 331 3752 ratiocinatur.
379 3687 441 3752 Sed
466 3690 505 3751 ad
528 3691 637 3753 Ursum
662 3701 865 3752 revertamur:
899 3689 946 3750 cui
975 3689 1031 3750 hoc
1055 3689 1091 3750 de
1114 3696 1195 3748 teste
1225 3705 1278 3747 suo
1307 3686 1389 3758 dico,
1424 3702 1483 3747 non

126 3798 194 3840 esse
232 3778 310 3839 omui
345 3778 524 3858 exceptione
557 3780 711 3859 maJorem.
767 3779 845 3840 Vult
876 3777 906 3839 in
940 3778 1045 3839 eadem
1076 3773 1265 3856 praefatione
1301 3771 1484 3853 persuadere

127 3867 242 3942 lectori,
268 3884 327 3929 uon
352 3867 445 3929 fnisse
469 3868 499 3930 in
524 3869 580 3930 hae
605 3868 758 3931 sententia
782 3865 991 3946 Coperuicum,
1016 3884 1085 3927 vere
1101 3865 1224 3926 Terram
1248 3861 1369 3924 moveri.
1408 3859 1485 3924 Sta-

125 3957 180 4018 tim
203 3957 300 4036 ipsum
324 3956 353 4016 iu
378 3954 478 4018 limine
498 3957 610 4019 refutat
633 3958 698 4036 ipse
714 3956 908 4035 Copsmious.
956 3953 1117 4034 Suggessit
1131 3950 1259 4014 Fnuccio
1280 3948 1483 4030 Chrouologo,

126 4047 153 4107 si
176 4046 251 4107 fides
272 4044 315 4107 illi
339 4045 404 4107 viro
428 4045 595 4121 tribuenda,
620 4066 678 4108 non
703 4056 920 4124 retrogressum
936 4063 1002 4105 esse
1018 4044 1121 4105 Solem
1134 4042 1162 4102 in
1179 4040 1308 4120 gratiam
1322 4038 1482 4113 Ezechiae,

126 4135 179 4196 sed
210 4141 327 4196 tautum
358 4133 494 4197 umbram
522 4136 688 4215 gnomonis.
736 4134 833 4205 Quasi
861 4134 935 4196 haec
968 4134 1006 4195 ab
1039 4132 1165 4205 invicem
1192 4129 1333 4208 separari
1361 4134 1483 4209 queant,

125 4244 192 4285 curu
222 4231 344 4285 constet
367 4242 405 4283 ex
435 4223 561 4284 lectione
591 4223 624 4286 S.
654 4222 842 4305 Scripturas,
877 4222 1087 4285 universaliter
1120 4219 1359 4281 animadversum
1391 4215 1483 4277 fuisse

125 4312 311 4376 miraculum.
359 4309 510 4375 Graviora
533 4314 676 4385 absurda,
711 4332 787 4394 quae
811 4312 866 4375 hoc
890 4311 982 4373 etiam
1005 4310 1155 4389 ingenium
1179 4325 1325 4385 occupare
1348 4312 1483 4384 potuere,

126 4402 261 4482 relinquo
285 4400 355 4464 aliis
379 4401 572 4482 exquirenda.
620 4400 700 4473 Quid
724 4403 827 4487 mirum
851 4419 938 4480 ergo,
971 4400 997 4462 si
1026 4399 1054 4460 in
1079 4395 1208 4460 mathesi
1234 4412 1364 4476 qnoque,
1395 4410 1486 4473 quam

126 4492 242 4555 amavit
265 4510 323 4552 nou
348 4491 502 4569 professus
522 4501 580 4567 est,
604 4490 797 4554 exorbitavit.
845 4488 961 4553 Contra
985 4509 1053 4551 enm
1074 4488 1151 4550 sisto
1167 4483 1373 4556 Aristotelem,
1398 4480 1484 4561 cujus

125 4579 381 4642 existimationem
404 4579 440 4640 de
465 4582 645 4644 astronomis
669 4583 757 4662 louge
779 4578 1011 4662 praeclariorem
1035 4596 1126 4656 supra
1149 4573 1246 4653 tetigi.

216 4668 284 4732 Nou
309 4674 481 4730 esttamen
505 4671 754 4748 praetereundum
779 4680 809 4731 et
833 4668 1006 4736 notandum,
1031 4664 1125 4726 videri
1145 4661 1324 4726 Osiandrum
1344 4656 1484 4720 simulate

126 4757 287 4838 scripsisse
319 4775 377 4818 non
405 4774 445 4818 ex
474 4757 565 4819 animi
589 4753 758 4832 sententia,
786 4777 872 4819 usum
895 4773 1001 4835 nempe
1025 4750 1230 4817 Ciceronianis
1255 4748 1291 4809 de
1315 4745 1485 4827 Republica

126 4845 283 4925 consiliis,
316 4863 383 4907 cum
407 4843 573 4932 Oopsruioo
603 4852 750 4912 metueret
773 4865 791 4909 a
814 4845 903 4925 vulgo
933 4842 1195 4925 philosophorum,
1229 4857 1265 4899 ne
1294 4834 1483 4899 absurditate
