3428 5542
518 1439 1021 1572 euoouuruot

183 1862 288 2001 Quem
321 1912 350 1974 iu
385 1914 561 1994 colligendis
592 1915 715 1996 Kepleri
748 1917 886 1997 operibus
920 1918 1047 1998 primum
1081 1919 1109 1980 iu
1145 1919 1240 1981 lucem
1273 1920 1445 1983 vocavimus

94 2017 237 2091 libellum,
263 2028 311 2079 est
334 2020 384 2081 ille
409 2022 525 2102 quidem
550 2043 568 2083 a
587 2023 698 2101 juvene
721 2025 918 2104 conscriptus,
943 2025 1102 2105 multisque
1127 2025 1201 2087 locis
1224 2025 1311 2105 signa
1333 2026 1445 2105 ingenii

94 2125 223 2186 noudum
247 2126 433 2189 corroborati
455 2129 567 2190 refert:
600 2140 633 2192 at
656 2131 761 2192 eodem
784 2139 815 2192 et
838 2132 934 2206 illius,
964 2152 1021 2213 quo
1044 2134 1231 2213 conscriptus
1255 2141 1315 2208 est,
1341 2133 1444 2208 seculi,
1531 2139 1534 2144 '

94 2241 125 2293 et
148 2233 281 2294 auctoris
304 2235 397 2314 ipsius
417 2235 527 2314 ingenii
546 2237 684 2317 vitaeque
700 2238 853 2300 acerrimis
872 2239 1123 2319 gravissimisque.
1135 2240 1243 2301 studiis
1262 2240 1445 2302 exercitatae

94 2347 127 2398 et
148 2339 325 2401 nobilitatae
346 2342 531 2404 verissimam
551 2345 710 2424 imaginem
728 2345 877 2407 intuemur
890 2363 1073 2426 expressam,
1098 2347 1187 2428 quid?
1210 2348 1315 2408 eodem
1334 2347 1444 2421 libello,

94 2456 238 2526 tanquam
262 2467 281 2507 a
305 2447 400 2524 sonte,
425 2450 593 2528 posteriora
617 2470 708 2531 opera
731 2451 775 2512 ita
797 2459 867 2513 sunt
892 2452 1040 2526 derivata,
1065 2463 1112 2520 ut.
1141 2473 1240 2533 aquo
1264 2453 1445 2515 edendorum
1550 2450 1553 2455 ’

93 2551 217 2631 Kepleri
242 2572 362 2632 operum
387 2556 521 2616 ordinem
549 2558 747 2635 auspicemur,
780 2557 826 2618 hic
858 2558 922 2636 ipse
953 2557 1071 2619 libellus
1097 2559 1236 2620 videatur
1259 2559 1444 2638 aptissimus.

93 2656 289 2739 Quantopere
312 2661 391 2721 euim
415 2681 498 2723 mens
523 2663 652 2724 humana
675 2663 871 2734 contenderit,
896 2673 936 2736 ut,
962 2664 1067 2743 quibus
1087 2665 1252 2726 constricta
1275 2665 1444 2737 tenebatur,

92 2767 214 2828 vincula
238 2768 397 2847 frangeret,
423 2789 527 2830 recens
550 2780 639 2849 parta
661 2779 795 2833 tueretur
818 2781 849 2832 et
872 2779 1021 2843 servaret,
1042 2770 1135 2849 jactis
1158 2770 1360 2832 fundamentis
1385 2770 1446 2831 alia

95 2881 326 2952 superstrueret,
351 2886 424 2953 quot
438 2876 614 2956 quantisque
631 2896 700 2937 vero
715 2896 781 2939 cum
800 2870 1026 2939 difficultatibus
1049 2878 1140 2939 menti
1165 2878 1204 2939 ad
1227 2878 1352 2940 meliora
1373 2887 1444 2938 teu·
1540 2866 1543 2872 ⁴

97 2979 179 3040 danti
203 2980 293 3041 fuerit
315 2982 560 3058 conflictandum,
591 3002 678 3063 quum
702 2985 792 3045 seculi
818 2984 924 3046 decimi
948 2985 1026 3046 sexti
1050 2984 1221 3046 memoriam
1245 2984 1445 3046 recolentibus

97 3095 251 3165 appareat,
276 3097 338 3149 tnm
362 3108 399 3150 ex
422 3089 547 3169 siugulis
568 3090 655 3170 hujus
675 3091 767 3153 libelli
782 3092 912 3170 plagulis
931 3092 1039 3153 elucet.
1076 3090 1296 3152 Dominabatur
1310 3091 1372 3153 fere
1387 3109 1446 3152 una

98 3194 126 3253 in
149 3195 261 3256 scholis
288 3196 478 3276 philosophia
500 3197 714 3272 Aristotelicas,
744 3207 940 3277 perangusto,
970 3197 1000 3259 iu
1029 3216 1115 3277 quem
1143 3208 1347 3273 excurrerent,
1377 3197 1445 3260 aliis

96 3320 201 3381 campo
225 3320 386 3376 concess03
415 3313 537 3384 praeter
559 3323 672 3383 paucos
695 3304 788 3378 viros,
820 3305 869 3383 qui
892 3324 946 3366 suo
969 3305 1153 3366 confiderent
1175 3303 1308 3383 iugenio,
1340 3303 1446 3385 reliqui

96 3428 198 3470 omnes
221 3409 311 3471 alieni
335 3420 422 3473 erant
445 3411 572 3472 arbitrii.
611 3412 643 3472 Io
669 3412 891 3487 mathematica,
915 3412 972 3474 nisi
996 3411 1034 3472 ab
1058 3411 1182 3472 Euclide
1207 3419 1238 3472 et
1251 3411 1443 3485 Archimede,

95 3514 168 3576 nihil
183 3514 365 3596 suppetebat
379 3516 499 3590 auxilii;
519 3517 691 3596 algebraica
710 3517 787 3579 ratio
802 3536 907 3598 parum
922 3519 1019 3580 adhuc
1040 3520 1122 3580 culta
1137 3537 1205 3579 raro
1220 3517 1250 3578 iu
1264 3517 1451 3596 geometriae

95 3641 182 3683 usum
195 3621 444 3698 transferebatur,
468 3623 649 3703 logaritlrmi,
674 3641 731 3703 quo
748 3641 804 3683 non
820 3623 926 3685 melios
941 3623 1092 3684 ioreotnm
1112 3632 1161 3683 est
1178 3621 1218 3682 ad
1239 3621 1446 3683 subducendos

95 3729 229 3790 calculos
243 3729 392 3804 auxilium,
417 3730 548 3790 nondum
563 3729 592 3790 in
607 3737 723 3808 promtu
741 3738 842 3802 erant3
868 3729 1050 3808 geometrica
1067 3728 1184 3789 ratione
1203 3746 1293 3805 aegre
1318 3747 1445 3808 quaere-

97 3835 219 3910 bantur,
251 3855 327 3916 quae
351 3835 455 3898 lustris
479 3836 592 3916 aliquot
614 3845 684 3919 post
707 3836 757 3897 via
779 3834 1001 3914 compendiaria
1024 3834 1117 3896 oculis
1141 3842 1173 3895 et
1197 3834 1333 3894 manibus
1357 3843 1445 3896 tenc-

95 3941 215 4004 baotur.
266 3941 300 4003 In
329 3942 513 4003 astronomia
540 3962 614 4003 uuus
643 3942 820 4004 laudabatur
848 3942 1055 4015 Ptolemaeus,
1088 3959 1143 4002 nec
1175 3939 1232 4001 uisi
1265 3940 1352 4020 pauci
1380 3960 1445 4002 cum

97 4046 264 4128 Ceperuico
280 4047 379 4110 facere
394 4048 554 4111 audebant.
591 4049 787 4127 Astrologiae
803 4056 902 4110 autem
921 4048 951 4109 io
971 4047 1146 4109 servitutem
1168 4046 1214 4108 ita
1237 4055 1357 4108 asserta
1380 4054 1447 4108 erat

96 4154 295 4227 astronomia,
322 4162 368 4231 ut,
398 4155 504 4236 quibus
528 4156 604 4217 hauc
628 4155 753 4217 docendi
776 4174 879 4216 munus
907 4154 1025 4236 publice
1052 4154 1225 4216 mandatum
1254 4160 1333 4228 erat,
1363 4153 1445 4215 illam
1498 4155 1514 4217 ’.

97 4263 270 4342 impugnare
293 4262 379 4324 nefas
404 4270 494 4325 esset.
1444 4325 1448 4335 ,

186 4367 303 4440 Quibus
327 4369 364 4430 de
388 4368 540 4432 causisin
561 4368 735 4448 disciplinis,
760 4389 835 4450 quas
855 4368 991 4442 diximus,
1017 4365 1131 4446 siquid
1155 4366 1223 4427 novi
1247 4372 1331 4427 esset
1354 4372 1444 4425 exco'·

96 4477 235 4557 gitatom
259 4475 292 4538 id
313 4477 344 4538 in
367 4495 453 4538 suam
472 4496 534 4539 rem
548 4485 665 4537 vertere
682 4487 713 4537 et
727 4494 845 4554 augere,
870 4475 897 4536 si
920 4474 990 4555 quid
1014 4482 1096 4533 esset
1119 4471 1269 4542 vitiosum,
1292 4470 1323 4531 id
1343 4488 1445 4531 emen-

96 4584 179 4659 dare,
204 4582 408 4644 difficillimum
431 4582 523 4644 fuisse
543 4583 643 4644 secolo
657 4581 736 4643 XVI
755 4581 882 4660 ingeniis
902 4581 940 4641 ad
964 4580 1088 4642 meliora
1110 4577 1283 4653 nitentibus,
1308 4583 1444 4655 apparet.

99 4690 161 4753 Sed
182 4690 277 4752 habet
298 4708 382 4752 meus
406 4698 510 4751 nostra
528 4698 636 4751 natura
654 4689 778 4751 sublime
794 4688 979 4768 quiddamst
1001 4694 1140 4759 erectum,
1164 4695 1197 4745 ut
1218 4683 1445 4745 difficultatibus

99 4795 226 4877 objectis
248 4814 306 4858 non
330 4794 492 4876 affligatur,
516 4795 571 4858 sed
594 4805 697 4858 contra
720 4795 833 4857 nitendi
857 4795 1015 4857 alacritate
1032 4792 1218 4865 incendatur,
1242 4798 1275 4851 ut
1298 4789 1447 4850 destituta

169 4899 257 4950 ΜΗ
270 4900 369 4950 (luni.
1221 4895 1231 4943 l
