3428 5542
705 300 736 352 a·
753 301 828 353 ssu
846 303 1009 371 naereses
1462 304 1536 377 ¹309

180 468 263 537 raet,
297 479 356 540 qua
378 460 409 523 ri
431 459 558 525 intentis
581 460 702 541 genesis
731 461 835 540 genesi
865 462 1001 541 parentis
1031 464 1067 527 tit
1093 464 1212 541 similis,
1246 482 1306 545 qua
1338 465 1367 528 vi
1394 475 1536 546 aspectus

178 549 369 630 planetarum
392 550 554 612 secundnm
577 549 702 630 figuram
727 550 991 613 demonstrabilem
1016 553 1056 614 ab
1076 553 1184 615 animis
1203 560 1236 615 et
1254 553 1357 616 formis
1382 554 1535 630 sentitur).

178 640 225 701 at
247 636 332 717 quod
355 656 412 700 non
446 638 627 718 ingreditur,
661 658 718 699 non
743 647 861 713 movet;
900 659 989 719 quare
1014 660 1070 703 nec
1098 661 1164 704 cnm
1186 642 1328 722 planetae
1352 638 1466 723 5¹⁸lr⁸
1486 644 1534 706 di-

179 734 272 802 stant,
298 726 462 789 movebunt
484 722 639 801 naturain3
664 745 722 788 nou
745 727 824 788 euim
847 735 896 791 est
918 730 1093 791 hannonica
1116 731 1279 804 distantia,
1304 750 1370 793 cum
1392 749 1535 812 praeser-

179 816 233 878 tim
256 817 467 895 septangulum
490 835 545 877 nee
568 816 706 896 regulare
730 835 839 896 corpus
862 818 1039 893 conformat,
1064 838 1119 881 nec
1133 819 1301 899 planitiem,
1326 838 1369 882 sc.
1384 820 1532 900 nuspiam,

180 924 271 986 quare
294 923 349 966 uec
373 903 404 965 iu
426 904 520 968 radiis
543 905 743 984 planetarum,
768 924 822 968 nec
845 905 875 967 in
899 907 991 969 sonis.
1037 908 1121 970 Haec
1144 908 1237 990 igitur
1259 908 1335 970 bene
1349 909 1440 970 velim
1458 928 1533 972 con-

144 1042 148 1049 ,
178 994 304 1056 siderea.
350 992 417 1072 Ego
442 1002 583 1073 aspectus
607 995 661 1054 hos
685 1001 758 1073 puto
782 1013 828 1055 me
853 995 955 1056 videre
980 996 1100 1059 fortiter
1123 1006 1260 1077 agentes,
1283 998 1337 1058 sed
1360 997 1407 1059 vis
1431 998 1534 1063 eorum
1607 989 1611 996 ⁸

180 1082 371 1144 aestimanda
393 1089 503 1144 estex
526 1082 642 1144 ratione
667 1083 947 1145 demonstrationis:
979 1086 1059 1147 latus
1083 1085 1312 1167 sexangnli
1303 1105 1400 1167 rpsnm
1423 1105 1477 1168 per
1500 1107 1534 1151 εε

180 1181 228 1233 εει
250 1167 348 1250 ipsos,
371 1189 441 1233 nam
465 1172 591 1252 aequate
615 1180 663 1233 est
686 1172 928 1247 semidiametro,
952 1175 1129 1254 quadrati
1153 1177 1197 1237 lat
1184 1174 1258 1236 teris
1282 1176 1462 1257 quadratum
1484 1184 1534 1240 est

179 1257 277 1339 ῥητοε,
301 1279 372 1321 uam
395 1260 550 1322 dimidium
573 1269 621 1322 εει
645 1261 784 1341 quadrati
808 1261 964 1337 diametri;
988 1263 1128 1344 trigoni
1151 1264 1257 1326 lateris
1281 1265 1461 1344 quadratum
1484 1274 1535 1328 est

180 1348 218 1411 ad
243 1348 421 1430 quadratum
445 1349 584 1411 diametri
608 1359 642 1410 ut
665 1347 684 1413 3
710 1351 748 1411 ad
772 1347 808 1425 t;
841 1352 1051 1428 conjunctio
1077 1361 1125 1413 εει
1147 1352 1177 1414 in
1201 1353 1392 1432 geometricis
1416 1355 1535 1434 integer
1563 1345 1566 1349 ’

180 1437 308 1500 circulus
332 1457 384 1498 seu
407 1446 560 1518 punctum,
585 1458 638 1500 seu
662 1439 785 1501 nullitas
809 1371 920 1519 anguliJ
934 1441 1094 1515 radiorum,
1120 1442 1149 1503 h.
1174 1461 1200 1502 e.
1226 1442 1442 1516 coincidentia;
1468 1461 1532 1524 op-

179 1526 317 1607 positio
341 1527 409 1606 ipsa
431 1527 578 1590 diameter
602 1536 665 1602 εει,
700 1547 783 1594 mera
815 1528 959 1591 identitas
992 1531 1045 1590 seu
1073 1552 1258 1606 porsennae
1297 1530 1471 1610 quintilis
1501 1538 1535 1594 ει

179 1615 399 1696 biquiutilis
423 1618 571 1695 quadrata
590 1617 696 1697 juncta
719 1626 790 1679 sunt
813 1617 852 1678 ad
875 1617 1055 1698 quadratum
1079 1619 1216 1684 diametri
1240 1626 1274 1680 ut
1297 1616 1317 1682 5
1342 1619 1382 1680 ad
1404 1616 1436 1682 4.
1474 1619 1533 1682 Di-

179 1705 247 1765 visa
270 1723 327 1764 non
351 1704 390 1765 ad
414 1705 550 1780 invicem,
575 1725 629 1767 nec
652 1707 691 1767 ad
715 1702 894 1786 quadratum
918 1707 1066 1781 diametri,
1088 1717 1124 1775 ,ιιι
1142 1726 1282 1769 numerus
1306 1709 1344 1769 ad
1368 1726 1532 1784 nnmerum,

180 1794 236 1855 hoc
277 1792 378 1873 itaque
415 1794 533 1855 nomine
566 1803 636 1856 snut
671 1795 737 1856 loeo
769 1795 947 1874 posteriore.
999 1797 1077 1858 Vide
1114 1796 1287 1859 methodum
1320 1797 1533 1879 polygouorum

181 1881 339 1955 (Adriani)
363 1882 502 1946 Romani.
549 1885 614 1946 Nec
638 1883 716 1946 euim
738 1884 835 1965 prima
862 1903 916 1946 nec
940 1884 1087 1961 secunda,
1122 1887 1177 1948 sed
1199 1885 1292 1947 tertia
1314 1885 1431 1947 demum
1455 1905 1532 1966 qna·

181 1972 270 2033 drata
292 1970 323 2032 in
347 1973 477 2034 numeris
501 1981 675 2053 aequantur.
720 1972 864 2034 Potentia
892 1974 1157 2054 quinquaugnlaris
1185 1974 1291 2037 lateris
1321 1974 1458 2053 aequalis
1485 1981 1534 2036 est

180 2059 335 2140 potentiae
377 2061 590 2123 semidiametri
634 2071 666 2123 et
702 2062 857 2140 potentiae
901 2063 1006 2123 lateris
1044 2062 1276 2143 decangularis,
1326 2063 1405 2142 quod
1442 2062 1533 2124 habet

181 2167 266 2211 snam
300 2148 579 2212 determinationem
613 2151 643 2212 in
667 2151 762 2230 gradu
785 2157 910 2212 remoto.
959 2150 1036 2212 Illud
1064 2153 1242 2232 quadratum
1267 2150 1309 2213 sit
1336 2151 1416 2226 AB,
1451 2150 1534 2234 cujus

175 2240 241 2318 jam
264 2239 345 2298 latus
368 2236 429 2300 Ab
453 2239 557 2319 nequit
580 2238 704 2318 exprimi
728 2257 858 2302 numero.
902 2237 949 2300 Ab
973 2239 1029 2300 hoc
1238 2283 1320 2335 ,Μ

181 2327 337 2408 quadrato,
363 2328 447 2406 cujus
471 2327 608 2408 cognitus
632 2336 680 2389 εει
703 2346 856 2402 numerus,
888 2327 1029 2389 eximitur
1072 2386 1077 2410 ὲ

132 2425 137 2435 ’
181 2416 359 2496 quadratum
392 2416 487 2490 aliud,
523 2417 601 2496 quod
629 2416 726 2495 ipsum
758 2434 826 2477 cum
855 2434 908 2477 suc
933 2416 1029 2477 latere

180 2512 282 2584 potest
305 2504 430 2583 exprimi
446 2524 578 2576 numero,
602 2505 676 2567 An.
715 2502 845 2566 Secatur
859 2503 950 2584 igitur
964 2502 1028 2567 Ac

181 2593 210 2654 in
233 2592 261 2653 Ε
284 2593 402 2654 ratione
426 2594 563 2672 cognita;
597 2613 651 2653 nec
684 2601 785 2655 tamen
818 2612 939 2655 numero
972 2612 1028 2653 ex-

179 2681 266 2761 primi
290 2689 391 2760 potest
406 2681 475 2756 Eo,
496 2701 563 2744 curn
586 2678 673 2760 ῥητον
686 2681 748 2742 ΑΕ
773 2681 811 2743 ab
835 2678 953 2761 ἀῤῥητῳ
969 2679 1029 2744 Ac

180 2771 313 2832 ablatum
328 2770 478 2852 relinquat
501 2767 629 2852 ἀρῤηεον
642 2769 712 2833 ΕΟ.
748 2769 790 2831 Ει
804 2770 875 2849 quia
892 2768 962 2845 EO,
979 2768 1030 2851 ἀρ’-

180 2855 286 2940 paror,
319 2859 347 2918 in
371 2879 404 2921 se
428 2860 525 2938 ipsum
549 2860 670 2922 ductum
690 2857 764 2921 facit
783 2858 865 2932 DB,
892 2858 984 2939 igitur
999 2866 1032 2919 et

179 2948 244 3009 DB
268 2943 405 3027 ἀῤῥητον.
452 2948 500 3009 Ex
529 2968 585 3029 qno
615 2957 645 3010 ει
673 2949 733 3010 alio
762 2943 839 3027 ῥητῳ
871 2947 1028 3029 quadrato,
1064 2951 1083 3004 J

125 3105 128 3115 ,
179 3057 208 3098 u.
234 3036 463 3110 semidiametri,
497 3037 684 3116 componitur
714 3038 891 3118 quadratum
923 3036 1029 3098 lateris
1073 3040 1077 3046 '

179 3125 403 3206 quinquanguli.
450 3127 515 3187 Hoc
543 3127 723 3206 quadratum
755 3144 813 3187 non
843 3134 892 3188 est
918 3142 973 3205 per
996 3144 1029 3187 se

180 3214 382 3294 comparabile
407 3214 445 3275 ad
470 3215 658 3284 diametrum,
683 3216 736 3277 sed
760 3234 814 3295 per
835 3215 1028 3277 ablationem.
1064 3233 1087 3283 ε
1303 3240 1373 3286 0
1508 3236 1530 3288 g
1609 3223 1612 3230 “

179 3304 259 3367 Nam
273 3304 330 3364 AB
345 3303 412 3381 plus
435 3303 529 3365 habet
543 3323 631 3384 qnam
646 3304 705 3364 AD
729 3312 760 3363 et
774 3304 839 3377 DB,
856 3322 963 3382 nempe
981 3304 1040 3364 Η)
1055 3312 1087 3365 ει
1106 3302 1172 3379 DO,
1201 3313 1232 3366 et
1247 3313 1297 3366 εει
1312 3302 1531 3384 comparabile;

156 3392 245 3454 ·AD
269 3393 374 3454 itidem
397 3401 446 3454 est
468 3392 681 3472 comparabile
729 3393 764 3453 ld
788 3392 937 3465 aufertnr3
962 3391 1049 3453 simul
1077 3401 1176 3455 antem
1201 3394 1312 3455 cadunt
1331 3394 1392 3454 FD
1417 3387 1533 3465 etDO,

179 3480 437 3560 incomparabilia,
462 3482 593 3543 retinent
616 3489 717 3542 tamen
742 3500 826 3541 suam
851 3480 1042 3542 determinat
1019 3488 1131 3542 tionem
1155 3482 1193 3542 ab
1208 3482 1280 3555 ΑΒ,
1305 3480 1381 3556 ΑΙ),
1407 3498 1532 3560 compa·

180 3571 336 3642 rabilibus,
360 3570 601 3650 ut--relinqnatur
624 3569 685 3631 DB
710 3569 880 3649 quaesitum
903 3569 1149 3648 incomparabile.
1218 3617 1225 3638 .

267 3658 326 3720 Est
353 3657 445 3738 igitur
473 3660 549 3720 haec
577 3676 693 3739 quoque
721 3658 866 3720 mirabilis
895 3657 1097 3737 quantitatum
1128 3667 1257 3729 natura,
1289 3658 1420 3719 sortiens
1447 3674 1535 3717 suam

180 3747 461 3811 determinationem
485 3750 523 3809 ab
547 3747 710 3809 ablatione.
758 3745 918 3821 Quamvis,
948 3755 981 3807 nt
1003 3747 1059 3807 hoe
1084 3747 1207 3820 addam,
1236 3752 1304 3807 tota
1326 3747 1402 3808 haec
1426 3762 1532 3805 esseu-

181 3839 241 3900 tiae
265 3837 343 3898 ratio
368 3846 425 3898 εει.
472 3837 572 3898 Aliter
599 3837 700 3917 itaque
730 3836 900 3898 subsistunt
931 3835 1144 3906 (subsistentia
1173 3828 1409 3914 quantitative),
1445 3833 1534 3895 aliter

180 3933 406 4006 comparantur;
444 3926 499 3986 hoc
529 3927 589 3987 illis
613 3925 724 3987 accidit
747 3947 765 3987 a
789 3933 899 3987 mente.
948 3922 1010 3985 Sed
1033 3924 1072 3985 ad
1096 3943 1167 3985 rem.
1213 3923 1279 3984 Hoc
1303 3923 1405 4004 itaque
1429 3940 1534 4003 genus,

180 4024 212 4077 ut
235 4014 448 4097 quinquanguli
465 4016 554 4088 latus,
581 4015 722 4076 consistit
749 4015 777 4076 in
808 4021 924 4076 remota
948 4013 1171 4093 comparatione
1196 4021 1227 4073 et
1250 4011 1394 4074 abhorret
1417 4032 1436 4074 a
1459 4011 1549 4073 reli-.

179 4107 253 4184 quis.
302 4104 367 4164 Hoc
392 4122 437 4164 me
461 4104 550 4166 valde
574 4103 717 4165 turbavit.
765 4103 936 4165 Videbatur
955 4103 1033 4164 enim
1056 4102 1112 4163 hoe
1135 4110 1226 4182 pacto
1250 4101 1323 4163 nihil
1348 4102 1450 4163 valere
1475 4101 1532 4162 de-

178 4195 264 4269 bere,
296 4212 363 4256 cum
387 4211 445 4254 nou
470 4212 502 4254 se
526 4193 592 4272 ipso
616 4192 804 4272 intelligatur
827 4201 858 4254 et
881 4199 1081 4271 comparetur.
1128 4190 1235 4252 Erexit
1257 4209 1304 4251 me
1336 4199 1436 4252 tamen
1460 4209 1532 4251 mu·

178 4284 266 4348 sica.
314 4282 390 4346 Cum
414 4282 491 4353 enirn
515 4283 608 4345 tertia
631 4282 728 4344 mollis
752 4283 794 4344 sit
816 4302 835 4343 a
857 4281 1032 4359 sexangulo,
1058 4279 1151 4340 tertia
1171 4279 1246 4340 dura
1269 4278 1532 4360 aquinquangulo,

178 4380 259 4436 certe
280 4370 440 4452 jucundior
464 4371 669 4450 (quantumvis
694 4372 784 4442 dura)
809 4378 857 4431 est
881 4369 972 4431 tertia
996 4370 1086 4443 dure,
1120 4366 1218 4429 mollis
1233 4386 1346 4446 parum
1371 4367 1476 4442 abest,
1500 4374 1535 4427 ut

178 4481 235 4525 nou
260 4467 414 4524 consonet.
461 4459 604 4539 Oportnit
617 4459 710 4540 igitur
724 4460 802 4521 ratio
826 4481 844 4520 a
864 4478 911 4521 me
931 4457 1106 4536 excogitari,
1131 4476 1190 4537 qua
1212 4457 1304 4518 etiam
1327 4456 1439 4518 multae
1455 4455 1533 4516 aliae

176 4553 288 4631 figurae
321 4549 535 4612 consonantias
560 4550 694 4610 facturae
719 4549 860 4623 fuissent,
895 4566 960 4609 curn
989 4546 1078 4608 valde
1107 4541 1233 4626 ᾰῤῥιμοι
1263 4545 1340 4620 siut,
1373 4543 1430 4605 nisi
1464 4542 1533 4606 aliis

175 4641 277 4702 causis
304 4637 530 4717 impedirentur.
579 4639 628 4699 lta
658 4638 743 4699 vides
776 4638 805 4699 in
837 4636 986 4717 prioribus
1019 4635 1132 4709 literis,
1166 4633 1292 4714 relinqui
1325 4633 1532 4713 decangulum,

182 4723 252 4812 Ἲω,
278 4747 368 4789 unam
391 4733 528 4789 octavam
553 4727 622 4797 bc,
651 4727 834 4806 multasque,
866 4726 926 4787 irno
950 4724 1082 4787 infinitas
1106 4724 1193 4787 alias.
1242 4720 1344 4785 Causa
1366 4740 1456 4796 vero,
1482 4739 1533 4783 cnr

174 4819 204 4880 in
233 4816 399 4898 sexangulo
428 4815 617 4896 praepolleat
646 4815 738 4878 tertia
766 4816 842 4876 dura
869 4815 965 4889 molli,
1000 4820 1049 4876 est
1079 4813 1185 4876 itidem
1212 4831 1250 4874 ex
1277 4810 1531 4874 demonstratione
