3428 5542
777 288 937 342 menium
1488 288 1532 357 45

177 461 262 498 rarum
280 446 395 513 Tubinga
418 446 451 498 ad
474 462 501 497 se
526 447 640 496 datarum
662 448 687 497 iu
706 446 814 498 Daniam
837 450 897 500 mihi
919 452 1070 507 transmisit,
1098 450 1187 514 quibua
1207 449 1373 514 pollicebaris,
1400 457 1426 500 te
1450 451 1537 502 librum

179 528 291 568 nocuum
304 519 334 568 de
345 519 448 569 Cometa
461 532 484 568 a.
499 516 531 565 it
545 518 589 567 tibi
602 517 635 567 ab
647 518 734 568 eodem
746 524 952 573 communicatum
965 522 1095 588 diligenter
1110 521 1281 584 perlectorum,
1300 529 1416 586 tuamque
1435 522 1465 572 de
1484 525 1536 586 ejus

179 591 305 639 contentis
323 593 473 641 sententiam
490 589 692 651 conscripturum,
711 597 785 653 atque
803 607 900 647 mecum
919 593 950 644 dc
968 594 998 642 ila
1016 607 1059 656 per
1076 594 1161 642 literas
1178 592 1331 647 collaturum,
1350 605 1411 655 quas
1429 600 1455 643 te
1467 592 1535 643 Mar·

179 675 285 725 purgum
313 661 346 711 ad
371 661 476 712 eundem
500 662 597 709 mittere
622 659 759 711 decrevisse
782 663 816 712 ad
838 677 878 712 me
901 672 990 728 postea
1005 664 1172 728 procurandas
1190 665 1297 712 innuisti.
1313 658 1347 723 ²⁸)
1383 664 1418 713 At
1436 679 1482 729 ego
1500 670 1538 713 tot

177 732 320 796 interlapsis
339 734 410 782 annis
428 745 508 796 neque
525 731 574 780 hac
592 731 622 780 de
641 746 667 780 re
686 739 730 781 aut
757 735 872 797 quapiam
900 735 951 785 alia
973 736 1099 800 negotium
1122 736 1326 794 astronomicum,
1351 747 1398 798 quo
1424 736 1537 799 utrinqne

179 802 309 860 allicimur,
328 810 492 853 concernents
510 817 542 852 ue
565 801 688 851 verbulum
707 803 805 867 quidem
827 813 880 855 ate
893 807 987 869 accepi,
1005 808 1056 855 sive
1069 807 1167 868 scripto,
1186 806 1239 855 aire
1258 805 1360 854 aliorum
1378 805 1537 861 indicatione,

178 875 221 938 qui
239 875 329 924 isthinc
346 876 473 924 venientes
491 888 530 922 me
548 871 704 938 Uraniburgi,
724 874 781 923 dum
799 875 880 926 adhuc
898 878 922 926 ln
940 879 1022 940 patria
1040 877 1162 942 degerem,
1181 877 1322 926 inciserunt
1353 875 1536 926 Existimassem

179 945 294 1009 equidem
312 953 339 994 te
358 946 389 995 oh
407 945 547 994 communia
564 944 634 993 nobis
657 945 739 995 studia
761 948 890 1010 scriptione
916 949 1000 1012 aliqua
1017 949 1104 998 saltem
1122 954 1161 996 tot
1177 947 1378 997 interlabentibus
1397 950 1469 996 annis
1487 962 1536 996 non

179 1030 386 1081 supersessurum,
404 1017 548 1080 praesertim
561 1029 616 1065 curn
631 1016 656 1064 id
674 1016 797 1065 iacturum
815 1027 901 1081 sponte
919 1021 944 1069 in
962 1027 988 1068 te
1006 1020 1135 1083 receperis.
1166 1017 1205 1068 Ne
1223 1033 1278 1068 sero
1298 1033 1344 1083 ego
1359 1018 1393 1072 ,ob
1410 1018 1435 1066 id
1454 1027 1536 1069 tecum

179 1102 224 1152 per
242 1087 336 1143 literas,
355 1088 474 1152 siquidem
492 1087 623 1136 aliter-non
636 1087 718 1141 liceat.
737 1089 929 1139 familiaritatem
948 1091 1109 1140 contrahendi
1128 1105 1225 1139 omnem
1244 1090 1398 1140 occasionem
1415 1091 1536 1153 respuisse

179 1159 273 1213 videar,
292 1159 358 1224 quod
376 1159 408 1209 ab
425 1159 578 1207 humanitate
597 1166 623 1207 et
641 1160 780 1215 exercitiis,
799 1161 885 1224 quibus
904 1162 1062 1218 delectamur,
1080 1161 1257 1211 sublimioribus
1276 1161 1383 1210 alienum
1399 1161 1476 1210 ioret:
1504 1175 1535 1211 en

178 1244 246 1280 nunc
264 1232 395 1294 praevenio
414 1238 440 1279 et
458 1229 491 1278 ad
509 1229 663 1278 scribendum
681 1230 924 1297 respondendumque
942 1233 1006 1283 ultro
1023 1240 1049 1282 te
1074 1234 1164 1281 invito:
1190 1232 1252 1282 data
1269 1232 1382 1281 nimirum
1399 1231 1447 1282 hac
1465 1245 1535 1281 com·

171 1301 296 1355 mediore,
316 1315 366 1365 qua
383 1315 449 1350 nuuc
467 1300 540 1359 fruor,
560 1301 752 1363 opportunitate,
771 1315 845 1365 quam
865 1311 941 1355 antea
957 1305 984 1353 in
996 1303 1089 1359 Dania,
1108 1318 1138 1352 ex
1155 1317 1203 1367 quo
1220 1305 1247 1352 in
1265 1317 1323 1353 arce
1340 1303 1447 1367 quadem
1466 1302 1535 1352 Ran-

178 1373 286 1422 aoviana
303 1372 402 1422 dimidio
420 1371 509 1420 saltem
527 1371 624 1420 milliari
642 1371 783 1438 Hamburgo
809 1382 904 1424 remota
928 1389 995 1424 nunc
1016 1374 1141 1431 habitem,
1166 1374 1232 1424 uude
1255 1376 1280 1423 in
1302 1375 1373 1424 racia
1389 1388 1440 1423 non
1457 1373 1536 1423 solnm

179 1443 329 1493 Germaniae
347 1443 391 1493 sed
408 1444 484 1492 totius
501 1457 565 1506 pene
584 1442 696 1506 Europae
714 1442 770 1493 loca
789 1446 873 1495 creber
891 1455 917 1495 et
935 1446 1075 1496 commodus
1093 1447 1166 1495 datur
1183 1447 1295 1494 nuncius.
1332 1444 1358 1495 Si
1376 1446 1459 1508 itaque
1477 1444 1535 1510 quid

177 1514 265 1571 habes,
285 1515 315 1564 de
333 1529 380 1579 quo
397 1528 494 1563 mecum
512 1515 538 1562 in
555 1514 627 1563 rebus
646 1516 823 1573 astronomicis,
843 1518 893 1567 sire
906 1518 1051 1567 cometicum
1064 1516 1123 1566 iliud
1136 1518 1270 1580 negotium.
1290 1518 1341 1566 aire
1354 1516 1449 1579 quidvis
1468 1515 1535 1566 aliud

178 1594 322 1641 concernat.
342 1587 451 1634 conferre
470 1585 575 1642 libuerit,
592 1586 703 1634 iuvenies
720 1601 761 1635 me
778 1602 820 1650 pro
840 1603 894 1638 meo
911 1588 1009 1638 modulo
1029 1595 1190 1653 acquantum
1207 1588 1329 1638 hactenus
1346 1588 1372 1637 in
1390 1588 1419 1636 iis
1437 1588 1534 1651 assequi

178 1657 249 1708 licuit
267 1657 300 1707 ad
318 1656 514 1720 respondendum
532 1670 582 1705 non
600 1656 730 1707 difficilem·
1269 1709 1271 1713 ‚

249 1729 360 1777 allatum
377 1727 436 1776 mihi
455 1742 531 1790 nuper
548 1732 587 1776 est
605 1728 725 1776 eruditum
743 1721 865 1792 quoddam
882 1731 999 1793 scriptum
1015 1730 1185 1780 mathematici
1197 1728 1338 1779 excellentis
1350 1728 1375 1779 J.
1388 1727 1534 1793 Kepieril

179 1814 194 1848 e
212 1798 333 1862 Styria,
359 1800 385 1848 in
406 1813 454 1863 quo
478 1798 641 1848 revolutiones
665 1798 820 1862 planetarum
839 1802 974 1851 secundum
992 1803 1095 1850 iormam
1113 1799 1306 1864 copemicaeam
1324 1800 1356 1851 ad
1376 1797 1391 1848 5
1410 1800 1535 1864 regularia

178 1884 283 1934 corpora
299 1871 441 1920 harmonice
459 1870 570 1934 redigere
587 1872 717 1934 ingeniosa
734 1885 795 1921 sane
812 1873 981 1935 speculatione
1000 1879 1117 1932 conatur,
1142 1886 1191 1936 qua
1214 1872 1289 1921 edam
1314 1872 1345 1920 de
1361 1886 1388 1921 re
1406 1886 1483 1934 nuper
1501 1872 1533 1920 ad

177 1958 219 1992 me
236 1944 391 2006 perscripsit,
417 1955 495 2004 eoque
519 1941 554 1990 illi
578 1947 697 2005 quantum
720 1956 779 2004 prae
797 1946 984 2007 occupationum
1003 1943 1067 1992 mole
1084 1944 1154 1993 licuit
1171 1956 1252 1992 meam
1270 1943 1375 1993 vicissim
1394 1941 1533 1992 dotalibus

172 2016 267 2079 aperui
285 2014 450 2070 sententiam
468 2013 538 2063 video
559 2019 641 2062 autem
659 2020 687 2062 te
705 2014 730 2061 in
750 2013 835 2064 codem
853 2015 913 2064 libro
932 2016 963 2064 de
980 2014 1108 2079 hypothesi
1126 2015 1222 2064 anobis
1235 2021 1294 2064 ante
1307 2029 1385 2063 annos
1398 2014 1533 2077 complures

180 2086 315 2135 adinventa
332 2083 451 2133 nonnulla
469 2086 539 2148 qnasi
558 2084 699 2133 dubitanter
718 2084 821 2140 adiens,
841 2100 897 2135 cum
915 2088 1050 2149 promiscue
1063 2100 1119 2136 eam
1132 2088 1207 2135 etiam
1220 2085 1275 2134 aliia
1287 2086 1389 2142 tubuas,
1407 2085 1533 2150 plagiariis

179 2158 244 2205 torte
261 2158 321 2205 meis
339 2157 440 2204 nimium
460 2156 610 2211 auscultans,
630 2163 681 2203 tum
700 2171 795 2220 quoque
814 2156 885 2219 plura
897 2158 927 2207 de
940 2158 1028 2208 eadem
1040 2159 1155 2214 inserens,
1174 2171 1237 2220 quae
1255 2159 1275 2206 si
1295 2156 1472 2207 consideratius
1490 2171 1531 2206 ex-

178 2228 321 2292 pandisses,
350 2234 376 2276 et
402 2229 552 2276 sententiam
576 2233 686 2275 noemam
709 2234 783 2290 atque
807 2243 891 2277 omnes
916 2230 1057 2278 occasiones
1075 2229 1147 2290 hujus
1164 2227 1326 2292 hypotheseos
1345 2227 1532 2278 constituendae

178 2299 338 2362 undiquaque
356 2305 498 2360 perspectas
520 2298 659 2349 habuisses.
684 2297 887 2348 haesitationibus
910 2300 1059 2362 ejuscemodi
1081 2300 1144 2351 iorte
1162 2300 1346 2362 supersedisset.
1383 2299 1458 2363 Atqui
1476 2314 1532 2364 ago,

177 2372 199 2419 ai
216 2371 262 2419 tibi
281 2368 340 2433 quid
357 2370 382 2417 in
401 2368 449 2418 hac
467 2369 606 2418 inventione
624 2369 730 2431 scrupuli
749 2377 832 2429 restet,
852 2370 877 2419 id
895 2383 1008 2420 amovere
1021 2379 1094 2435 atque
1107 2372 1212 2434 penitius
1224 2385 1275 2420 rem
1290 2384 1387 2420 omnem
1398 2370 1532 2433 explanare

176 2448 280 2506 paratus
298 2456 365 2499 aum,
385 2440 449 2504 quod
467 2441 544 2488 etiam
560 2455 600 2489 res
617 2441 672 2503 ipsa
690 2440 799 2498 docebit,
825 2442 866 2490 nbi
884 2442 1039 2505 planetarum
1066 2450 1146 2492 motus
1171 2442 1204 2492 ad
1226 2456 1282 2492 eam
1300 2455 1410 2490 normam
1429 2443 1532 2492 anobis

177 2513 240 2562 adeo
259 2518 377 2561 accurato
395 2525 514 2574 expansos
533 2512 691 2576 cognoveris,
715 2519 745 2559 ut
762 2510 822 2560 nihil
840 2513 885 2572 sit,
910 2512 974 2576 quod
991 2527 1077 2562 seusus
1096 2513 1199 2577 amplius
1222 2514 1360 2577 requirant,
1387 2519 1443 2562 utut
1460 2520 1488 2562 tu
1505 2515 1532 2563 iu

179 2584 264 2633 eodem
284 2582 364 2632 libello
383 2582 413 2631 de
434 2584 597 2631 astronomiae
614 2583 764 2632 comestione
783 2597 832 2632 non
854 2583 931 2633 solum
953 2584 1065 2633 dubitare
1083 2584 1127 2632 sed
1140 2592 1166 2632 et
1178 2585 1287 2633 animum
1299 2584 1406 2645 abiicere
1418 2583 1530 2643 videaris,

180 2654 238 2705 lieet
256 2661 335 2704 antea
354 2654 426 2703 aliter
443 2668 511 2716 spem
530 2654 624 2703 leceris.
664 2651 692 2702 Si
710 2653 741 2702 ab
761 2655 881 2703 anteriore
908 2669 951 2717 per
969 2668 1071 2718 corpora
1088 2657 1137 2704 ista
1155 2655 1278 2719 regularia
1296 2655 1445 2704 dimensione
1464 2655 1532 2705 lacta

181 2740 212 2776 ea
227 2725 381 2775 rmtitueuda
399 2727 446 2774 erit
463 2726 543 2787 potius
561 2738 635 2789 quam
653 2739 684 2773 ex
702 2725 825 2773 accuratis
844 2726 1054 2775 observationibus
1073 2739 1090 2775 a
1107 2727 1233 2790 posteriori
1251 2726 1352 2779 sumtis,
1380 2725 1454 2775 veluti
1471 2727 1530 2775 insi·

179 2811 249 2854 nnas,
259 2797 345 2860 utique
353 2797 426 2845 nimis
436 2796 485 2854 diu,
496 2797 517 2844 si
526 2810 575 2845 non
583 2810 680 2859 prorsus
689 2797 715 2845 in
724 2802 868 2859 perpetuum
877 2797 969 2846 frustra
977 2798 1168 2860 expectabimus,
1177 2804 1310 2861 antequam
1319 2794 1370 2846 tale
1379 2795 1437 2859 quid
1447 2809 1530 2861 aquo·

177 2882 252 2932 qnam
269 2869 392 2932 praestari
409 2868 505 2930 poterit.
543 2867 604 2916 Cum
623 2875 651 2916 et
665 2868 766 2915 istomm
784 2868 931 2931 regularium
949 2882 1074 2931 corporum
1093 2869 1250 2918 dimensionis
1268 2867 1406 2931 explicatio,
1425 2868 1446 2916 sl
1464 2869 1530 2918 omni

177 2954 208 2989 ex
223 2947 297 3003 parte
316 2938 472 2988 admittenda
489 2939 559 2993 ioret,
578 2939 785 2988 observationibus
798 2939 1001 2988 antecedentibus
1013 2941 1059 2989 niti
1071 2946 1096 2988 et
1109 2940 1259 3003 comprobari
1272 2938 1370 2995 debeat,
1389 2953 1436 2988 nec
1454 2941 1530 2989 etiam

175 3010 337 3076 particularia
354 3023 465 3074 quaeque
483 3017 580 3072 praeter
597 3010 751 3075 generaliora
772 3010 817 3058 ilia
839 3022 962 3074 utcunque
985 3025 1012 3060 se
1034 3011 1153 3060 habentia
1173 3009 1230 3060 hinc
1256 3024 1299 3064 ea.
1326 3023 1376 3074 qna
1402 3025 1462 3074 opus
1482 3018 1528 3068 est,

176 3084 331 3146 praecisione
349 3081 451 3130 derivari
470 3086 579 3145 possunt,
598 3081 662 3145 qnod
680 3088 705 3129 te
723 3096 773 3129 uon
791 3079 868 3130 latere
887 3083 997 3131 arbitror.
1026 3080 1112 3146 h'eque
1125 3083 1200 3131 etiam
1216 3081 1297 3131 adhuc
1315 3082 1376 3131 satis
1395 3083 1529 3133 extricatae

177 3162 237 3202 sunt
253 3153 410 3217 planetarum
426 3152 540 3201 biformes
552 3151 751 3216 inaequalitates,
769 3166 830 3216 quas
843 3152 933 3217 duplici
945 3155 1083 3203 excentrico
1096 3153 1134 3202 vel
1147 3153 1244 3204 circello
1257 3158 1384 3211 excusant,
1402 3154 1530 3218 ignoratur

178 3226 244 3274 enim
260 3228 329 3286 justa
346 3224 433 3272 harum
451 3224 580 3286 proportio,
599 3231 628 3272 ιιι
646 3223 676 3272 de
696 3225 814 3288 apogacie
831 3239 881 3273 nou
899 3224 981 3273 dicam
998 3225 1071 3289 longe
1089 3225 1161 3274 aliter
1178 3240 1204 3275 se
1216 3225 1372 3281 habentibus,
1390 3239 1464 3289 quam
1482 3227 1530 3274 fert

177 3311 227 3345 non
245 3297 324 3344 solum
343 3295 495 3358 Alphcnsina
512 3295 556 3343 sed
576 3296 650 3343 etiam
670 3292 822 3358 (lopernicea
840 3297 1003 3345 ratiocinatio.
1041 3294 1106 3356 Quin
1125 3297 1201 3346 etiam
1219 3310 1304 3346 annua
1320 3295 1364 3345 illa
1381 3296 1528 3345 diversitatis

178 3367 278 3417 evidens
296 3367 429 3415 insinuatio
447 3380 493 3416 uec
506 3365 563 3414 dum
576 3368 636 3414 satis
650 3373 776 3429 comperta
788 3372 834 3421 est,
853 3368 889 3415 ita
901 3374 929 3415 ut
940 3367 1102 3432 undequaque
1114 3369 1164 3417 suis
1181 3368 1287 3417 numeris
1299 3366 1411 3417 absolute
1423 3373 1527 3419 constet.

177 3447 207 3488 ut
225 3438 255 3487 ob
274 3438 298 3487 id
317 3453 330 3487 e
350 3437 505 3501 Coperniceis
526 3439 718 3500 proportionibus
736 3437 878 3487 circulorum
895 3437 959 3488 haec
978 3453 1023 3496 ea,
1049 3452 1099 3503 qua
1122 3440 1263 3502 requiritur,
1285 3438 1420 3489 subtilitate
1447 3439 1529 3488 rimari

176 3512 270 3559 invium
288 3511 334 3563 sit:
361 3522 410 3572 qua
428 3510 503 3558 etiam
522 3509 552 3558 do
570 3524 597 3558 re
615 3509 802 3558 eruditissimum
820 3508 954 3571 Kepierum
972 3526 1014 3574 por
1031 3510 1115 3559 literas
1133 3511 1264 3568 admonui,
1287 3515 1314 3559 et
1329 3510 1355 3558 in
1373 3508 1469 3569 Marte,
1487 3510 1528 3559 nbi

176 3581 227 3632 hae
246 3580 399 3631 differentiae
416 3582 495 3644 magis
513 3586 571 3629 sunt
588 3581 728 3638 sensibiles,
752 3580 888 3643 exemplum
913 3581 1026 3631 iudicavi.
1062 3580 1154 3631 Verum
1172 3582 1202 3631 de
1220 3580 1258 3630 his
1277 3587 1303 3631 et
1320 3580 1437 3632 similibus
1455 3582 1528 3631 nimis
1635 3618 1638 3622 .

177 3653 297 3716 prolixum
316 3653 379 3702 ieret
396 3651 435 3700 hic
453 3651 551 3715 singula
569 3653 674 3716 exsequi.

251 3724 298 3772 Ubi
316 3737 391 3787 opera
408 3737 465 3772 mea
483 3724 647 3772 astronomica
664 3723 744 3772 lucem
760 3722 885 3786 publicam
903 3724 1014 3779 viderint,
1033 3722 1097 3787 quod
1114 3737 1180 3773 nunc
1195 3722 1293 3787 maguis
1311 3722 1400 3771 ritibus
1417 3736 1464 3772 uec
1481 3725 1525 3772 mi·

177 3795 278 3844 neribus
296 3810 368 3858 quam
388 3803 463 3844 antea
480 3795 505 3842 in
524 3796 605 3857 patria
616 3809 701 3858 urgeo,
719 3794 860 3856 perspicies,
877 3796 914 3842 uti
926 3808 1006 3858 spero,
1024 3809 1076 3844 rem
1095 3796 1285 3844 astronomicam
1303 3793 1374 3842 aliter
1390 3807 1465 3856 quam
1482 3809 1525 3857 pu·

178 3874 248 3915 tatur
265 3866 426 3929 redintegrari
444 3880 523 3928 posse,
543 3872 569 3916 et
587 3881 628 3915 mo
646 3881 694 3915 non
713 3866 918 3915 contemnendam
937 3867 962 3914 in
978 3879 1009 3915 ea
1022 3865 1116 3917 locasse
1128 3879 1241 3930 operam
1260 3878 1335 3928 qnare
1353 3864 1383 3914 de
1401 3864 1439 3914 his
1457 3865 1527 3929 plura

178 3954 245 3987 nunc
264 3953 313 3986 non
333 3938 405 3986 addo.
442 3938 515 3986 Aliud
534 3937 649 4002 quiddam
668 3944 718 3991 est,
744 3938 790 3986 etsi
813 3938 912 3985 minoris
935 3939 1066 3996 momenti,
1091 3938 1156 4002 quod
1177 3946 1261 3986 tamen
1287 3935 1320 3985 ad
1337 3938 1463 4000 negotium
1480 3937 1527 3986 hoc

180 4010 318 4058 omnimode
337 4008 516 4072 exsequendum
535 4024 585 4058 uon
603 4023 690 4072 parum
708 4009 831 4064 conducit.
851 4023 892 4071 pro
912 4023 943 4059 ea
956 4008 1078 4066 videlicet,
1097 4023 1170 4072 quam
1188 4007 1376 4057 meridianorum
1394 4008 1484 4073 ingerit
1501 4010 1526 4057 in

178 4082 282 4130 rotundo
301 4080 393 4129 Terrae
410 4081 481 4145 giobo
500 4080 626 4136 alteratio,
649 4079 790 4129 diremitate
818 4079 921 4128 necdum
950 4081 1011 4128 satia
1029 4087 1146 4130 scemate
1164 4079 1305 4143 explorata,
1329 4078 1360 4128 de
1379 4092 1425 4142 quo
1442 4087 1525 4130 tecum

179 4165 254 4218 agere
283 4166 388 4201 arerem.
432 4151 458 4200 Si
480 4153 564 4216 itaque
588 4152 681 4214 aliquot
704 4151 819 4213 eclipses,
843 4152 989 4214 praesertim·
1010 4150 1135 4207 Lunares,
1160 4151 1232 4200 isthic
1254 4150 1375 4215 exquisita
1398 4150 1527 4216 diligentia

179 4226 318 4288 praeteritis
337 4225 408 4272 annis
427 4224 568 4272 observatas
584 4221 662 4272 habes
681 4218 724 4282 (de
742 4236 788 4285 qno
806 4237 857 4272 non
874 4219 983 4283 dubito),
1008 4237 1092 4272 aarum
1117 4229 1242 4272 momenta
1264 4237 1307 4286 per
1332 4222 1525 4273 observationum

179 4298 255 4345 ctiam
275 4296 471 4346 circumstantias
494 4308 590 4344 mecum
613 4300 708 4343 mature
734 4295 899 4343 communices
923 4295 1008 4350 velim,
1036 4286 1083 4358 quo
1109 4293 1239 4343 sedatione
1264 4294 1333 4343 iacta
1354 4307 1411 4343 cum
1429 4291 1463 4342 2⁰
1482 4299 1526 4342 aut

177 4367 285 4431 pluribus
299 4367 385 4416 Lunae
399 4366 509 4430 deliquiis
528 4379 544 4415 a
561 4379 601 4416 me
619 4381 668 4414 non
686 4367 772 4428 paucis
787 4366 840 4427 jam
856 4367 990 4415 transactis
1008 4366 1080 4414 annis
1098 4364 1227 4429 diligenter
1244 4365 1404 4415 consideratis
1422 4365 1525 4414 conferri

178 4444 280 4502 queant.
308 4438 425 4487 Existimo
445 4439 509 4486 enirn
527 4452 567 4486 me
586 4437 807 4501 aliqualnterea,
826 4450 954 4502 quaeego
973 4434 1275 4493 denotaviinrentumm,
1294 4435 1410 4500 quaesti
1466 4449 1485 4503 a,
1499 4441 1524 4485 ts

178 4509 252 4559 isthic
270 4509 400 4560 observata
418 4515 484 4566 sunt,
504 4514 577 4573 atque
595 4508 652 4559 hinc
669 4508 858 4557 meridianorum
876 4507 1043 4571 intercapedo,
1062 4514 1106 4556 aut
1124 4506 1157 4556 ad
1171 4507 1297 4556 minimum
1315 4506 1403 4556 ductus
1455 4507 1525 4569 cujus

178 4582 308 4630 meridiani
325 4596 370 4645 per
385 4588 454 4631 certa
471 4580 592 4645 quaedam
603 4580 750 4630 Germaniae
768 4579 824 4627 loca
840 4579 999 4643 pervestigari
1015 4579 1113 4643 poterit,
1132 4579 1315 4642 praesupposito
1333 4578 1445 4626 nimirum
1463 4591 1523 4641 quo·

179 4651 237 4701 dam
265 4655 363 4718 cognito
386 4653 419 4702 ad
437 4655 556 4702 rationem
575 4666 643 4708 eam,
667 4665 740 4715 quam
759 4649 915 4700 Ptolemaeus
934 4657 960 4700 et
978 4648 1126 4712 Cepernicus
1145 4656 1318 4699 assumserunt.
1355 4648 1409 4698 Hoc
1426 4649 1447 4697 si
1465 4648 1525 4698 mihi

178 4726 329 4787 praestiteris
348 4724 436 4781 cilicii,
461 4739 512 4774 rem
530 4739 579 4773 non
601 4723 679 4773 solum
703 4729 800 4789 gratam
828 4721 874 4771 sed
899 4722 975 4771 etiam
998 4722 1163 4770 asuonomiae
1181 4720 1325 4784 promotioni
1344 4734 1393 4769 non
1412 4719 1523 4770 inutilem

179 4794 298 4851 affeceris.
334 4795 404 4847 Idem
421 4810 515 4862 qnoque
534 4795 600 4861 apud
618 4796 694 4853 alios,
718 4800 837 4859 quotquot
857 4794 913 4842 nori
930 4791 1076 4844 coelestibus
1094 4793 1245 4857 appetentiis
1264 4790 1369 4843 fideliter
1386 4792 1521 4853 mandere,
