3428 5542
245 328 315 403 ‚m
385 259 388 262 .
811 320 927 386 aarum
941 320 1094 373 maus·

244 490 287 555 Sit
304 487 446 549 difflatu,
466 486 580 544 orbibus
601 484 747 546 meruleis,
769 483 859 539 limbis
880 499 961 545 vero,
979 483 1007 537 in
1029 482 1127 552 quibus
1148 483 1279 551 pluetas
1298 481 1444 535 decurrere
1462 479 1606 550 signitica-

242 570 341 641 hatur.
364 565 452 630 albia,
473 565 621 634 perlucidis
642 564 774 624 omnibus,
797 562 837 617 sic
857 569 890 617 ut
910 563 958 616 Sol
978 563 1006 616 in
1026 568 1121 615 centro
1142 561 1279 630 pendulus
1300 560 1387 614 rideri
1407 567 1513 629 posset.
1554 559 1607 615 Sa·

248 646 322 713 turni
344 645 418 703 orbis
439 662 489 701 sex
510 645 620 703 circulis
639 645 916 713 repraesentabatur,
938 643 985 712 qui
998 647 1092 696 mutuo
1113 657 1255 702 concursu,
1277 640 1348 695 terni
1363 640 1479 711 quidem.
1501 639 1608 710 angulo

155 768 158 773 -
247 725 312 787 sobi
332 726 428 785 domn
454 724 621 796 signabant.
651 724 705 779 bini
727 740 792 777 vero
820 728 915 777 centro
945 722 1023 791 plani
1043 721 1131 777 cubici
1161 722 1373 790 mperstabant;
1402 719 1480 774 Joris
1500 719 1609 773 orbium

246 805 370 869 extimus
389 804 486 866 tribus,
508 804 619 858 intimus
639 821 692 860 ser
713 802 831 865 circulis,
852 803 951 857 Martis
973 802 1093 856 extimus
1114 801 1213 855 iterum
1233 817 1300 862 sex;
1325 800 1435 855 intimus
1455 815 1530 862 vero,
1551 814 1608 853 non

246 884 438 954 &uuquam
458 884 576 939 Telluris
597 890 729 953 uterque,
751 882 922 952 Venerisque
942 883 1077 945 extimus,
1109 881 1211 952 singuli
1231 881 1309 935 denis
1330 881 1439 935 circulis
1458 880 1607 934 adu-bra·

244 967 368 1031 panim,
399 980 512 1033 quorum
532 963 607 1034 quini
628 962 786 1023 demades,
816 962 888 1016 terni
908 962 1004 1023 vicies,
1036 962 1092 1015 bini
1123 961 1216 1016 tricies
1237 962 1448 1015 concurrebant.
1491 958 1608 1013 Veneris

246 1043 324 1109 aubia
342 1042 453 1103 tadum
475 1044 602 1113 aequalis
622 1048 686 1097 erat
705 1041 782 1095 Jovia
803 1041 917 1103 extimo,
939 1042 1066 1095 Mercurii
1087 1043 1160 1095 orbis
1182 1041 1258 1095 Jovis
1279 1040 1390 1095 intimo:
1417 1040 1610 1109 spectaculum

246 1140 304 1183 aaa
322 1122 508 1185 inamoenum
530 1123 608 1191 cujus
624 1122 811 1177 momentum
831 1120 953 1191 quidem.
975 1127 1006 1175 at
1026 1138 1080 1174 non
1100 1122 1184 1190 ptaue
1205 1121 1369 1190 murrinum,
1398 1119 1491 1174 videre
1513 1127 1559 1173 art
1580 1119 1608 1172 ia

244 1203 341 1277 kun
358 1201 423 1263 huic
442 1202 573 1259 volumini
593 1202 731 1271 praefixa.

261 1292 266 1303 “
326 1276 364 1353 3)
384 1282 486 1337 Iocum
507 1281 612 1337 invenit
631 1281 790 1337 adhortatio
812 1296 886 1342 mea,
917 1281 1055 1334 commodo
1076 1296 1137 1333 meo
1164 1296 1219 1333 non
1240 1277 1362 1348 origum
1391 1295 1472 1350 quam
1493 1295 1609 1333 murusc-

245 1361 429 1421 medonem
453 1361 550 1417 honori
578 1378 720 1431 procerum
741 1379 778 1414 ex
800 1360 978 1430 gratitudinis
1001 1360 1065 1430 lege
1095 1359 1195 1413 tribuo.
1237 1358 1356 1413 illustris
1377 1360 1413 1412 D.
1435 1357 1607 1427 capitaneus

246 1442 283 1504 us
301 1441 414 1510 proprio
436 1441 546 1503 rtaunn
577 1441 676 1501 ceteri,
696 1448 729 1494 ut
749 1446 831 1494 erant
850 1441 912 1493 loco
933 1439 1054 1508 corporis
1076 1438 1301 1501 Provincialium‚
1328 1445 1494 1507 exspectato
1513 1455 1610 1492 eorum

248 1527 385 1579 mursutu
413 1521 478 1577 anni
502 1522 594 1584 1600,
623 1521 796 1592 magnificam
826 1519 891 1573 mihi
923 1527 988 1574 tunc
1016 1519 1044 1571 in
1064 1519 1199 1573 Bohemia
1227 1517 1335 1572 absenti
1366 1517 1609 1580 renuntiationem.

248 1615 408 1671 quanqum
426 1601 567 1657 exhausto
588 1601 724 1656 coutinuis
745 1600 826 1654 bellis
857 1599 1005 1654 limitaneis
1026 1599 1136 1653 aerario
1166 1599 1357 1668 impetrarunt.
1399 1599 1444 1651 lta
1471 1598 1611 1651 coelorum

247 1680 373 1745 conditor
393 1680 458 1735 mihi
480 1697 592 1749 operum
613 1698 723 1735 suorum
744 1679 872 1750 praeconi
900 1688 966 1735 tnnc
987 1682 1020 1733 de
1042 1679 1142 1733 viatico
1164 1679 1322 1749 prospexit,
1353 1678 1485 1733 familiam
1505 1678 1535 1733 in
1555 1679 1610 1732 Do·

248 1759 367 1824 hominm
387 1762 569 1818 umslstnm.

573 2297 781 2361 naulorum
804 2296 1003 2360 zumurus
1026 2297 1285 2362 resumetur.

533 2585 1020 2704 REVERENDISSIMO
1063 2587 1326 2726 PRINClPl,

671 2771 890 2836 ADMODUM
913 2771 1188 2836 REVERENDIS

250 2920 583 3030 tulusuttssttu
608 2921 914 3036 thUSTRlBUS‚
940 2921 1205 3037 uetustus
1229 2923 1266 3013 t.
1278 2924 1315 3014 L.
1332 2923 1613 3033 studuistis

410 3064 671 3179 sustituit,
700 3065 935 3182 tutundit,
968 3064 1218 3174 subustus
1247 3066 1450 3183 tunuli,

252 3228 290 3290 D.
305 3228 343 3290 D.
364 3227 603 3293 Pr0viuoialibus
627 3230 776 3293 universis
800 3230 1034 3313 splendidissimi
1054 3231 1190 3295 Ducatns
1211 3231 1331 3314 Styrinc
1343 3252 1351 3306 ;
1375 3232 1514 3295 Dominis
1539 3234 1614 3298 meis

811 3338 1051 3417 gratiosissimis.

196 3546 205 3560 ¹
237 3499 248 3514 ·
290 3476 564 3551 Revereudisrimc
587 3478 762 3560 Prinoepu
787 3479 968 3542 Admodum
991 3479 1180 3553 Rcucreudr‘,
1205 3477 1365 3555 Illustres,
1392 3480 1549 3543 Generosi
1556 3501 1569 3553 ,·

562 3582 708 3659 Nobr‘lcr,
733 3584 881 3660 Sirenum
904 3587 1042 3651 Domini
1060 3588 1298 3669 modestissimi.

339 3759 447 3821 Annus
462 3760 511 3822 hic
525 3768 575 3822 est
591 3761 752 3823 vicesimus
772 3762 903 3841 quintus,
919 3783 956 3824 ex
980 3782 1037 3844 qno
1062 3763 1195 3824 libellum
1219 3782 1274 3843 ego
1298 3771 1506 3842 praesentem,
1530 3764 1613 3846 My·

251 3849 406 3910 sterium
432 3846 783 3929 cosmographicnm
808 3852 1014 3928 iudicatarum,
1031 3851 1263 3931 Magistratibns
1288 3853 1367 3914 illins
1392 3852 1547 3931 temporis,
1573 3854 1612 3915 dc

250 3945 373 3996 vestrae
397 3939 618 4000 communitatis
642 3940 875 4001 honoratissimo
899 3960 1021 4021 corpore
1046 3943 1147 4015 lectis,
1179 3942 1351 4022 inscriptum
1376 3943 1455 4003 inter
1477 3941 1614 4004 homines

251 4022 383 4107 vulgavi.
428 4024 498 4087 Etsi
522 4046 593 4088 vero
617 4036 688 4090 tunc
712 4030 821 4110 oppido
841 4029 960 4111 Juvenis
984 4050 1081 4106 eram,
1106 4031 1290 4111 primumque
1314 4030 1370 4092 hoo
1390 4031 1613 4093 astronomicae

169 4108 181 4119 ’
250 4110 448 4191 professionis
472 4116 649 4196 tyrocinium
675 4118 815 4184 edebam,
840 4138 996 4182 successus
1019 4128 1119 4183 tamen
1154 4119 1209 4200 ipsi
1239 4126 1466 4181 consecutorum
1490 4128 1613 4201 tempo-

250 4219 316 4265 rum
340 4202 422 4265 elata
445 4222 517 4267 voce
542 4214 703 4283 testantur,
730 4209 842 4269 nullum
865 4208 1079 4280 admirabilius,
1094 4210 1205 4271 uuilnm
1222 4208 1347 4285 felicius,
1367 4208 1479 4272 nullum
1494 4208 1615 4272 scilicet

250 4287 281 4353 io
304 4289 433 4355 materis
456 4292 583 4371 digniori
607 4295 739 4375 positum
762 4316 829 4357 esse
855 4316 983 4377 unquam
1006 4319 1026 4360 a
1048 4317 1197 4379 quoquam
1221 4297 1408 4380 tyrocinium.
1441 4298 1512 4363 Xon
1533 4297 1614 4361 enirn

250 4378 355 4443 haberi
378 4379 470 4443 debet
492 4383 564 4445 illud
590 4384 698 4446 nudum
721 4384 832 4463 ingenii
854 4387 911 4449 mei
935 4396 1135 4451 commentum
1163 4387 1258 4460 (absit
1281 4386 1371 4466 htrjus
1394 4385 1436 4449 rei
1455 4385 1614 4466 jactantia

251 4488 270 4527 a
292 4467 385 4537 meis,
415 4469 575 4534 admiratio
599 4493 618 4534 a
641 4473 764 4535 lectoris
787 4476 943 4550 sensibus,
975 4476 1044 4538 dum
1075 4475 1242 4555 sapientiae
1275 4474 1431 4539 creatricis
1458 4475 1614 4556 tangimus

251 4555 432 4629 l’salterium
466 4559 716 4639 heptachordum)
750 4564 988 4643 quandoquidem
1022 4585 1079 4626 nou
1114 4562 1202 4625 secus
1234 4585 1269 4625 ac
1298 4565 1324 4626 si
1357 4564 1506 4626 dictatum
1538 4564 1614 4627 mihi

252 4644 360 4706 inisset
387 4644 426 4706 ad
455 4649 601 4709 calamum
634 4650 787 4710 oraculum
816 4653 942 4713 coelitus
971 4654 1141 4734 delapsum,
1176 4653 1220 4713 ita
1248 4655 1347 4715 omnia
1374 4654 1493 4733 vulgati
1518 4653 1614 4715 libelli

251 4733 354 4811 capita
384 4735 548 4817 praecipua
581 4744 612 4796 et
644 4737 802 4798 renssima
832 4741 935 4802 statim
968 4743 1063 4823 (qnod
1092 4743 1191 4804 solent
1224 4760 1316 4823 opera
1344 4740 1400 4802 Dei
1432 4742 1612 4815 manifesta)

252 4819 369 4882 memet
394 4822 500 4902 agnita
522 4824 561 4887 ab
585 4823 837 4907 intelligentibus:
861 4838 893 4890 et
916 4847 970 4911 per
993 4830 1047 4892 bos
1067 4826 1110 4893 25
1125 4850 1220 4893 annos
1239 4831 1309 4898 mihi
1329 4833 1422 4896 telam
1439 4830 1613 4913 pertenenti
