3428 5542
590 318 713 381 renuo
731 326 892 398 noneo-
994 293 1016 335 ·’
1311 350 1313 354 2
1351 320 1422 406 err

66 483 277 565 multiplicatio
300 487 438 568 ejusdem
460 487 498 549 in‘
514 487 570 549 sibi
594 488 701 562 simile,
727 489 881 569 quodlibet
904 486 1058 562 eomodo,
1083 508 1140 570 qne
1165 490 1317 552 essentiae
1334 490 1422 554 modo

66 573 168 636 utitur.
217 575 321 654 Imago
355 576 418 655 ejus
446 576 507 649 vis,
540 595 616 657 qnae
640 578 670 639 in
694 596 783 639 manu
807 585 868 650 est,
900 577 1077 658 relinquitur
1099 575 1129 640 in
1153 579 1254 659 lapide
1283 586 1315 640 et
1336 578 1421 641 illuni

66 663 151 723 vehit
174 682 291 725 sursum
325 665 416 744 fitque
450 664 607 748 impressio
636 685 729 726 causa
748 666 894 726 materiae
924 673 956 727 et
977 667 1140 745 temporis,
1174 667 1245 747 qnia
1266 675 1423 748 utrumqne

67 750 107 811 ad
132 760 231 813 motus
255 753 419 814 essentiam
442 753 618 833 requiritur3
641 754 743 833 imago
767 754 841 815 lucis
866 774 886 815 a
909 754 973 815 luce
997 755 1095 816 effluit
1118 774 1211 817 cansa
1235 755 1328 818 solius
1353 756 1420 831 loci,

67 840 139 919 quia
162 849 247 902 caret
269 841 321 903 lux
344 840 472 902 materia
494 849 526 903 et
548 850 693 922 tempore.
739 843 845 922 Imago
878 842 970 922 igitur
1002 851 1034 904 et
1063 844 1128 923 ejus
1152 845 1309 924 temporis,
1345 846 1423 924 quod

65 937 137 1008 post
159 936 277 1008 partum
299 928 433 1010 proxime
458 928 529 1003 ruit,
558 930 673 1004 effluit,
709 930 867 1009 elongatur
888 952 909 1007 a
932 940 1066 1010 ternpore
1090 932 1141 994 illo
1176 932 1205 994 in
1229 926 1423 1012 proportione

66 1026 237 1096 temporum
261 1018 396 1092 illorum,
430 1027 462 1080 et
486 1020 644 1099 elongatur
672 1019 822 1081 inlocum
847 1020 991 1099 temporis
1024 1021 1154 1096 ratione,
1190 1022 1259 1102 quia
1283 1030 1314 1082 et
1337 1040 1424 1084 sunm

66 1105 213 1185 originale
247 1127 300 1168 sen
330 1108 396 1167 lons
425 1107 549 1188 ejusque
578 1108 712 1170 essentia
740 1117 859 1187 tempus
893 1116 950 1173 est.
997 1111 1048 1170 Ita
1074 1109 1243 1172 tricesimus
1268 1110 1333 1172 dies
1357 1130 1423 1174 cum

66 1196 317 1268 antecedentibus
340 1205 520 1276 prorogatur
544 1197 572 1258 in
597 1194 640 1260 30
663 1216 767 1271 annos,
793 1196 930 1277 quodque
950 1198 1007 1259 fnit
1029 1199 1077 1259 die
1098 1198 1250 1261 tricesimo
1274 1199 1302 1260 iu
1327 1201 1421 1273 coelo,

65 1292 209 1365 operatur
232 1303 310 1345 anno
334 1285 486 1347 tricesimo
510 1286 539 1346 in
564 1286 696 1358 homine,
730 1285 853 1364 perinde
877 1305 913 1347 ac
937 1285 963 1346 si
996 1295 1059 1347 tum
1082 1287 1200 1350 demum
1223 1288 1370 1350 existeret
1391 1288 1421 1348 in

65 1374 165 1448 coelo,
191 1374 280 1454 plane
305 1381 338 1435 ut
356 1375 439 1436 calor
461 1374 528 1446 ille,
553 1375 601 1455 qui
627 1374 727 1436 estin
752 1373 839 1448 Sole,
871 1383 1014 1454 operatur
1038 1375 1266 1438 calefactionem
1291 1376 1319 1438 in
1345 1376 1421 1437 Ter-

13 1482 16 1489 ’
66 1480 148 1534 ram,
183 1462 306 1542 perinde
330 1481 365 1522 ac
390 1462 416 1522 si
440 1462 493 1524 Sol
518 1464 581 1543 ipse
605 1472 688 1524 esset
720 1462 749 1523 in
774 1464 880 1525 Terra:
924 1463 982 1525 Hic
1007 1464 1103 1525 distat
1125 1465 1245 1544 patiens
1273 1472 1304 1526 et
1328 1482 1422 1544 agens

66 1570 161 1614 causa
185 1551 255 1625 loci,
289 1551 350 1612 illic
373 1571 467 1612 cansa
489 1551 642 1631 temporis.
687 1552 822 1614 Medium
845 1552 892 1613 hic
916 1550 1001 1613 radio
1025 1552 1230 1626 continuatur,
1264 1553 1326 1615 illic
1349 1571 1422 1632 pro-

65 1641 218 1722 portione,
253 1639 322 1718 quia
350 1639 406 1701 hoc
436 1641 486 1701 lux
510 1649 572 1713 est,
611 1640 685 1701 illud
715 1649 813 1703 motus
846 1640 874 1703 in
908 1649 990 1703 certo
1022 1659 1141 1704 numeru
1175 1650 1208 1703 et
1229 1641 1421 1723 proportione

67 1739 441 1866 teaulonillrsrlcius:Praeter
460 1816 573 1866 cardines
599 1817 661 1867 cosli
679 1817 789 1867 nullas
808 1816 1059 1883 agnosciaslias
1078 1817 1193 1867 domus.
1229 1816 1312 1868 Miror.
1344 1816 1421 1868 Prae·
1473 1795 1476 1798 ⁴

67 1895 106 1938 ter
125 1894 239 1953 aspectus
259 1886 397 1936 cardinales
424 1888 510 1936 alios
539 1894 690 1951 aspectus
716 1888 909 1946 introducis;
939 1895 1005 1939 certe
1034 1894 1155 1938 etuoras
1173 1888 1258 1938 domus
1281 1889 1422 1948 fabricabis,

67 1973 128 2010 nam
146 1965 261 2022 aspectus
281 1958 405 2007 domorum
423 1959 557 2007 interstitia
577 1960 737 2008 constituunt.

156 2031 360 2109 Keplerus:
395 2029 548 2104 Miraris,
568 2030 646 2110 quod
671 2049 825 2093 numerum
844 2032 997 2092 domorum
1020 2030 1209 2102 imminuam,
1244 2039 1421 2111 aspectuum

67 2119 218 2199 augeam?
265 2115 345 2188 Quia
368 2118 443 2180 illud
466 2117 601 2179 homines
626 2129 805 2194 sanxerunt,
832 2120 887 2181 hoc
912 2126 1029 2181 natura.
1076 2118 1128 2181 Sic
1151 2119 1224 2181 mihi
1248 2121 1422 2182 demonstra

67 2217 189 2270 veteres
214 2207 328 2280 domus,
355 2214 389 2268 ut
412 2226 468 2287 ego
494 2206 548 2268 tibi
569 2225 662 2269 novos
680 2218 831 2290 aspectus.
878 2207 1039 2269 Rationem
1055 2208 1146 2269 redde
1162 2209 1292 2282 numeri;
1316 2209 1421 2288 proba,

67 2297 169 2378 plures
198 2305 230 2358 et
257 2294 415 2376 panciores
446 2315 513 2358 esse
544 2315 601 2357 non
624 2314 731 2376 posse;
766 2296 860 2358 deduc
884 2316 1005 2358 causam
1036 2314 1074 2357 ex
1097 2296 1163 2376 ipso
1186 2297 1287 2359 mnndi
1312 2298 1420 2360 arche-

67 2396 155 2470 typo,
190 2406 227 2447 ea
250 2385 449 2465 geometriae,
484 2384 631 2464 genuinae
656 2385 787 2458 scilicet,
823 2385 995 2465 principiis,
1027 2386 1154 2447 ostende
1178 2385 1318 2467 exempla
1340 2386 1421 2448 illius

68 2474 291 2538 distributionis
323 2473 445 2535 indubia
469 2483 500 2535 et
524 2473 698 2552 splendida3
731 2474 856 2554 denique
880 2473 1021 2548 ostende,
1045 2473 1075 2535 in
1098 2474 1223 2552 proclivi
1248 2494 1332 2547 esse,
1366 2495 1422 2556 er-

67 2565 250 2645 perientiam
273 2581 397 2643 capere,
422 2582 478 2623 nec
503 2563 610 2624 leviter
633 2563 803 2641 capientem
827 2563 933 2624 fallere
957 2563 1049 2638 hauc,
1074 2581 1128 2622 nec
1153 2562 1369 2642 ambiguitates
1392 2564 1421 2625 in

68 2653 252 2733 experiundo
276 2650 376 2732 objici.
424 2650 509 2712 Haec
535 2651 635 2712 omnia
658 2651 716 2712 leci
740 2651 816 2712 meis
833 2650 1016 2730 aspectibus.
1064 2651 1201 2714 Proclive
1226 2650 1283 2713 tibi
1303 2659 1352 2713 est
1374 2653 1420 2712 rel

67 2740 260 2822 cuiquealii,
286 2760 323 2801 ex
347 2739 432 2801 novis
457 2739 629 2819 aspectibus
653 2729 793 2801 etnovas
810 2739 958 2800 fabricare
974 2740 1087 2813 domus,
1113 2741 1192 2821 quia,
1218 2759 1265 2801 me
1281 2741 1421 2816 Hercule,

70 2851 159 2912 quarn
189 2848 304 2910 paucae
332 2836 403 2889 sunt
436 2829 474 2889 ad
499 2829 737 2908 respondendum
772 2829 811 2890 ad
835 2828 934 2889 omnia
956 2828 1153 2907 interrogata.
1201 2831 1247 2891 Tu
1271 2849 1341 2892 vero
1366 2831 1422 2891 de-

66 2928 203 2982 monstra
235 2928 288 2980 aut
299 2939 329 2978 ‘a
351 2917 528 2978 Ptolemaeo
562 2925 737 2997 usurpatum
766 2917 995 2992 duodenarium,
1030 2925 1082 2977 aut
1115 2919 1177 2980 alia
1205 2917 1243 2980 ab
1267 2918 1421 2981 Arabibus

66 3009 252 3078 introducta.
300 3004 390 3077 Quod
420 3024 491 3067 vero
525 3006 671 3069 rationem
704 3005 743 3068 ab
771 3006 945 3086 aspectibus
980 3006 1083 3079 ducis,
1116 3008 1248 3069 concedo
1278 3007 1332 3070 tibi
1365 3008 1422 3070 hoc

66 3107 159 3179 pacto
184 3099 298 3170 domus,
324 3105 357 3156 ut
380 3095 443 3156 sint
469 3095 497 3173 in
521 3095 676 3173 patiendo,
700 3095 778 3177 quod
801 3097 925 3175 planeta
948 3095 976 3156 in
993 3095 1120 3173 agendo.
1165 3096 1208 3158 Et
1227 3105 1327 3159 tamen
1343 3097 1422 3158 malo

67 3187 184 3260 dicere,
211 3185 374 3248 Saturnum
399 3184 426 3244 in
452 3185 553 3245 sextili
572 3185 665 3247 Medii
680 3183 774 3257 Coeli,
799 3203 887 3264 quam
911 3184 939 3245 in
956 3183 1132 3245 duodecima
1146 3185 1243 3260 domo,
1268 3185 1328 3247 nisi
1344 3184 1424 3267 quod

67 3286 101 3338 et
123 3275 294 3338 memoriam
314 3274 403 3353 juvat
427 3272 607 3335 distributio.
654 3274 722 3336 Non
746 3292 855 3353 pugno,
881 3280 915 3334 ut
938 3273 993 3334 has
1013 3272 1176 3361 destruam,
1203 3275 1257 3336 sed
1278 3293 1421 3356 repugno,

66 3385 104 3437 ne
129 3364 285 3427 aedificem
309 3372 362 3424 aut
385 3362 515 3424 sarciam
539 3362 615 3423 illos.

98 3491 101 3497 .
139 3453 322 3504 Fabricius:
352 3450 500 3512 Quaeritur,
527 3465 560 3499 au
579 3451 682 3514 planeta
703 3451 776 3511 Juxta
796 3447 1008 3499 latitudinem
1027 3449 1210 3514 dirigendus
1229 3451 1261 3499 sit
1281 3451 1421 3500 adasceu·

68 3526 170 3576 dentem
194 3523 233 3573 rel
253 3522 347 3580 Solem,
372 3523 410 3571 rel
437 3523 490 3573 sine
516 3520 664 3570 latitudine?
699 3519 789 3582 Magni
816 3521 933 3568 momenti
952 3535 991 3570 res
1010 3527 1063 3577 est,
1093 3528 1120 3570 et
1137 3521 1162 3569 in
1181 3521 1355 3570 directionibus
1373 3537 1423 3571 aon

67 3612 172 3661 parvam
191 3596 252 3645 lacit
271 3593 444 3644 differentiam.
482 3594 533 3658 Ego
553 3593 623 3641 rideo
642 3593 721 3655 potius
741 3592 794 3640 sine
814 3590 944 3640 latitudine
958 3591 1106 3642 directiones
1118 3593 1275 3655 respondere,
1294 3594 1353 3656 quia
1364 3592 1431 3656 lati·¹

66 3669 160 3718 tudinis
178 3669 214 3715 ris
234 3667 315 3715 estin
333 3665 412 3731 gradu
429 3665 597 3731 longitudinis.
617 3669 644 3712 et
661 3662 765 3726 planeta
783 3663 879 3712 ratione
898 3661 1058 3726 longitudinis
1076 3664 1124 3712 rim
1146 3661 1241 3712 zodiaci
1255 3664 1422 3727 consequitur,

67 3754 133 3805 quae
151 3738 268 3788 videlicet
286 3737 320 3786 illi
338 3738 412 3787 inest.

157 3810 366 3890 Keplerus:
391 3806 496 3886 Dirige
521 3807 630 3880 sidera,
657 3813 689 3866 ut
712 3804 856 3879 oriuntur,
882 3804 922 3865 ad
938 3805 1150 3867 ascendentem
1165 3811 1198 3867 et
1211 3805 1254 3866 M.
1273 3803 1325 3879 C„
1349 3823 1422 3884 ergo

67 3919 123 3980 per
146 3898 333 3962 latitudines.
381 3897 415 3956 ld
439 3896 699 3976 Regiomnntanus
723 3893 893 3955 inculcavit.
941 3891 1286 3975 CumSoldirigendus
1311 3895 1422 3955 estad

69 3989 234 4061 Venerem,
259 3995 290 4047 et
313 3985 366 4047 illa
388 3985 482 4047 habet
506 3980 551 4048 9⁰
575 3985 645 4057 lat,
671 3981 737 4044 dico
762 3982 878 4044 fatuam
902 3982 1115 4060 directionem,
1150 3983 1233 4065 quia,
1259 4002 1325 4046 cunr
1348 4001 1420 4062 pro-

66 4078 141 4141 ximi
164 4077 238 4139 facti
262 4084 340 4150 sunt,
365 4071 408 4138 9⁰
431 4074 615 4136 distiternnt.
663 4073 707 4133 Tu
730 4071 832 4133 nescio
856 4072 926 4151 quid
949 4093 1115 4150 reposcere:
1143 4075 1281 4153 planeta,
1308 4073 1418 4152 inquis,

67 4169 185 4229 ratione
211 4163 404 4244 longitudinis
428 4164 487 4223 vim
512 4161 626 4223 zodiaci
651 4159 853 4239 consequitur.
899 4161 968 4222 Non
989 4160 1130 4223 zodiacus
1153 4162 1295 4242 planetis,
1320 4162 1375 4222 sed
1391 4161 1421 4222 hi

67 4256 191 4318 zodiaco
216 4255 276 4315 vim
301 4253 477 4332 largiuntur.
524 4252 670 4312 Planetae
694 4249 772 4309 enim
797 4249 884 4310 inse
909 4249 983 4328 ipsis
1007 4256 1088 4311 sunt.

142 4344 323 4395 Fabricius:
343 4341 489 4406 Eolipses
507 4340 594 4390 inira
612 4338 741 4387 Terram
761 4337 933 4402 contingentes
950 4339 976 4388 in
995 4338 1129 4404 generibus
1147 4353 1196 4388 non
1214 4344 1273 4388 sunt
1290 4338 1419 4404 negligen-

66 4416 124 4476 dae,
144 4430 202 4465 cum
219 4417 280 4464 vires
299 4427 357 4463 ruas
376 4419 508 4463 exerceant
527 4411 559 4461 ad
577 4410 677 4460 modum
695 4409 858 4472 planetarum.

159 4487 362 4566 Keplerus:
395 4485 468 4546 Illas
497 4484 599 4563 ntique
623 4480 790 4543 censuerim
814 4480 1063 4564 considerandas,
1096 4488 1129 4540 at
1150 4499 1210 4541 non
1234 4481 1337 4555 aliter,
1363 4480 1421 4541 nisi

68 4576 312 4658 conjunctionem
343 4574 537 4654 corporalem.
584 4571 666 4632 Nam
700 4569 818 4631 luminis
848 4568 979 4630 subitam
1008 4569 1209 4649 privationem
1237 4571 1320 4632 nulla
1342 4569 1421 4630 ratio

67 4667 207 4729 admittit
228 4664 285 4725 nisi
310 4682 345 4725 eo
370 4664 435 4725 loco
460 4662 661 4734 considerare,
687 4659 736 4721 ubi
751 4658 892 4721 cernitur.
944 4658 1009 4719 Tua
1029 4658 1250 4737 argumentatio
1273 4659 1355 4720 nulla
1374 4667 1422 4719 est

68 4758 300 4837 aplanetarum
333 4753 446 4815 viribus
478 4751 516 4812 ad
535 4752 615 4811 vires
639 4748 803 4829 eclipsium.
850 4748 980 4808 Planeta
1008 4755 1057 4808 est
1080 4747 1265 4822 substantia,
1300 4747 1422 4826 eclipsis

67 4855 119 4909 est
139 4844 282 4928 privatio,
307 4841 509 4905 determinata
531 4839 592 4902 situ
616 4838 691 4900 certi
715 4837 782 4900 loci.
828 4836 894 4899 Illis
907 4835 1002 4917 igitur
1024 4855 1092 4899 esse
1116 4836 1198 4899 vires
1215 4837 1258 4899 nil
1271 4836 1422 4918 prohibet,
1491 4856 1496 4862 ¹

739 4958 765 5004 θ
