3428 5542
662 351 784 404 eddom·
801 352 948 417 mmm·
1428 349 1490 416 105

128 511 242 591 reliquo
265 510 357 572 etiam
381 510 503 574 dimidio
526 511 687 573 excurrat?
731 511 758 572 E
783 509 888 593 Styria
910 512 1080 592 qnondam,
1104 520 1138 573 ut
1162 511 1239 586 dixi,
1265 512 1304 573 ad
1328 513 1488 589 Brahoum,

128 601 159 662 id
183 599 293 660 estad
316 618 405 680 opus
428 599 649 663 Tabularum
672 599 988 680 Rndolphioarum
1012 601 1236 674 maturandum,
1260 602 1415 680 profectus
1438 614 1488 665 est

128 688 247 750 libellos
271 687 338 764 iste,
364 708 410 751 me
435 689 546 750 latore:
571 689 641 770 qnid
666 689 812 762 insolens,
847 688 917 772 quid
945 689 1021 751 adeo
1046 689 1175 752 alienum
1203 711 1222 750 a
1244 689 1373 769 pristino
1397 691 1489 753 insti-

129 786 194 839 tuto
218 786 331 846 vestro,
356 778 511 850 Pressas,
536 779 605 858 quid
631 777 757 857 denique
781 796 838 837 uon
863 786 981 857 gratnm
1005 778 1195 840 Ferdinando
1220 778 1398 856 Imperatori
1423 781 1489 844 Au-

128 874 236 947 gusto,
269 865 420 946 Rndolphi
443 874 515 946 post
538 866 702 928 Matthiam
726 865 908 939 successori,
943 867 1094 941 feceritis,
1131 867 1156 928 si
1180 875 1384 930 revertentem
1412 888 1489 931 nunc

128 955 277 1029 libellum,
296 964 429 1017 veterem
451 956 589 1017 clientem
609 964 751 1027 vestrum,
778 955 814 1016 de
839 955 928 1016 rebus
951 955 1068 1016 interea
1092 955 1188 1035 gestie
1217 956 1362 1031 audiatis,
1388 956 1414 1019 si
1436 965 1487 1020 ta-

129 1045 263 1105 bularum
287 1063 362 1124 opus
387 1044 567 1107 laboriosum
591 1052 623 1105 et
645 1043 823 1115 sollicitum,
855 1042 881 1104 si
906 1044 1030 1107 delicias
1056 1045 1175 1106 humani
1198 1045 1332 1126 generis,
1368 1046 1396 1107 si
1424 1045 1490 1109 Ru-

129 1132 231 1212 dolphi
251 1133 445 1212 Imperatoris
470 1153 574 1195 nomen
599 1134 794 1212 honoresque,
819 1131 937 1193 modica
951 1133 1136 1195 liberalitate
1155 1135 1375 1213 promovendos
1390 1134 1489 1198 susci-

128 1221 237 1301 piatie3
262 1223 288 1283 si
312 1223 390 1285 hanc
404 1223 642 1284 vetustissimam
660 1213 941 1284 mathematicarum
956 1221 1182 1301 disciplinarum
1198 1223 1370 1286 clientelam
1387 1224 1491 1287 domus

129 1311 307 1385 Austriaca,
337 1332 374 1372 ne
402 1307 469 1373 hoc'
486 1312 604 1393 quidam
634 1308 815 1392 gravissimo
842 1317 924 1371 motu
953 1328 1113 1385 concussa,
1157 1311 1363 1374 intercedente
1388 1320 1492 1375 vestra
1586 1352 1591 1360 ι

130 1400 356 1462 succenturiata
378 1400 584 1480 providentia,
610 1399 744 1462 dimittat
768 1399 919 1459 umerisve
943 1399 1053 1460 cedat?

218 1489 276 1550 Hic
298 1489 391 1567 igitur
413 1489 613 1551 dedicationis
636 1488 724 1567 hujus
751 1487 900 1567 repetitae
925 1506 1033 1568 scopus
1057 1494 1142 1562 esto,
1173 1507 1259 1568 quem
1284 1488 1310 1549 ei
1334 1509 1353 1548 a
1376 1496 1490 1563 vestra,

129 1579 285 1652 Proceres,
310 1577 534 1659 magnificentia
559 1579 642 1640 fuero
666 1584 876 1656 consequutus,
901 1575 931 1638 id
955 1595 1041 1638 omen
1067 1577 1137 1638 mihi
1152 1577 1313 1639 maximum
1333 1577 1399 1652 erit,
1417 1578 1492 1652 fore,

130 1675 163 1729 ut
185 1668 358 1748 priusquam
381 1686 437 1746 ogo
456 1666 665 1747 Rudolphinas
692 1666 721 1727 iu
752 1666 848 1728 lucem
876 1665 1028 1744 proteram
1055 1665 1221 1746 colophone
1249 1667 1307 1728 hoc
1330 1673 1490 1730 restaura·

129 1757 204 1819 tioni
228 1756 449 1818 astronomicae
472 1757 632 1835 imposito:
661 1750 849 1817 restauratus
872 1754 928 1816 sub
951 1754 1141 1817 Ferdiuaudo
1165 1755 1205 1816 ll.
1230 1763 1302 1834 post
1330 1773 1429 1820 anuos⁴
1453 1756 1492 1820 ab

129 1852 255 1907 excessu
279 1845 459 1908 Ferdiuandi
486 1846 509 1908 l.
532 1845 631 1906 miuus
654 1843 829 1921 sexaginta,
853 1841 1076 1922 provinciarum
1093 1843 1323 1906 Austriacamm
1352 1845 1493 1927 antiquus

130 1937 181 1996 ille
206 1934 369 2013 quinarius,
393 1934 540 2013 repressis
565 1934 652 1996 bellis
675 1933 821 2005 civilibus,
847 1938 880 1993 et
898 1950 973 2010 pace
993 1951 1092 1994 rernm
1112 1933 1225 2012 optima
1240 1933 1373 2007 reducta,
1395 1934 1492 1997 denuo

128 2022 286 2104 pristinum
315 2023 345 2084 iu
373 2023 501 2085 nitorem
526 2024 712 2095 efflorescat;
736 2021 814 2101 quod
838 2039 940 2094 omen,
966 2020 1128 2101 angoribus
1152 2023 1189 2083 ob
1214 2022 1296 2083 mala
1317 2023 1494 2100 praeseutia

129 2132 186 2173 uon
210 2113 318 2174 leviter
341 2120 527 2192 quassatum,
552 2113 634 2173 Deus
657 2111 731 2193 Opt.
756 2111 837 2172 Max.
864 2108 1056 2172 miseratione
1082 2109 1247 2181 ecclesiae,
1272 2111 1324 2172 tilii
1348 2111 1395 2172 sni
1419 2131 1492 2174 sau-

130 2202 216 2281 guine
245 2201 413 2274 redemtae,
450 2200 598 2280 propitius
625 2201 731 2268 firmet,
756 2199 830 2260 iram
861 2216 947 2259 suam
982 2198 1105 2260 tandem
1133 2219 1152 2259 a
1180 2200 1265 2262 uobis
1294 2219 1436 2262 aversam
1463 2200 1492 2265 iu

130 2299 236 2370 gentes
264 2289 423 2351 ecclesiam
446 2299 605 2352 vastantes
632 2295 807 2361 convertat,
839 2285 996 2365 imperium
1023 2287 1205 2351 Ferdiuaudi
1234 2290 1272 2351 ll.
1296 2289 1372 2370 Imp.
1397 2290 1491 2370 Aug,

131 2379 290 2441 exstinctis
320 2377 431 2440 irarum
461 2378 619 2441 incentivis
648 2377 774 2438 salutari
806 2375 986 2449 clementiae
1015 2396 1090 2438 aura
1123 2378 1295 2457 mitigatum
1318 2386 1492 2459 prosparet;

131 2487 189 2547 qua
212 2470 330 2530 ratione
348 2478 379 2530 et
403 2466 523 2549 Styria,
549 2469 686 2529 fortunae
710 2485 795 2527 meae
818 2464 917 2543 prima
935 2464 1128 2536 incunabula,
1160 2485 1283 2547 cumque
1308 2467 1361 2530 illa
1383 2477 1416 2530 et
1437 2486 1493 2530 vos

131 2556 372 2619 reverendissimi
397 2556 678 2637 generosissimique
702 2554 858 2624 proceres,
883 2553 938 2615 snb
962 2553 1018 2615 alis
1042 2554 1162 2640 aquilae
1187 2557 1244 2618 tuti
1270 2576 1289 2617 a
1311 2556 1428 2620 vulture
1451 2556 1491 2620 li-

132 2646 273 2719 mitaneo,
297 2665 454 2726 rerumque
479 2646 608 2707 omniurn
633 2643 719 2724 copia
742 2641 917 2721 locupletes,
942 2642 971 2703 iu
995 2661 1090 2704 anuos
1114 2643 1285 2707 innumeros
1305 2645 1491 2726 perduretis:

133 2735 238 2814 quibus
263 2735 366 2796 dehita
389 2754 456 2796 cnm
479 2734 674 2797 veneratione
697 2751 743 2793 rue
766 2729 953 2793 commendo.

222 2824 344 2886 Valete.
392 2824 510 2886 Dabam
533 2821 728 2886 Franhofurti
751 2818 803 2883 20.
830 2815 916 2893 (30.)
939 2819 1022 2881 Juuii
1044 2814 1138 2881 1621.

437 2911 515 2976 Rev.
541 2923 573 2975 et
596 2911 674 2974 Gen.
699 2909 782 2988 Mag.
808 2909 848 2971 V.

879 2995 1084 3059 deditissimus
1108 2997 1204 3060 cliens

681 3086 824 3150 Ioannes
845 3083 1019 3166 Keplerua‚
1043 3087 1114 3149 olim
1137 3085 1260 3170 Styriae
1282 3105 1448 3166 procemm,

662 3186 732 3255 post
757 3175 851 3254 lmpp.
868 3172 976 3237 Caene.
997 3174 1150 3255 Rndolphi
1174 3186 1206 3239 et
1220 3175 1382 3251 Matthiae,
1407 3177 1427 3240 l.
1452 3197 1492 3241 m.

660 3265 744 3326 ordd.
766 3283 793 3345 q.
811 3263 954 3325 nustriae
976 3261 1231 3342 Supr-Auisauae
1246 3265 1493 3329 Mathematicus.
