<?xml version="1.0" encoding="UTF-8"?>
<!DOCTYPE html PUBLIC "-//W3C//DTD XHTML 1.0 Transitional//EN"
    "http://www.w3.org/TR/xhtml1/DTD/xhtml1-transitional.dtd">
<html xmlns="http://www.w3.org/1999/xhtml" xml:lang="en" lang="en">
 <head>
  <title>
</title>
<meta http-equiv="Content-Type" content="text/html;charset=utf-8" />
  <meta name='ocr-system' content='tesseract 3.04.00' />
  <meta name='ocr-capabilities' content='ocr_page ocr_carea ocr_par ocr_line ocrx_word'/>
</head>
<body>
  <div class='ocr_page' id='page_1' title='image "./joanniskepleria10frisgoog/joanniskepleria10frisgoog_0454.png"; bbox 0 0 3428 5542; ppageno 0'>
   <div class='ocr_carea' id='block_1_1' title="bbox 603 293 1543 367">
    <p class='ocr_par' dir='ltr' id='par_1_1' title="bbox 603 293 1543 367">
     <span class='ocr_line' id='line_1_1' title="bbox 603 293 1543 367; baseline 0.005 -5"><span class='ocrx_word' id='word_1_1' title='bbox 603 293 608 299; x_wconf 84' lang='lat'>·</span> <span class='ocrx_word' id='word_1_2' title='bbox 701 296 858 362; x_wconf 66' lang='lat' dir='ltr'>osseo-0</span> <span class='ocrx_word' id='word_1_3' title='bbox 874 297 1026 349; x_wconf 61' lang='lat' dir='ltr'>...ema</span> <span class='ocrx_word' id='word_1_4' title='bbox 1298 320 1304 326; x_wconf 90' lang='lat'><strong>·</strong></span> <span class='ocrx_word' id='word_1_5' title='bbox 1479 298 1543 367; x_wconf 81' lang='lat' dir='ltr'>sur</span> 
     </span>
    </p>
   </div>
   <div class='ocr_carea' id='block_1_2' title="bbox 139 451 1554 2492">
    <p class='ocr_par' dir='ltr' id='par_1_2' title="bbox 185 451 1554 533">
     <span class='ocr_line' id='line_1_2' title="bbox 185 451 1554 533; baseline 0.006 -18"><span class='ocrx_word' id='word_1_6' title='bbox 185 460 333 533; x_wconf 77' lang='lat' dir='ltr'><strong>permeet,</strong></span> <span class='ocrx_word' id='word_1_7' title='bbox 357 452 436 516; x_wconf 91' lang='lat' dir='ltr'>elius</span> <span class='ocrx_word' id='word_1_8' title='bbox 458 453 576 516; x_wconf 90' lang='lat' dir='ltr'>tardius</span> <span class='ocrx_word' id='word_1_9' title='bbox 598 451 629 527; x_wconf 88' lang='lat' dir='ltr'>in</span> <span class='ocrx_word' id='word_1_10' title='bbox 652 452 846 533; x_wconf 81' lang='lat' dir='ltr'>proportione</span> <span class='ocrx_word' id='word_1_11' title='bbox 869 453 1055 528; x_wconf 82' lang='lat' dir='ltr'>harmonica,</span> <span class='ocrx_word' id='word_1_12' title='bbox 1099 452 1179 520; x_wconf 83' lang='lat' dir='ltr'><strong>Sunt</strong></span> <span class='ocrx_word' id='word_1_13' title='bbox 1202 456 1314 518; x_wconf 84' lang='lat' dir='ltr'><strong>etenim</strong></span> <span class='ocrx_word' id='word_1_14' title='bbox 1337 457 1395 520; x_wconf 88' lang='lat' dir='ltr'>hae</span> <span class='ocrx_word' id='word_1_15' title='bbox 1418 460 1554 523; x_wconf 87' lang='lat' dir='ltr'>rationes</span> 
     </span>
    </p>

    <p class='ocr_par' dir='ltr' id='par_1_3' title="bbox 185 541 1553 623">
     <span class='ocr_line' id='line_1_3' title="bbox 185 541 1553 623; baseline 0.007 -21"><span class='ocrx_word' id='word_1_16' title='bbox 185 542 371 619; x_wconf 73' lang='lat' dir='ltr'>variabiles,</span> <span class='ocrx_word' id='word_1_17' title='bbox 404 561 460 606; x_wconf 90' lang='lat' dir='ltr'>nec</span> <span class='ocrx_word' id='word_1_18' title='bbox 484 561 576 623; x_wconf 87' lang='lat' dir='ltr'>saepe</span> <span class='ocrx_word' id='word_1_19' title='bbox 599 542 750 617; x_wconf 84' lang='lat' dir='ltr'>incidunt3</span> <span class='ocrx_word' id='word_1_20' title='bbox 779 541 860 605; x_wconf 92' lang='lat' dir='ltr'>idem</span> <span class='ocrx_word' id='word_1_21' title='bbox 884 543 963 605; x_wconf 93' lang='lat' dir='ltr'>enim</span> <span class='ocrx_word' id='word_1_22' title='bbox 986 543 1110 623; x_wconf 89' lang='lat' dir='ltr'>planeta</span> <span class='ocrx_word' id='word_1_23' title='bbox 1132 565 1210 609; x_wconf 92' lang='lat' dir='ltr'>nunc</span> <span class='ocrx_word' id='word_1_24' title='bbox 1233 545 1360 608; x_wconf 86' lang='lat' dir='ltr'>celerior</span> <span class='ocrx_word' id='word_1_25' title='bbox 1384 556 1452 623; x_wconf 89' lang='lat' dir='ltr'>est,</span> <span class='ocrx_word' id='word_1_26' title='bbox 1476 569 1553 612; x_wconf 90' lang='lat' dir='ltr'>nunc</span> 
     </span>
    </p>

    <p class='ocr_par' dir='ltr' id='par_1_4' title="bbox 185 629 1551 804">
     <span class='ocr_line' id='line_1_4' title="bbox 185 629 1551 710; baseline 0.004 -15"><span class='ocrx_word' id='word_1_27' title='bbox 185 631 315 695; x_wconf 76' lang='lat' dir='ltr'>tardior.</span> <span class='ocrx_word' id='word_1_28' title='bbox 363 629 426 695; x_wconf 88' lang='lat' dir='ltr'>Sed</span> <span class='ocrx_word' id='word_1_29' title='bbox 452 632 526 694; x_wconf 88' lang='lat' dir='ltr'>haec</span> <span class='ocrx_word' id='word_1_30' title='bbox 550 640 651 694; x_wconf 84' lang='lat' dir='ltr'>tamen</span> <span class='ocrx_word' id='word_1_31' title='bbox 676 632 714 693; x_wconf 89' lang='lat' dir='ltr'>ab</span> <span class='ocrx_word' id='word_1_32' title='bbox 739 631 927 710; x_wconf 79' lang='lat' dir='ltr'>experientia</span> <span class='ocrx_word' id='word_1_33' title='bbox 949 632 1078 695; x_wconf 92' lang='lat' dir='ltr'>nondum</span> <span class='ocrx_word' id='word_1_34' title='bbox 1103 635 1279 697; x_wconf 84' lang='lat' dir='ltr'>confirmata</span> <span class='ocrx_word' id='word_1_35' title='bbox 1302 644 1382 710; x_wconf 87' lang='lat' dir='ltr'>aunt,</span> <span class='ocrx_word' id='word_1_36' title='bbox 1406 639 1551 702; x_wconf 89' lang='lat' dir='ltr'>necdum</span> 
     </span>
     <span class='ocr_line' id='line_1_5' title="bbox 186 720 1276 804; baseline 0.003 -21"><span class='ocrx_word' id='word_1_37' title='bbox 186 720 351 784; x_wconf 90' lang='lat' dir='ltr'>methodus</span> <span class='ocrx_word' id='word_1_38' title='bbox 374 720 551 797; x_wconf 86' lang='lat' dir='ltr'>constituta,</span> <span class='ocrx_word' id='word_1_39' title='bbox 575 739 636 800; x_wconf 87' lang='lat' dir='ltr'>qua</span> <span class='ocrx_word' id='word_1_40' title='bbox 657 720 828 800; x_wconf 89' lang='lat' dir='ltr'>hujusmodi</span> <span class='ocrx_word' id='word_1_41' title='bbox 850 721 1023 783; x_wconf 88' lang='lat' dir='ltr'>harmoniae</span> <span class='ocrx_word' id='word_1_42' title='bbox 1047 722 1276 804; x_wconf 77' lang='lat' dir='ltr'>investigentur.</span> 
     </span>
    </p>

    <p class='ocr_par' dir='ltr' id='par_1_5' title="bbox 145 809 1001 872">
     <span class='ocr_line' id='line_1_6' title="bbox 145 809 1001 872; baseline 0.008 -7"><span class='ocrx_word' id='word_1_43' title='bbox 145 810 150 815; x_wconf 87' lang='lat'>&#39;</span> <span class='ocrx_word' id='word_1_44' title='bbox 729 809 863 871; x_wconf 87' lang='lat' dir='ltr'>Thesis</span> <span class='ocrx_word' id='word_1_45' title='bbox 886 809 1001 872; x_wconf 80' lang='lat' dir='ltr'>XLIX.</span> 
     </span>
    </p>

    <p class='ocr_par' dir='ltr' id='par_1_6' title="bbox 139 896 1552 1247">
     <span class='ocr_line' id='line_1_7' title="bbox 279 896 1552 980; baseline 0.005 -19"><span class='ocrx_word' id='word_1_46' title='bbox 279 898 487 964; x_wconf 81' lang='lat' dir='ltr'>Vanissimum</span> <span class='ocrx_word' id='word_1_47' title='bbox 510 896 656 977; x_wconf 80' lang='lat' dir='ltr'>astrologi</span> <span class='ocrx_word' id='word_1_48' title='bbox 680 917 803 960; x_wconf 85' lang='lat' dir='ltr'>causam</span> <span class='ocrx_word' id='word_1_49' title='bbox 825 898 915 977; x_wconf 88' lang='lat' dir='ltr'>hujus</span> <span class='ocrx_word' id='word_1_50' title='bbox 938 899 1088 978; x_wconf 87' lang='lat' dir='ltr'>generalis</span> <span class='ocrx_word' id='word_1_51' title='bbox 1112 898 1320 980; x_wconf 81' lang='lat' dir='ltr'>dispositionis</span> <span class='ocrx_word' id='word_1_52' title='bbox 1344 921 1487 966; x_wconf 89' lang='lat' dir='ltr'>annorum</span> <span class='ocrx_word' id='word_1_53' title='bbox 1514 925 1552 967; x_wconf 84' lang='lat' dir='ltr'>ex</span> 
     </span>
     <span class='ocr_line' id='line_1_8' title="bbox 185 986 1549 1071; baseline 0.001 -19"><span class='ocrx_word' id='word_1_54' title='bbox 185 989 378 1071; x_wconf 78' lang='lat' dir='ltr'>ingressibus</span> <span class='ocrx_word' id='word_1_55' title='bbox 402 986 484 1050; x_wconf 90' lang='lat' dir='ltr'>Solis</span> <span class='ocrx_word' id='word_1_56' title='bbox 508 986 538 1049; x_wconf 94' lang='lat' dir='ltr'>in</span> <span class='ocrx_word' id='word_1_57' title='bbox 551 986 699 1061; x_wconf 89' lang='lat' dir='ltr'>Arietem,</span> <span class='ocrx_word' id='word_1_58' title='bbox 725 994 852 1066; x_wconf 89' lang='lat' dir='ltr'>quatuor</span> <span class='ocrx_word' id='word_1_59' title='bbox 875 995 1042 1066; x_wconf 88' lang='lat' dir='ltr'>tempomm</span> <span class='ocrx_word' id='word_1_60' title='bbox 1066 1007 1103 1050; x_wconf 88' lang='lat' dir='ltr'>ex</span> <span class='ocrx_word' id='word_1_61' title='bbox 1117 988 1220 1067; x_wconf 88' lang='lat' dir='ltr'>figuris</span> <span class='ocrx_word' id='word_1_62' title='bbox 1232 989 1447 1068; x_wconf 86' lang='lat' dir='ltr'>cardinalibus,</span> <span class='ocrx_word' id='word_1_63' title='bbox 1464 1012 1549 1054; x_wconf 94' lang='lat' dir='ltr'>men-</span> 
     </span>
     <span class='ocr_line' id='line_1_9' title="bbox 187 1075 1549 1160; baseline 0 -17"><span class='ocrx_word' id='word_1_64' title='bbox 187 1079 268 1144; x_wconf 82' lang='lat' dir='ltr'>sium</span> <span class='ocrx_word' id='word_1_65' title='bbox 292 1097 330 1141; x_wconf 90' lang='lat' dir='ltr'>ex</span> <span class='ocrx_word' id='word_1_66' title='bbox 352 1077 455 1157; x_wconf 87' lang='lat' dir='ltr'>liguris</span> <span class='ocrx_word' id='word_1_67' title='bbox 478 1075 664 1138; x_wconf 88' lang='lat' dir='ltr'>lunationum</span> <span class='ocrx_word' id='word_1_68' title='bbox 687 1082 808 1155; x_wconf 89' lang='lat' dir='ltr'>petunt:</span> <span class='ocrx_word' id='word_1_69' title='bbox 834 1076 921 1157; x_wconf 91' lang='lat' dir='ltr'>quasi</span> <span class='ocrx_word' id='word_1_70' title='bbox 945 1084 1062 1157; x_wconf 90' lang='lat' dir='ltr'>tempus</span> <span class='ocrx_word' id='word_1_71' title='bbox 1086 1077 1257 1156; x_wconf 90' lang='lat' dir='ltr'>subjectum</span> <span class='ocrx_word' id='word_1_72' title='bbox 1279 1079 1400 1159; x_wconf 87' lang='lat' dir='ltr'>aliquod</span> <span class='ocrx_word' id='word_1_73' title='bbox 1428 1099 1549 1160; x_wconf 89' lang='lat' dir='ltr'>perma-</span> 
     </span>
     <span class='ocr_line' id='line_1_10' title="bbox 139 1159 1550 1247; baseline 0.001 -17"><span class='ocrx_word' id='word_1_74' title='bbox 139 1159 146 1169; x_wconf 77' lang='grc'><strong>’</strong></span> <span class='ocrx_word' id='word_1_75' title='bbox 187 1186 265 1231; x_wconf 89' lang='lat' dir='ltr'>neus</span> <span class='ocrx_word' id='word_1_76' title='bbox 289 1167 332 1230; x_wconf 91' lang='lat' dir='ltr'>sit</span> <span class='ocrx_word' id='word_1_77' title='bbox 354 1173 390 1228; x_wconf 94' lang='lat' dir='ltr'>ut</span> <span class='ocrx_word' id='word_1_78' title='bbox 412 1166 520 1238; x_wconf 90' lang='lat' dir='ltr'>homo,</span> <span class='ocrx_word' id='word_1_79' title='bbox 554 1164 638 1243; x_wconf 88' lang='lat' dir='ltr'>eujus</span> <span class='ocrx_word' id='word_1_80' title='bbox 670 1163 795 1244; x_wconf 86' lang='lat' dir='ltr'>genesin</span> <span class='ocrx_word' id='word_1_81' title='bbox 827 1184 893 1227; x_wconf 91' lang='lat' dir='ltr'>cum</span> <span class='ocrx_word' id='word_1_82' title='bbox 926 1164 1051 1227; x_wconf 90' lang='lat' dir='ltr'>ratione</span> <span class='ocrx_word' id='word_1_83' title='bbox 1074 1165 1223 1245; x_wconf 85' lang='lat' dir='ltr'>inspicere</span> <span class='ocrx_word' id='word_1_84' title='bbox 1246 1169 1415 1247; x_wconf 88' lang='lat' dir='ltr'>possimus,</span> <span class='ocrx_word' id='word_1_85' title='bbox 1437 1178 1469 1232; x_wconf 90' lang='lat' dir='ltr'>et</span> <span class='ocrx_word' id='word_1_86' title='bbox 1491 1190 1550 1234; x_wconf 90' lang='lat' dir='ltr'>non</span> 
     </span>
    </p>

    <p class='ocr_par' dir='ltr' id='par_1_7' title="bbox 162 1253 1550 2492">
     <span class='ocr_line' id='line_1_11' title="bbox 187 1253 1550 1339; baseline 0.001 -20"><span class='ocrx_word' id='word_1_87' title='bbox 187 1257 291 1339; x_wconf 87' lang='lat' dir='ltr'>potins</span> <span class='ocrx_word' id='word_1_88' title='bbox 314 1273 386 1336; x_wconf 90' lang='lat' dir='ltr'>pars</span> <span class='ocrx_word' id='word_1_89' title='bbox 409 1261 542 1316; x_wconf 90' lang='lat' dir='ltr'>motuum</span> <span class='ocrx_word' id='word_1_90' title='bbox 565 1253 762 1316; x_wconf 90' lang='lat' dir='ltr'>coelestium:</span> <span class='ocrx_word' id='word_1_91' title='bbox 789 1260 842 1315; x_wconf 91' lang='lat' dir='ltr'>aut</span> <span class='ocrx_word' id='word_1_92' title='bbox 865 1254 952 1333; x_wconf 89' lang='lat' dir='ltr'>quasi</span> <span class='ocrx_word' id='word_1_93' title='bbox 975 1256 1071 1317; x_wconf 87' lang='lat' dir='ltr'>Terra</span> <span class='ocrx_word' id='word_1_94' title='bbox 1093 1255 1179 1316; x_wconf 92' lang='lat' dir='ltr'>unico</span> <span class='ocrx_word' id='word_1_95' title='bbox 1203 1265 1355 1319; x_wconf 89' lang='lat' dir='ltr'>momento</span> <span class='ocrx_word' id='word_1_96' title='bbox 1378 1258 1417 1320; x_wconf 91' lang='lat' dir='ltr'>ad</span> <span class='ocrx_word' id='word_1_97' title='bbox 1440 1276 1550 1338; x_wconf 78' lang='lat' dir='ltr'>novam</span> 
     </span>
     <span class='ocr_line' id='line_1_12' title="bbox 186 1342 1550 1425; baseline 0.001 -17"><span class='ocrx_word' id='word_1_98' title='bbox 186 1353 340 1408; x_wconf 88' lang='lat' dir='ltr'>aestatem</span> <span class='ocrx_word' id='word_1_99' title='bbox 371 1349 536 1423; x_wconf 87' lang='lat' dir='ltr'>reparetur.</span> <span class='ocrx_word' id='word_1_100' title='bbox 582 1343 720 1404; x_wconf 90' lang='lat' dir='ltr'>Mutatur</span> <span class='ocrx_word' id='word_1_101' title='bbox 748 1343 868 1421; x_wconf 89' lang='lat' dir='ltr'>quidem</span> <span class='ocrx_word' id='word_1_102' title='bbox 891 1343 985 1405; x_wconf 90' lang='lat' dir='ltr'>Terra</span> <span class='ocrx_word' id='word_1_103' title='bbox 1008 1342 1047 1405; x_wconf 87' lang='lat' dir='ltr'>ab</span> <span class='ocrx_word' id='word_1_104' title='bbox 1076 1343 1249 1424; x_wconf 81' lang='lat' dir='ltr'>aspectibus</span> <span class='ocrx_word' id='word_1_105' title='bbox 1272 1346 1384 1425; x_wconf 85' lang='lat' dir='ltr'>figurae</span> <span class='ocrx_word' id='word_1_106' title='bbox 1408 1348 1550 1420; x_wconf 91' lang='lat' dir='ltr'>vernalis,</span> 
     </span>
     <span class='ocr_line' id='line_1_13' title="bbox 188 1430 1550 1517; baseline 0.001 -19"><span class='ocrx_word' id='word_1_107' title='bbox 188 1436 317 1517; x_wconf 88' lang='lat' dir='ltr'>siquos</span> <span class='ocrx_word' id='word_1_108' title='bbox 340 1433 395 1496; x_wconf 89' lang='lat' dir='ltr'>illa</span> <span class='ocrx_word' id='word_1_109' title='bbox 415 1431 526 1505; x_wconf 90' lang='lat' dir='ltr'>habet,</span> <span class='ocrx_word' id='word_1_110' title='bbox 561 1431 616 1493; x_wconf 88' lang='lat' dir='ltr'>sed</span> <span class='ocrx_word' id='word_1_111' title='bbox 638 1430 690 1493; x_wconf 94' lang='lat' dir='ltr'>illo</span> <span class='ocrx_word' id='word_1_112' title='bbox 714 1437 833 1493; x_wconf 88' lang='lat' dir='ltr'>tanturn</span> <span class='ocrx_word' id='word_1_113' title='bbox 857 1430 921 1504; x_wconf 92' lang='lat' dir='ltr'>die;</span> <span class='ocrx_word' id='word_1_114' title='bbox 951 1433 1102 1494; x_wconf 84' lang='lat' dir='ltr'>anteactis</span> <span class='ocrx_word' id='word_1_115' title='bbox 1135 1440 1167 1494; x_wconf 89' lang='lat' dir='ltr'>et</span> <span class='ocrx_word' id='word_1_116' title='bbox 1198 1435 1391 1513; x_wconf 89' lang='lat' dir='ltr'>sequentibus</span> <span class='ocrx_word' id='word_1_117' title='bbox 1419 1436 1457 1498; x_wconf 87' lang='lat' dir='ltr'>ab</span> <span class='ocrx_word' id='word_1_118' title='bbox 1482 1438 1550 1499; x_wconf 92' lang='lat' dir='ltr'>aliis</span> 
     </span>
     <span class='ocr_line' id='line_1_14' title="bbox 188 1518 1548 1605; baseline 0.001 -19"><span class='ocrx_word' id='word_1_119' title='bbox 188 1531 283 1604; x_wconf 84' lang='lat' dir='ltr'>atque</span> <span class='ocrx_word' id='word_1_120' title='bbox 307 1521 394 1596; x_wconf 90' lang='lat' dir='ltr'>aliis,</span> <span class='ocrx_word' id='word_1_121' title='bbox 418 1518 469 1600; x_wconf 92' lang='lat' dir='ltr'>qui</span> <span class='ocrx_word' id='word_1_122' title='bbox 492 1519 597 1600; x_wconf 91' lang='lat' dir='ltr'>quovis</span> <span class='ocrx_word' id='word_1_123' title='bbox 621 1519 670 1582; x_wconf 91' lang='lat' dir='ltr'>die</span> <span class='ocrx_word' id='word_1_124' title='bbox 693 1519 839 1582; x_wconf 89' lang='lat' dir='ltr'>incidunt.</span> <span class='ocrx_word' id='word_1_125' title='bbox 885 1518 949 1582; x_wconf 89' lang='lat' dir='ltr'>Sed</span> <span class='ocrx_word' id='word_1_126' title='bbox 978 1521 1053 1582; x_wconf 93' lang='lat' dir='ltr'>nihil</span> <span class='ocrx_word' id='word_1_127' title='bbox 1081 1520 1232 1600; x_wconf 82' lang='lat' dir='ltr'>indignius</span> <span class='ocrx_word' id='word_1_128' title='bbox 1250 1530 1310 1586; x_wconf 67' lang='lat' dir='ltr'>⁴est</span> <span class='ocrx_word' id='word_1_129' title='bbox 1339 1523 1368 1585; x_wconf 92' lang='lat' dir='ltr'>in</span> <span class='ocrx_word' id='word_1_130' title='bbox 1392 1524 1449 1587; x_wconf 83' lang='lat' dir='ltr'>hac</span> <span class='ocrx_word' id='word_1_131' title='bbox 1472 1545 1548 1605; x_wconf 90' lang='lat' dir='ltr'>pene</span> 
     </span>
     <span class='ocr_line' id='line_1_15' title="bbox 188 1608 1548 1693; baseline 0.001 -17"><span class='ocrx_word' id='word_1_132' title='bbox 188 1613 280 1676; x_wconf 88' lang='lat' dir='ltr'>unica</span> <span class='ocrx_word' id='word_1_133' title='bbox 303 1608 488 1691; x_wconf 90' lang='lat' dir='ltr'>quorundam</span> <span class='ocrx_word' id='word_1_134' title='bbox 511 1609 730 1688; x_wconf 84' lang='lat' dir='ltr'>astrologorum</span> <span class='ocrx_word' id='word_1_135' title='bbox 753 1627 843 1682; x_wconf 89' lang='lat' dir='ltr'>cura,</span> <span class='ocrx_word' id='word_1_136' title='bbox 869 1627 959 1688; x_wconf 91' lang='lat' dir='ltr'>quam</span> <span class='ocrx_word' id='word_1_137' title='bbox 982 1610 1061 1689; x_wconf 92' lang='lat' dir='ltr'>quod</span> <span class='ocrx_word' id='word_1_138' title='bbox 1084 1610 1241 1674; x_wconf 91' lang='lat' dir='ltr'>duodecim</span> <span class='ocrx_word' id='word_1_139' title='bbox 1269 1611 1419 1674; x_wconf 88' lang='lat' dir='ltr'>domicilia</span> <span class='ocrx_word' id='word_1_140' title='bbox 1441 1615 1548 1693; x_wconf 89' lang='lat' dir='ltr'>puerili</span> 
     </span>
     <span class='ocr_line' id='line_1_16' title="bbox 188 1683 1549 1783; baseline 0.001 -19"><span class='ocrx_word' id='word_1_141' title='bbox 188 1701 321 1783; x_wconf 88' lang='lat' dir='ltr'>quadam</span> <span class='ocrx_word' id='word_1_142' title='bbox 344 1697 668 1776; x_wconf 84' lang='lat' dir='ltr'>credulitatepraeter</span> <span class='ocrx_word' id='word_1_143' title='bbox 692 1683 810 1758; x_wconf 87' lang='lat' dir='ltr'>omirem</span> <span class='ocrx_word' id='word_1_144' title='bbox 833 1697 982 1760; x_wconf 91' lang='lat' dir='ltr'>rationem</span> <span class='ocrx_word' id='word_1_145' title='bbox 1005 1697 1134 1759; x_wconf 87' lang='lat' dir='ltr'>solidam</span> <span class='ocrx_word' id='word_1_146' title='bbox 1157 1707 1190 1762; x_wconf 91' lang='lat' dir='ltr'>et</span> <span class='ocrx_word' id='word_1_147' title='bbox 1211 1699 1449 1781; x_wconf 81' lang='lat' dir='ltr'>philosophicam</span> <span class='ocrx_word' id='word_1_148' title='bbox 1471 1703 1549 1767; x_wconf 92' lang='lat' dir='ltr'>inter</span> 
     </span>
     <span class='ocr_line' id='line_1_17' title="bbox 180 1785 1548 1871; baseline 0.001 -19"><span class='ocrx_word' id='word_1_149' title='bbox 180 1798 309 1871; x_wconf 85' lang='lat' dir='ltr'>septem</span> <span class='ocrx_word' id='word_1_150' title='bbox 331 1788 473 1869; x_wconf 87' lang='lat' dir='ltr'>planetas</span> <span class='ocrx_word' id='word_1_151' title='bbox 496 1785 692 1860; x_wconf 90' lang='lat' dir='ltr'>distribuunt,</span> <span class='ocrx_word' id='word_1_152' title='bbox 717 1785 954 1860; x_wconf 88' lang='lat' dir='ltr'>dominationes,</span> <span class='ocrx_word' id='word_1_153' title='bbox 979 1786 1227 1869; x_wconf 78' lang='lat' dir='ltr'>imperiorumque</span> <span class='ocrx_word' id='word_1_154' title='bbox 1251 1798 1477 1854; x_wconf 89' lang='lat' dir='ltr'>momentaneas</span> <span class='ocrx_word' id='word_1_155' title='bbox 1500 1793 1548 1853; x_wconf 92' lang='lat' dir='ltr'>vi-</span> 
     </span>
     <span class='ocr_line' id='line_1_18' title="bbox 187 1875 1547 1961; baseline 0 -18"><span class='ocrx_word' id='word_1_156' title='bbox 187 1877 382 1943; x_wconf 86' lang='lat' dir='ltr'>cissitudines</span> <span class='ocrx_word' id='word_1_157' title='bbox 415 1875 500 1955; x_wconf 89' lang='lat' dir='ltr'>quasi</span> <span class='ocrx_word' id='word_1_158' title='bbox 523 1875 552 1936; x_wconf 92' lang='lat' dir='ltr'>in</span> <span class='ocrx_word' id='word_1_159' title='bbox 577 1875 675 1953; x_wconf 90' lang='lat' dir='ltr'>aliquo</span> <span class='ocrx_word' id='word_1_160' title='bbox 699 1881 788 1936; x_wconf 92' lang='lat' dir='ltr'>coetu</span> <span class='ocrx_word' id='word_1_161' title='bbox 810 1875 961 1937; x_wconf 90' lang='lat' dir='ltr'>hominum</span> <span class='ocrx_word' id='word_1_162' title='bbox 984 1877 1176 1954; x_wconf 88' lang='lat' dir='ltr'>confingunt:</span> <span class='ocrx_word' id='word_1_163' title='bbox 1206 1878 1284 1939; x_wconf 92' lang='lat' dir='ltr'>unde</span> <span class='ocrx_word' id='word_1_164' title='bbox 1308 1879 1406 1941; x_wconf 89' lang='lat' dir='ltr'>omnis</span> <span class='ocrx_word' id='word_1_165' title='bbox 1427 1881 1547 1961; x_wconf 89' lang='lat' dir='ltr'>magica</span> 
     </span>
     <span class='ocr_line' id='line_1_19' title="bbox 187 1963 1546 2043; baseline 0.001 -12"><span class='ocrx_word' id='word_1_166' title='bbox 187 1977 222 2031; x_wconf 85' lang='lat' dir='ltr'>et</span> <span class='ocrx_word' id='word_1_167' title='bbox 244 1964 430 2043; x_wconf 86' lang='lat' dir='ltr'>astrologica</span> <span class='ocrx_word' id='word_1_168' title='bbox 452 1963 627 2042; x_wconf 88' lang='lat' dir='ltr'>superstitio</span> <span class='ocrx_word' id='word_1_169' title='bbox 651 1969 720 2024; x_wconf 86' lang='lat' dir='ltr'>orta</span> <span class='ocrx_word' id='word_1_170' title='bbox 743 1971 801 2025; x_wconf 89' lang='lat' dir='ltr'>est.</span> <span class='ocrx_word' id='word_1_171' title='bbox 848 1963 961 2026; x_wconf 89' lang='lat' dir='ltr'>Demus</span> <span class='ocrx_word' id='word_1_172' title='bbox 986 1964 1096 2026; x_wconf 86' lang='lat' dir='ltr'>alicubi</span> <span class='ocrx_word' id='word_1_173' title='bbox 1119 1965 1408 2030; x_wconf 88' lang='lat' dir='ltr'>verisimilitudinem</span> <span class='ocrx_word' id='word_1_174' title='bbox 1434 1970 1546 2032; x_wconf 88' lang='lat' dir='ltr'>abhac</span> 
     </span>
     <span class='ocr_line' id='line_1_20' title="bbox 162 2049 1547 2135; baseline -0.001 -15"><span class='ocrx_word' id='word_1_175' title='bbox 162 2084 168 2090; x_wconf 94' lang='lat'>·</span> <span class='ocrx_word' id='word_1_176' title='bbox 187 2054 402 2120; x_wconf 89' lang='lat' dir='ltr'>distributione</span> <span class='ocrx_word' id='word_1_177' title='bbox 426 2059 517 2128; x_wconf 88' lang='lat' dir='ltr'>stare,</span> <span class='ocrx_word' id='word_1_178' title='bbox 542 2061 577 2114; x_wconf 87' lang='lat' dir='ltr'>ut</span> <span class='ocrx_word' id='word_1_179' title='bbox 599 2052 627 2113; x_wconf 95' lang='lat' dir='ltr'>in</span> <span class='ocrx_word' id='word_1_180' title='bbox 649 2049 791 2127; x_wconf 88' lang='lat' dir='ltr'>Saturno,</span> <span class='ocrx_word' id='word_1_181' title='bbox 816 2053 863 2114; x_wconf 91' lang='lat' dir='ltr'>cui</span> <span class='ocrx_word' id='word_1_182' title='bbox 886 2053 1038 2135; x_wconf 86' lang='lat' dir='ltr'>hyemalia</span> <span class='ocrx_word' id='word_1_183' title='bbox 1060 2054 1148 2132; x_wconf 88' lang='lat' dir='ltr'>signa</span> <span class='ocrx_word' id='word_1_184' title='bbox 1172 2055 1299 2117; x_wconf 90' lang='lat' dir='ltr'>dantur:</span> <span class='ocrx_word' id='word_1_185' title='bbox 1324 2057 1355 2118; x_wconf 94' lang='lat' dir='ltr'>id</span> <span class='ocrx_word' id='word_1_186' title='bbox 1378 2066 1482 2120; x_wconf 88' lang='lat' dir='ltr'>tamen</span> <span class='ocrx_word' id='word_1_187' title='bbox 1500 2068 1547 2121; x_wconf 92' lang='lat' dir='ltr'>est</span> 
     </span>
     <span class='ocr_line' id='line_1_21' title="bbox 186 2140 1547 2223; baseline 0.001 -15"><span class='ocrx_word' id='word_1_188' title='bbox 186 2147 228 2209; x_wconf 90' lang='lat' dir='ltr'>ob</span> <span class='ocrx_word' id='word_1_189' title='bbox 252 2162 362 2207; x_wconf 87' lang='lat' dir='ltr'>causas</span> <span class='ocrx_word' id='word_1_190' title='bbox 387 2141 473 2216; x_wconf 91' lang='lat' dir='ltr'>alias,</span> <span class='ocrx_word' id='word_1_191' title='bbox 500 2148 531 2202; x_wconf 89' lang='lat' dir='ltr'>et</span> <span class='ocrx_word' id='word_1_192' title='bbox 554 2141 658 2202; x_wconf 89' lang='lat' dir='ltr'>statim</span> <span class='ocrx_word' id='word_1_193' title='bbox 683 2141 712 2202; x_wconf 92' lang='lat' dir='ltr'>iu</span> <span class='ocrx_word' id='word_1_194' title='bbox 738 2140 816 2211; x_wconf 89' lang='lat' dir='ltr'>aliis,</span> <span class='ocrx_word' id='word_1_195' title='bbox 841 2149 875 2203; x_wconf 93' lang='lat' dir='ltr'>ut</span> <span class='ocrx_word' id='word_1_196' title='bbox 896 2142 927 2203; x_wconf 91' lang='lat' dir='ltr'>iu</span> <span class='ocrx_word' id='word_1_197' title='bbox 950 2142 1027 2204; x_wconf 88' lang='lat' dir='ltr'>Jove</span> <span class='ocrx_word' id='word_1_198' title='bbox 1051 2142 1172 2204; x_wconf 86' lang='lat' dir='ltr'>vanitas</span> <span class='ocrx_word' id='word_1_199' title='bbox 1194 2144 1340 2223; x_wconf 87' lang='lat' dir='ltr'>proditur.</span> <span class='ocrx_word' id='word_1_200' title='bbox 1389 2144 1451 2207; x_wconf 90' lang='lat' dir='ltr'>Sed</span> <span class='ocrx_word' id='word_1_201' title='bbox 1470 2147 1547 2209; x_wconf 90' lang='lat' dir='ltr'>hano</span> 
     </span>
     <span class='ocr_line' id='line_1_22' title="bbox 185 2229 1546 2315; baseline 0.001 -19"><span class='ocrx_word' id='word_1_202' title='bbox 185 2252 336 2315; x_wconf 87' lang='lat' dir='ltr'>nugacem</span> <span class='ocrx_word' id='word_1_203' title='bbox 359 2230 542 2310; x_wconf 88' lang='lat' dir='ltr'>astrologiae</span> <span class='ocrx_word' id='word_1_204' title='bbox 566 2238 684 2310; x_wconf 87' lang='lat' dir='ltr'>partem</span> <span class='ocrx_word' id='word_1_205' title='bbox 708 2229 778 2291; x_wconf 90' lang='lat' dir='ltr'>olim</span> <span class='ocrx_word' id='word_1_206' title='bbox 801 2229 956 2292; x_wconf 78' lang='lat' dir='ltr'>Stbilems</span> <span class='ocrx_word' id='word_1_207' title='bbox 989 2231 1159 2310; x_wconf 89' lang='lat' dir='ltr'>astrologus</span> <span class='ocrx_word' id='word_1_208' title='bbox 1188 2234 1238 2305; x_wconf 89' lang='lat' dir='ltr'>(ut</span> <span class='ocrx_word' id='word_1_209' title='bbox 1260 2234 1372 2295; x_wconf 92' lang='lat' dir='ltr'>nullum</span> <span class='ocrx_word' id='word_1_210' title='bbox 1396 2234 1434 2296; x_wconf 93' lang='lat' dir='ltr'>ab</span> <span class='ocrx_word' id='word_1_211' title='bbox 1459 2236 1546 2299; x_wconf 87' lang='lat' dir='ltr'>hoste</span> 
     </span>
     <span class='ocr_line' id='line_1_23' title="bbox 187 2314 1545 2402; baseline 0.001 -16"><span class='ocrx_word' id='word_1_212' title='bbox 187 2314 459 2392; x_wconf 85' lang='lat' dir='ltr'>Mirandulano¹&#39;)</span> <span class='ocrx_word' id='word_1_213' title='bbox 484 2319 689 2381; x_wconf 88' lang='lat' dir='ltr'>testimonium</span> <span class='ocrx_word' id='word_1_214' title='bbox 720 2319 858 2398; x_wconf 89' lang='lat' dir='ltr'>petatur)</span> <span class='ocrx_word' id='word_1_215' title='bbox 880 2319 1014 2400; x_wconf 86' lang='lat' dir='ltr'>physicis</span> <span class='ocrx_word' id='word_1_216' title='bbox 1041 2319 1208 2382; x_wconf 90' lang='lat' dir='ltr'>rationibus</span> <span class='ocrx_word' id='word_1_217' title='bbox 1236 2321 1354 2402; x_wconf 91' lang='lat' dir='ltr'>oblique</span> <span class='ocrx_word' id='word_1_218' title='bbox 1386 2324 1545 2387; x_wconf 84' lang='lat' dir='ltr'>refutavit:</span> 
     </span>
     <span class='ocr_line' id='line_1_24' title="bbox 186 2407 1543 2492; baseline -0.001 -18"><span class='ocrx_word' id='word_1_219' title='bbox 186 2410 377 2492; x_wconf 82' lang='lat' dir='ltr'>experientia</span> <span class='ocrx_word' id='word_1_220' title='bbox 408 2426 480 2469; x_wconf 90' lang='lat' dir='ltr'>vero</span> <span class='ocrx_word' id='word_1_221' title='bbox 508 2407 640 2488; x_wconf 90' lang='lat' dir='ltr'>qnotidie</span> <span class='ocrx_word' id='word_1_222' title='bbox 671 2407 798 2477; x_wconf 87' lang='lat' dir='ltr'>refutet,</span> <span class='ocrx_word' id='word_1_223' title='bbox 834 2427 900 2470; x_wconf 90' lang='lat' dir='ltr'>cum</span> <span class='ocrx_word' id='word_1_224' title='bbox 931 2407 1012 2470; x_wconf 85' lang='lat' dir='ltr'>intra</span> <span class='ocrx_word' id='word_1_225' title='bbox 1043 2416 1091 2469; x_wconf 86' lang='lat' dir='ltr'>tot</span> <span class='ocrx_word' id='word_1_226' title='bbox 1123 2410 1226 2470; x_wconf 88' lang='lat' dir='ltr'>secula</span> <span class='ocrx_word' id='word_1_227' title='bbox 1248 2410 1299 2471; x_wconf 84' lang='lat' dir='ltr'>vix</span> <span class='ocrx_word' id='word_1_228' title='bbox 1322 2411 1413 2473; x_wconf 90' lang='lat' dir='ltr'>ullum</span> <span class='ocrx_word' id='word_1_229' title='bbox 1438 2413 1543 2492; x_wconf 91' lang='lat' dir='ltr'>aequi-</span> 
     </span>
    </p>
   </div>
   <div class='ocr_carea' id='block_1_3' title="bbox 185 2492 1662 2579">
    <p class='ocr_par' dir='ltr' id='par_1_8' title="bbox 185 2492 1662 2579">
     <span class='ocr_line' id='line_1_25' title="bbox 185 2492 1662 2579; baseline -0.001 -15"><span class='ocrx_word' id='word_1_230' title='bbox 185 2501 283 2564; x_wconf 90' lang='lat' dir='ltr'>noctii</span> <span class='ocrx_word' id='word_1_231' title='bbox 308 2507 422 2561; x_wconf 91' lang='lat' dir='ltr'>certum</span> <span class='ocrx_word' id='word_1_232' title='bbox 445 2504 563 2576; x_wconf 89' lang='lat' dir='ltr'>tempus</span> <span class='ocrx_word' id='word_1_233' title='bbox 587 2495 662 2575; x_wconf 89' lang='lat' dir='ltr'>ipsis</span> <span class='ocrx_word' id='word_1_234' title='bbox 686 2495 837 2575; x_wconf 91' lang='lat' dir='ltr'>cognitum</span> <span class='ocrx_word' id='word_1_235' title='bbox 869 2495 971 2570; x_wconf 88' lang='lat' dir='ltr'>fuerit;</span> <span class='ocrx_word' id='word_1_236' title='bbox 1002 2504 1036 2558; x_wconf 93' lang='lat' dir='ltr'>ut</span> <span class='ocrx_word' id='word_1_237' title='bbox 1063 2497 1165 2579; x_wconf 89' lang='lat' dir='ltr'>Tycho</span> <span class='ocrx_word' id='word_1_238' title='bbox 1189 2492 1289 2559; x_wconf 88' lang='lat' dir='ltr'>Brahe</span> <span class='ocrx_word' id='word_1_239' title='bbox 1318 2499 1545 2563; x_wconf 87' lang='lat' dir='ltr'>demonstravit.</span> <span class='ocrx_word' id='word_1_240' title='bbox 1659 2520 1662 2526; x_wconf 72' lang='grc'><em>“</em></span> 
     </span>
    </p>
   </div>
   <div class='ocr_carea' id='block_1_4' title="bbox 183 2584 1546 2754">
    <p class='ocr_par' dir='ltr' id='par_1_9' title="bbox 183 2584 1546 2754">
     <span class='ocr_line' id='line_1_26' title="bbox 183 2584 1545 2669; baseline 0 -16"><span class='ocrx_word' id='word_1_241' title='bbox 183 2591 336 2669; x_wconf 89' lang='lat' dir='ltr'>Allegent</span> <span class='ocrx_word' id='word_1_242' title='bbox 370 2586 486 2666; x_wconf 87' lang='lat' dir='ltr'>aliquot</span> <span class='ocrx_word' id='word_1_243' title='bbox 517 2586 701 2664; x_wconf 89' lang='lat' dir='ltr'>superiorum</span> <span class='ocrx_word' id='word_1_244' title='bbox 735 2603 878 2646; x_wconf 83' lang='lat' dir='ltr'>annorum</span> <span class='ocrx_word' id='word_1_245' title='bbox 910 2586 1022 2665; x_wconf 81' lang='lat' dir='ltr'>figuras</span> <span class='ocrx_word' id='word_1_246' title='bbox 1053 2584 1238 2660; x_wconf 88' lang='lat' dir='ltr'>cardinales,</span> <span class='ocrx_word' id='word_1_247' title='bbox 1272 2599 1448 2667; x_wconf 85' lang='lat' dir='ltr'>comparent</span> <span class='ocrx_word' id='word_1_248' title='bbox 1479 2609 1545 2653; x_wconf 92' lang='lat' dir='ltr'>cum</span> 
     </span>
     <span class='ocr_line' id='line_1_27' title="bbox 185 2673 1546 2754; baseline 0 -13"><span class='ocrx_word' id='word_1_249' title='bbox 185 2678 361 2742; x_wconf 80' lang='lat' dir='ltr'>effectibus:</span> <span class='ocrx_word' id='word_1_250' title='bbox 396 2693 451 2754; x_wconf 90' lang='lat' dir='ltr'>ego</span> <span class='ocrx_word' id='word_1_251' title='bbox 484 2674 558 2754; x_wconf 89' lang='lat' dir='ltr'>ipsis</span> <span class='ocrx_word' id='word_1_252' title='bbox 592 2673 805 2736; x_wconf 89' lang='lat' dir='ltr'>demonstrabo</span> <span class='ocrx_word' id='word_1_253' title='bbox 839 2674 933 2736; x_wconf 87' lang='lat' dir='ltr'>falsos</span> <span class='ocrx_word' id='word_1_254' title='bbox 962 2674 1055 2737; x_wconf 86' lang='lat' dir='ltr'>fuisse</span> <span class='ocrx_word' id='word_1_255' title='bbox 1087 2674 1117 2736; x_wconf 93' lang='lat' dir='ltr'>in</span> <span class='ocrx_word' id='word_1_256' title='bbox 1143 2684 1295 2754; x_wconf 89' lang='lat' dir='ltr'>tempore,</span> <span class='ocrx_word' id='word_1_257' title='bbox 1329 2696 1416 2739; x_wconf 89' lang='lat' dir='ltr'>veras</span> <span class='ocrx_word' id='word_1_258' title='bbox 1445 2687 1546 2741; x_wconf 88' lang='lat' dir='ltr'>autem</span> 
     </span>
    </p>
   </div>
   <div class='ocr_carea' id='block_1_5' title="bbox 181 2763 1547 3202">
    <p class='ocr_par' dir='ltr' id='par_1_10' title="bbox 181 2763 1547 3202">
     <span class='ocr_line' id='line_1_28' title="bbox 182 2763 1544 2848; baseline -0.001 -18"><span class='ocrx_word' id='word_1_259' title='bbox 182 2769 300 2848; x_wconf 79' lang='lat' dir='ltr'>figuras</span> <span class='ocrx_word' id='word_1_260' title='bbox 324 2763 504 2828; x_wconf 87' lang='lat' dir='ltr'>contrarium</span> <span class='ocrx_word' id='word_1_261' title='bbox 528 2763 598 2825; x_wconf 91' lang='lat' dir='ltr'>anui</span> <span class='ocrx_word' id='word_1_262' title='bbox 617 2763 770 2842; x_wconf 88' lang='lat' dir='ltr'>sequentis</span> <span class='ocrx_word' id='word_1_263' title='bbox 786 2763 983 2843; x_wconf 85' lang='lat' dir='ltr'>qualitatibus</span> <span class='ocrx_word' id='word_1_264' title='bbox 999 2763 1180 2838; x_wconf 89' lang='lat' dir='ltr'>ostendisse,</span> <span class='ocrx_word' id='word_1_265' title='bbox 1198 2765 1255 2827; x_wconf 91' lang='lat' dir='ltr'>hac</span> <span class='ocrx_word' id='word_1_266' title='bbox 1271 2765 1387 2845; x_wconf 91' lang='lat' dir='ltr'>quidem</span> <span class='ocrx_word' id='word_1_267' title='bbox 1403 2767 1544 2830; x_wconf 90' lang='lat' dir='ltr'>methodo</span> 
     </span>
     <span class='ocr_line' id='line_1_29' title="bbox 181 2850 1545 2931; baseline 0.001 -13"><span class='ocrx_word' id='word_1_268' title='bbox 181 2876 267 2920; x_wconf 84' lang='lat' dir='ltr'>vana</span> <span class='ocrx_word' id='word_1_269' title='bbox 289 2854 488 2918; x_wconf 86' lang='lat' dir='ltr'>examinatas.</span> <span class='ocrx_word' id='word_1_270' title='bbox 534 2853 623 2914; x_wconf 92' lang='lat' dir='ltr'>Anno</span> <span class='ocrx_word' id='word_1_271' title='bbox 648 2853 746 2913; x_wconf 88' lang='lat' dir='ltr'>futuro</span> <span class='ocrx_word' id='word_1_272' title='bbox 771 2850 826 2913; x_wconf 87' lang='lat' dir='ltr'>Sol</span> <span class='ocrx_word' id='word_1_273' title='bbox 848 2851 987 2915; x_wconf 86' lang='lat' dir='ltr'>Arietem</span> <span class='ocrx_word' id='word_1_274' title='bbox 1014 2852 1183 2931; x_wconf 86' lang='lat' dir='ltr'>ingreditur</span> <span class='ocrx_word' id='word_1_275' title='bbox 1206 2851 1258 2916; x_wconf 81' lang='lat'>20.</span> <span class='ocrx_word' id='word_1_276' title='bbox 1283 2854 1389 2916; x_wconf 87' lang='lat' dir='ltr'>Martii</span> <span class='ocrx_word' id='word_1_277' title='bbox 1412 2856 1467 2918; x_wconf 90' lang='lat' dir='ltr'>snb</span> <span class='ocrx_word' id='word_1_278' title='bbox 1491 2876 1545 2919; x_wconf 89' lang='lat' dir='ltr'>oc·</span> 
     </span>
     <span class='ocr_line' id='line_1_30' title="bbox 184 2939 1543 3022; baseline -0.001 -12"><span class='ocrx_word' id='word_1_279' title='bbox 184 2964 292 3010; x_wconf 82' lang='lat' dir='ltr'>tasum</span> <span class='ocrx_word' id='word_1_280' title='bbox 316 2943 412 3017; x_wconf 90' lang='lat' dir='ltr'>Solis,</span> <span class='ocrx_word' id='word_1_281' title='bbox 437 2943 551 3005; x_wconf 88' lang='lat' dir='ltr'>oriente</span> <span class='ocrx_word' id='word_1_282' title='bbox 578 2942 656 3004; x_wconf 90' lang='lat' dir='ltr'>Jove</span> <span class='ocrx_word' id='word_1_283' title='bbox 680 2941 709 3002; x_wconf 93' lang='lat' dir='ltr'>io</span> <span class='ocrx_word' id='word_1_284' title='bbox 734 2939 847 3002; x_wconf 90' lang='lat' dir='ltr'>Libra:</span> <span class='ocrx_word' id='word_1_285' title='bbox 882 2941 1028 3020; x_wconf 90' lang='lat' dir='ltr'>astrologi</span> <span class='ocrx_word' id='word_1_286' title='bbox 1056 2942 1206 3022; x_wconf 86' lang='lat' dir='ltr'>putabunt</span> <span class='ocrx_word' id='word_1_287' title='bbox 1234 2943 1362 3005; x_wconf 88' lang='lat' dir='ltr'>orituros</span> <span class='ocrx_word' id='word_1_288' title='bbox 1389 2942 1543 3020; x_wconf 90' lang='lat' dir='ltr'>Geminos,</span> 
     </span>
     <span class='ocr_line' id='line_1_31' title="bbox 183 3029 1544 3113; baseline 0 -15"><span class='ocrx_word' id='word_1_289' title='bbox 183 3054 225 3098; x_wconf 85' lang='lat' dir='ltr'>ex</span> <span class='ocrx_word' id='word_1_290' title='bbox 246 3032 429 3097; x_wconf 89' lang='lat' dir='ltr'>Prutenicis.</span> <span class='ocrx_word' id='word_1_291' title='bbox 474 3032 543 3094; x_wconf 87' lang='lat' dir='ltr'>Non</span> <span class='ocrx_word' id='word_1_292' title='bbox 576 3039 677 3092; x_wconf 89' lang='lat' dir='ltr'>tamen</span> <span class='ocrx_word' id='word_1_293' title='bbox 709 3029 778 3091; x_wconf 91' lang='lat' dir='ltr'>hinc</span> <span class='ocrx_word' id='word_1_294' title='bbox 810 3031 874 3092; x_wconf 90' lang='lat' dir='ltr'>ulla</span> <span class='ocrx_word' id='word_1_295' title='bbox 905 3029 1055 3109; x_wconf 87' lang='lat' dir='ltr'>generalis</span> <span class='ocrx_word' id='word_1_296' title='bbox 1088 3031 1268 3110; x_wconf 89' lang='lat' dir='ltr'>significatio</span> <span class='ocrx_word' id='word_1_297' title='bbox 1298 3033 1404 3095; x_wconf 90' lang='lat' dir='ltr'>deduci</span> <span class='ocrx_word' id='word_1_298' title='bbox 1431 3043 1544 3113; x_wconf 85' lang='lat' dir='ltr'>potest.</span> 
     </span>
     <span class='ocr_line' id='line_1_32' title="bbox 181 3118 1547 3202; baseline -0.001 -14"><span class='ocrx_word' id='word_1_299' title='bbox 181 3125 266 3189; x_wconf 86' lang='lat' dir='ltr'>Nam</span> <span class='ocrx_word' id='word_1_300' title='bbox 288 3121 408 3202; x_wconf 88' lang='lat' dir='ltr'>Jupiter</span> <span class='ocrx_word' id='word_1_301' title='bbox 431 3128 538 3183; x_wconf 87' lang='lat' dir='ltr'>octavo</span> <span class='ocrx_word' id='word_1_302' title='bbox 561 3119 679 3200; x_wconf 91' lang='lat' dir='ltr'>quidem</span> <span class='ocrx_word' id='word_1_303' title='bbox 703 3118 819 3199; x_wconf 87' lang='lat' dir='ltr'>Aprilis</span> <span class='ocrx_word' id='word_1_304' title='bbox 843 3118 923 3180; x_wconf 89' lang='lat' dir='ltr'>vires</span> <span class='ocrx_word' id='word_1_305' title='bbox 947 3138 1019 3183; x_wconf 88' lang='lat' dir='ltr'>suas</span> <span class='ocrx_word' id='word_1_306' title='bbox 1048 3128 1186 3193; x_wconf 83' lang='lat' dir='ltr'>exseret,</span> <span class='ocrx_word' id='word_1_307' title='bbox 1216 3122 1373 3201; x_wconf 88' lang='lat' dir='ltr'>oppositus</span> <span class='ocrx_word' id='word_1_308' title='bbox 1397 3121 1479 3199; x_wconf 88' lang='lat' dir='ltr'>Soli,</span> <span class='ocrx_word' id='word_1_309' title='bbox 1513 3132 1547 3187; x_wconf 88' lang='lat' dir='ltr'>at</span> 
     </span>
    </p>
   </div>
   <div class='ocr_carea' id='block_1_6' title="bbox 184 3207 1384 3358">
    <p class='ocr_par' dir='ltr' id='par_1_11' title="bbox 184 3207 1384 3358">
     <span class='ocr_line' id='line_1_33' title="bbox 184 3207 1384 3357; baseline -0.002 -80"><span class='ocrx_word' id='word_1_310' title='bbox 184 3210 240 3277; x_wconf 88' lang='grc'>10.</span> <span class='ocrx_word' id='word_1_311' title='bbox 268 3209 320 3275; x_wconf 86' lang='lat' dir='ltr'>ll.</span> <span class='ocrx_word' id='word_1_312' title='bbox 345 3209 419 3271; x_wconf 91' lang='lat' dir='ltr'>Maii</span> <span class='ocrx_word' id='word_1_313' title='bbox 442 3207 592 3272; x_wconf 84' lang='lat' dir='ltr'>Satnmus</span> <span class='ocrx_word' id='word_1_314' title='bbox 615 3207 659 3270; x_wconf 93' lang='lat' dir='ltr'>illi</span> <span class='ocrx_word' id='word_1_315' title='bbox 682 3209 831 3357; x_wconf 53' lang='lat' dir='ltr'>succergff&#39;</span> <span class='ocrx_word' id='word_1_316' title='bbox 857 3208 976 3357; x_wconf 78' lang='lat' dir='ltr'>quiaLis</span> <span class='ocrx_word' id='word_1_317' title='bbox 999 3227 1035 3271; x_wconf 92' lang='lat' dir='ltr'>eo</span> <span class='ocrx_word' id='word_1_318' title='bbox 1060 3209 1107 3270; x_wconf 90' lang='lat' dir='ltr'>die</span> <span class='ocrx_word' id='word_1_319' title='bbox 1131 3208 1195 3272; x_wconf 87' lang='lat' dir='ltr'>Soli</span> <span class='ocrx_word' id='word_1_320' title='bbox 1215 3210 1384 3291; x_wconf 91' lang='lat' dir='ltr'>opponitur.</span> 
     </span>
     <span class='ocr_line' id='line_1_34' title="bbox 821 3315 955 3358; baseline 0.015 -2"><span class='ocrx_word' id='word_1_321' title='bbox 821 3315 896 3358; x_wconf 77' lang='lat' dir='ltr'>esis</span> <span class='ocrx_word' id='word_1_322' title='bbox 947 3342 955 3357; x_wconf 85' lang='lat'>.</span> 
     </span>
    </p>
   </div>
   <div class='ocr_carea' id='block_1_7' title="bbox 174 3383 1547 4809">
    <p class='ocr_par' dir='ltr' id='par_1_12' title="bbox 178 3383 1547 4096">
     <span class='ocr_line' id='line_1_35' title="bbox 274 3383 1543 3467; baseline 0 -17"><span class='ocrx_word' id='word_1_323' title='bbox 274 3387 334 3450; x_wconf 88' lang='lat' dir='ltr'>Hic</span> <span class='ocrx_word' id='word_1_324' title='bbox 367 3393 469 3450; x_wconf 83' lang='lat' dir='ltr'>antem</span> <span class='ocrx_word' id='word_1_325' title='bbox 501 3383 569 3448; x_wconf 90' lang='lat' dir='ltr'>illas</span> <span class='ocrx_word' id='word_1_326' title='bbox 601 3385 873 3448; x_wconf 86' lang='lat' dir='ltr'>vetustissimorum</span> <span class='ocrx_word' id='word_1_327' title='bbox 906 3392 1061 3447; x_wconf 88' lang='lat' dir='ltr'>auctorum</span> <span class='ocrx_word' id='word_1_328' title='bbox 1089 3385 1234 3456; x_wconf 89' lang='lat' dir='ltr'>Hesiodi,</span> <span class='ocrx_word' id='word_1_329' title='bbox 1263 3387 1370 3462; x_wconf 84' lang='lat' dir='ltr'>Arati,</span> <span class='ocrx_word' id='word_1_330' title='bbox 1404 3388 1543 3467; x_wconf 85' lang='lat' dir='ltr'>Vergilii.</span> 
     </span>
     <span class='ocr_line' id='line_1_36' title="bbox 181 3474 1544 3555; baseline -0.003 -11"><span class='ocrx_word' id='word_1_331' title='bbox 181 3478 277 3544; x_wconf 90' lang='lat' dir='ltr'>Plinii</span> <span class='ocrx_word' id='word_1_332' title='bbox 301 3483 334 3538; x_wconf 90' lang='lat' dir='ltr'>et</span> <span class='ocrx_word' id='word_1_333' title='bbox 356 3476 517 3539; x_wconf 89' lang='lat' dir='ltr'>modernas</span> <span class='ocrx_word' id='word_1_334' title='bbox 540 3474 739 3553; x_wconf 89' lang='lat' dir='ltr'>agricolarum</span> <span class='ocrx_word' id='word_1_335' title='bbox 764 3474 1041 3536; x_wconf 87' lang='lat' dir='ltr'>animadversiones</span> <span class='ocrx_word' id='word_1_336' title='bbox 1065 3493 1123 3534; x_wconf 89' lang='lat' dir='ltr'>non</span> <span class='ocrx_word' id='word_1_337' title='bbox 1147 3475 1259 3554; x_wconf 88' lang='lat' dir='ltr'>rejicio,</span> <span class='ocrx_word' id='word_1_338' title='bbox 1286 3476 1334 3555; x_wconf 92' lang='lat' dir='ltr'>qui</span> <span class='ocrx_word' id='word_1_339' title='bbox 1358 3496 1396 3538; x_wconf 86' lang='lat' dir='ltr'>ex</span> <span class='ocrx_word' id='word_1_340' title='bbox 1415 3479 1544 3540; x_wconf 91' lang='lat' dir='ltr'>siderum</span> 
     </span>
     <span class='ocr_line' id='line_1_37' title="bbox 179 3563 1543 3642; baseline -0.003 -10"><span class='ocrx_word' id='word_1_341' title='bbox 179 3566 340 3632; x_wconf 87' lang='lat' dir='ltr'>exortibus</span> <span class='ocrx_word' id='word_1_342' title='bbox 364 3565 469 3626; x_wconf 88' lang='lat' dir='ltr'>annuis</span> <span class='ocrx_word' id='word_1_343' title='bbox 493 3570 525 3625; x_wconf 90' lang='lat' dir='ltr'>et</span> <span class='ocrx_word' id='word_1_344' title='bbox 546 3564 651 3625; x_wconf 87' lang='lat' dir='ltr'>Lunae</span> <span class='ocrx_word' id='word_1_345' title='bbox 677 3563 811 3625; x_wconf 87' lang='lat' dir='ltr'>faciebus</span> <span class='ocrx_word' id='word_1_346' title='bbox 841 3573 911 3624; x_wconf 88' lang='lat' dir='ltr'>tunc</span> <span class='ocrx_word' id='word_1_347' title='bbox 936 3564 1054 3642; x_wconf 89' lang='lat' dir='ltr'>quaudo</span> <span class='ocrx_word' id='word_1_348' title='bbox 1088 3563 1163 3624; x_wconf 90' lang='lat' dir='ltr'>haec</span> <span class='ocrx_word' id='word_1_349' title='bbox 1187 3573 1347 3628; x_wconf 89' lang='lat' dir='ltr'>cernuntur</span> <span class='ocrx_word' id='word_1_350' title='bbox 1376 3567 1449 3638; x_wconf 93' lang='lat' dir='ltr'>(uon</span> <span class='ocrx_word' id='word_1_351' title='bbox 1473 3585 1543 3628; x_wconf 92' lang='lat' dir='ltr'>vero</span> 
     </span>
     <span class='ocr_line' id='line_1_38' title="bbox 181 3648 1547 3735; baseline -0.005 -12"><span class='ocrx_word' id='word_1_352' title='bbox 181 3657 283 3723; x_wconf 85' lang='lat' dir='ltr'>multo</span> <span class='ocrx_word' id='word_1_353' title='bbox 306 3662 442 3735; x_wconf 89' lang='lat' dir='ltr'>tempore</span> <span class='ocrx_word' id='word_1_354' title='bbox 475 3655 561 3726; x_wconf 89' lang='lat' dir='ltr'>ante)</span> <span class='ocrx_word' id='word_1_355' title='bbox 586 3653 623 3713; x_wconf 92' lang='lat' dir='ltr'>de</span> <span class='ocrx_word' id='word_1_356' title='bbox 656 3653 757 3714; x_wconf 85' lang='lat' dir='ltr'>futura</span> <span class='ocrx_word' id='word_1_357' title='bbox 778 3652 869 3717; x_wconf 69' lang='lat' dir='ltr'>,aeris</span> <span class='ocrx_word' id='word_1_358' title='bbox 898 3653 1042 3732; x_wconf 90' lang='lat' dir='ltr'>temperie</span> <span class='ocrx_word' id='word_1_359' title='bbox 1069 3648 1297 3714; x_wconf 89' lang='lat' dir='ltr'>ratiocinantur.</span> <span class='ocrx_word' id='word_1_360' title='bbox 1345 3650 1547 3716; x_wconf 85' lang='lat' dir='ltr'>Consideraut</span> 
     </span>
     <span class='ocr_line' id='line_1_39' title="bbox 180 3741 1544 3825; baseline -0.004 -14"><span class='ocrx_word' id='word_1_361' title='bbox 180 3747 264 3811; x_wconf 89' lang='lat' dir='ltr'>enim</span> <span class='ocrx_word' id='word_1_362' title='bbox 286 3743 341 3807; x_wconf 87' lang='lat' dir='ltr'>illa</span> <span class='ocrx_word' id='word_1_363' title='bbox 363 3761 421 3806; x_wconf 93' lang='lat' dir='ltr'>non</span> <span class='ocrx_word' id='word_1_364' title='bbox 445 3750 568 3825; x_wconf 77' lang='lat' dir='ltr'>propter</span> <span class='ocrx_word' id='word_1_365' title='bbox 591 3742 739 3820; x_wconf 87' lang='lat' dir='ltr'>magicam</span> <span class='ocrx_word' id='word_1_366' title='bbox 762 3741 838 3803; x_wconf 90' lang='lat' dir='ltr'>coeli</span> <span class='ocrx_word' id='word_1_367' title='bbox 862 3741 1005 3820; x_wconf 88' lang='lat' dir='ltr'>figuram,</span> <span class='ocrx_word' id='word_1_368' title='bbox 1040 3761 1095 3803; x_wconf 91' lang='lat' dir='ltr'>nec</span> <span class='ocrx_word' id='word_1_369' title='bbox 1123 3748 1157 3802; x_wconf 93' lang='lat' dir='ltr'>nt</span> <span class='ocrx_word' id='word_1_370' title='bbox 1180 3761 1304 3804; x_wconf 87' lang='lat' dir='ltr'>causam</span> <span class='ocrx_word' id='word_1_371' title='bbox 1328 3743 1446 3804; x_wconf 84' lang='lat' dir='ltr'>futurae</span> <span class='ocrx_word' id='word_1_372' title='bbox 1470 3762 1544 3805; x_wconf 89' lang='lat' dir='ltr'>con-</span> 
     </span>
     <span class='ocr_line' id='line_1_40' title="bbox 178 3830 1544 3912; baseline -0.005 -12"><span class='ocrx_word' id='word_1_373' title='bbox 178 3833 352 3901; x_wconf 86' lang='lat' dir='ltr'>stitutionis</span> <span class='ocrx_word' id='word_1_374' title='bbox 376 3832 460 3906; x_wconf 91' lang='lat' dir='ltr'>(nam</span> <span class='ocrx_word' id='word_1_375' title='bbox 484 3832 553 3893; x_wconf 86' lang='lat' dir='ltr'>aliis</span> <span class='ocrx_word' id='word_1_376' title='bbox 578 3831 673 3892; x_wconf 78' lang='lat' dir='ltr'>annis.</span> <span class='ocrx_word' id='word_1_377' title='bbox 688 3831 769 3892; x_wconf 88' lang='lat' dir='ltr'>alind</span> <span class='ocrx_word' id='word_1_378' title='bbox 793 3849 879 3891; x_wconf 88' lang='lat' dir='ltr'>omen</span> <span class='ocrx_word' id='word_1_379' title='bbox 903 3830 1059 3911; x_wconf 79' lang='lat' dir='ltr'>copiunt),</span> <span class='ocrx_word' id='word_1_380' title='bbox 1093 3831 1147 3892; x_wconf 93' lang='lat' dir='ltr'>sed</span> <span class='ocrx_word' id='word_1_381' title='bbox 1172 3838 1205 3893; x_wconf 93' lang='lat' dir='ltr'>ut</span> <span class='ocrx_word' id='word_1_382' title='bbox 1228 3831 1344 3911; x_wconf 89' lang='lat' dir='ltr'>signum</span> <span class='ocrx_word' id='word_1_383' title='bbox 1363 3832 1429 3910; x_wconf 90' lang='lat' dir='ltr'>jam</span> <span class='ocrx_word' id='word_1_384' title='bbox 1452 3850 1544 3912; x_wconf 90' lang='lat' dir='ltr'>prae-</span> 
     </span>
     <span class='ocr_line' id='line_1_41' title="bbox 179 3919 1545 4002; baseline -0.005 -12"><span class='ocrx_word' id='word_1_385' title='bbox 179 3924 280 3990; x_wconf 84' lang='lat' dir='ltr'>sentis</span> <span class='ocrx_word' id='word_1_386' title='bbox 317 3929 349 3984; x_wconf 93' lang='lat' dir='ltr'>et</span> <span class='ocrx_word' id='word_1_387' title='bbox 382 3920 600 4001; x_wconf 86' lang='lat' dir='ltr'>aliquantisper</span> <span class='ocrx_word' id='word_1_388' title='bbox 630 3920 791 3982; x_wconf 88' lang='lat' dir='ltr'>duraturae</span> <span class='ocrx_word' id='word_1_389' title='bbox 825 3919 1032 3999; x_wconf 88' lang='lat' dir='ltr'>dispositionis</span> <span class='ocrx_word' id='word_1_390' title='bbox 1056 3920 1221 3984; x_wconf 87' lang='lat' dir='ltr'>Terrestris</span> <span class='ocrx_word' id='word_1_391' title='bbox 1254 3919 1419 4000; x_wconf 91' lang='lat' dir='ltr'>generalis,</span> <span class='ocrx_word' id='word_1_392' title='bbox 1460 3922 1545 4002; x_wconf 78' lang='lat' dir='ltr'>crq&#39;us</span> 
     </span>
     <span class='ocr_line' id='line_1_42' title="bbox 180 4009 943 4096; baseline -0.008 -21"><span class='ocrx_word' id='word_1_393' title='bbox 180 4013 343 4096; x_wconf 89' lang='lat' dir='ltr'>periodum</span> <span class='ocrx_word' id='word_1_394' title='bbox 366 4018 399 4072; x_wconf 88' lang='lat' dir='ltr'>et</span> <span class='ocrx_word' id='word_1_395' title='bbox 421 4010 505 4089; x_wconf 92' lang='lat' dir='ltr'>leges</span> <span class='ocrx_word' id='word_1_396' title='bbox 530 4010 606 4071; x_wconf 89' lang='lat' dir='ltr'>alias</span> <span class='ocrx_word' id='word_1_397' title='bbox 630 4009 761 4088; x_wconf 88' lang='lat' dir='ltr'>ignorari</span> <span class='ocrx_word' id='word_1_398' title='bbox 785 4009 943 4071; x_wconf 91' lang='lat' dir='ltr'>contendo.</span> 
     </span>
    </p>

    <p class='ocr_par' dir='ltr' id='par_1_13' title="bbox 757 4097 964 4159">
     <span class='ocr_line' id='line_1_43' title="bbox 757 4097 964 4159; baseline 0.005 -1"><span class='ocrx_word' id='word_1_399' title='bbox 757 4097 888 4159; x_wconf 90' lang='lat' dir='ltr'>Thesis</span> <span class='ocrx_word' id='word_1_400' title='bbox 912 4097 964 4159; x_wconf 91' lang='lat' dir='ltr'>LI.</span> 
     </span>
    </p>

    <p class='ocr_par' dir='ltr' id='par_1_14' title="bbox 174 4184 1543 4809">
     <span class='ocr_line' id='line_1_44' title="bbox 174 4184 1543 4268; baseline -0.001 -16"><span class='ocrx_word' id='word_1_401' title='bbox 174 4235 186 4253; x_wconf 81' lang='lat'>·.</span> <span class='ocrx_word' id='word_1_402' title='bbox 271 4187 528 4252; x_wconf 89' lang='lat' dir='ltr'>Animadversum</span> <span class='ocrx_word' id='word_1_403' title='bbox 558 4193 659 4248; x_wconf 89' lang='lat' dir='ltr'>tamen</span> <span class='ocrx_word' id='word_1_404' title='bbox 690 4195 750 4262; x_wconf 89' lang='lat' dir='ltr'>est,</span> <span class='ocrx_word' id='word_1_405' title='bbox 784 4187 883 4249; x_wconf 89' lang='lat' dir='ltr'>inesse</span> <span class='ocrx_word' id='word_1_406' title='bbox 916 4187 1038 4248; x_wconf 89' lang='lat' dir='ltr'>brevem</span> <span class='ocrx_word' id='word_1_407' title='bbox 1071 4184 1225 4248; x_wconf 88' lang='lat' dir='ltr'>circuitum</span> <span class='ocrx_word' id='word_1_408' title='bbox 1262 4186 1329 4249; x_wconf 92' lang='lat' dir='ltr'>huic</span> <span class='ocrx_word' id='word_1_409' title='bbox 1363 4187 1543 4268; x_wconf 91' lang='lat' dir='ltr'>qualitatum</span> 
     </span>
     <span class='ocr_line' id='line_1_45' title="bbox 177 4274 1543 4355; baseline -0.003 -12"><span class='ocrx_word' id='word_1_410' title='bbox 177 4278 398 4343; x_wconf 87' lang='lat' dir='ltr'>univereahum</span> <span class='ocrx_word' id='word_1_411' title='bbox 422 4274 615 4339; x_wconf 88' lang='lat' dir='ltr'>successioni.</span> <span class='ocrx_word' id='word_1_412' title='bbox 661 4277 741 4339; x_wconf 88' lang='lat' dir='ltr'>Nam</span> <span class='ocrx_word' id='word_1_413' title='bbox 765 4283 796 4338; x_wconf 90' lang='lat' dir='ltr'>et</span> <span class='ocrx_word' id='word_1_414' title='bbox 819 4275 924 4338; x_wconf 88' lang='lat' dir='ltr'>rustici</span> <span class='ocrx_word' id='word_1_415' title='bbox 948 4276 1014 4355; x_wconf 86' lang='lat' dir='ltr'>(qui</span> <span class='ocrx_word' id='word_1_416' title='bbox 1037 4275 1113 4336; x_wconf 87' lang='lat' dir='ltr'>hanc</span> <span class='ocrx_word' id='word_1_417' title='bbox 1136 4276 1266 4338; x_wconf 91' lang='lat' dir='ltr'>omnium</span> <span class='ocrx_word' id='word_1_418' title='bbox 1289 4277 1457 4339; x_wconf 87' lang='lat' dir='ltr'>rectissime</span> <span class='ocrx_word' id='word_1_419' title='bbox 1477 4277 1543 4340; x_wconf 85' lang='lat' dir='ltr'>cal-</span> 
     </span>
     <span class='ocr_line' id='line_1_46' title="bbox 177 4364 1541 4447; baseline -0.003 -15"><span class='ocrx_word' id='word_1_420' title='bbox 177 4371 262 4444; x_wconf 88' lang='lat' dir='ltr'>lent)</span> <span class='ocrx_word' id='word_1_421' title='bbox 287 4367 337 4430; x_wconf 94' lang='lat' dir='ltr'>ubi</span> <span class='ocrx_word' id='word_1_422' title='bbox 363 4371 514 4428; x_wconf 90' lang='lat' dir='ltr'>aestatem</span> <span class='ocrx_word' id='word_1_423' title='bbox 538 4364 670 4427; x_wconf 90' lang='lat' dir='ltr'>viderint</span> <span class='ocrx_word' id='word_1_424' title='bbox 693 4366 848 4439; x_wconf 84' lang='lat' dir='ltr'>fervidam,</span> <span class='ocrx_word' id='word_1_425' title='bbox 874 4365 1034 4428; x_wconf 91' lang='lat' dir='ltr'>admodum</span> <span class='ocrx_word' id='word_1_426' title='bbox 1058 4364 1187 4443; x_wconf 87' lang='lat' dir='ltr'>rigidam</span> <span class='ocrx_word' id='word_1_427' title='bbox 1210 4373 1374 4446; x_wconf 87' lang='lat' dir='ltr'>expectant</span> <span class='ocrx_word' id='word_1_428' title='bbox 1395 4367 1541 4447; x_wconf 90' lang='lat' dir='ltr'>hyemem.</span> 
     </span>
     <span class='ocr_line' id='line_1_47' title="bbox 175 4453 1543 4536; baseline -0.005 -13"><span class='ocrx_word' id='word_1_429' title='bbox 175 4457 273 4523; x_wconf 83' lang='lat' dir='ltr'>Etsi</span> <span class='ocrx_word' id='word_1_430' title='bbox 297 4474 370 4536; x_wconf 91' lang='lat' dir='ltr'>pars</span> <span class='ocrx_word' id='word_1_431' title='bbox 394 4454 496 4534; x_wconf 89' lang='lat' dir='ltr'>aliqua</span> <span class='ocrx_word' id='word_1_432' title='bbox 517 4453 633 4535; x_wconf 85' lang='lat' dir='ltr'>hyemis</span> <span class='ocrx_word' id='word_1_433' title='bbox 658 4463 762 4535; x_wconf 87' lang='lat' dir='ltr'>tepore</span> <span class='ocrx_word' id='word_1_434' title='bbox 786 4474 845 4516; x_wconf 91' lang='lat' dir='ltr'>non</span> <span class='ocrx_word' id='word_1_435' title='bbox 869 4454 1000 4517; x_wconf 85' lang='lat' dir='ltr'>naturali</span> <span class='ocrx_word' id='word_1_436' title='bbox 1024 4453 1184 4529; x_wconf 89' lang='lat' dir='ltr'>detinetur,</span> <span class='ocrx_word' id='word_1_437' title='bbox 1210 4463 1295 4517; x_wconf 85' lang='lat' dir='ltr'>tento</span> <span class='ocrx_word' id='word_1_438' title='bbox 1319 4455 1417 4534; x_wconf 89' lang='lat' dir='ltr'>magis</span> <span class='ocrx_word' id='word_1_439' title='bbox 1437 4455 1543 4518; x_wconf 88' lang='lat' dir='ltr'>ultima</span> 
     </span>
     <span class='ocr_line' id='line_1_48' title="bbox 175 4543 1542 4631; baseline -0.001 -25"><span class='ocrx_word' id='word_1_440' title='bbox 175 4553 271 4631; x_wconf 77' lang='lat' dir='ltr'>parte</span> <span class='ocrx_word' id='word_1_441' title='bbox 295 4544 390 4623; x_wconf 79' lang='lat' dir='ltr'>frigus</span> <span class='ocrx_word' id='word_1_442' title='bbox 415 4549 587 4621; x_wconf 85' lang='lat' dir='ltr'>expectant.</span> <span class='ocrx_word' id='word_1_443' title='bbox 634 4545 683 4607; x_wconf 91' lang='lat' dir='ltr'>lta</span> <span class='ocrx_word' id='word_1_444' title='bbox 706 4545 762 4606; x_wconf 90' lang='lat' dir='ltr'>hoc</span> <span class='ocrx_word' id='word_1_445' title='bbox 787 4552 935 4624; x_wconf 89' lang='lat' dir='ltr'>tempore,</span> <span class='ocrx_word' id='word_1_446' title='bbox 961 4563 1027 4606; x_wconf 91' lang='lat' dir='ltr'>cum</span> <span class='ocrx_word' id='word_1_447' title='bbox 1051 4543 1157 4624; x_wconf 89' lang='lat' dir='ltr'>hyems</span> <span class='ocrx_word' id='word_1_448' title='bbox 1185 4544 1263 4607; x_wconf 89' lang='lat' dir='ltr'>acris</span> <span class='ocrx_word' id='word_1_449' title='bbox 1292 4544 1452 4606; x_wconf 91' lang='lat' dir='ltr'>admodum</span> <span class='ocrx_word' id='word_1_450' title='bbox 1474 4562 1542 4605; x_wconf 91' lang='lat' dir='ltr'>ma-</span> 
     </span>
     <span class='ocr_line' id='line_1_49' title="bbox 175 4631 1542 4714; baseline -0.003 -15"><span class='ocrx_word' id='word_1_451' title='bbox 175 4644 254 4700; x_wconf 89' lang='lat' dir='ltr'>ture</span> <span class='ocrx_word' id='word_1_452' title='bbox 272 4631 430 4714; x_wconf 86' lang='lat' dir='ltr'>ingruerit,</span> <span class='ocrx_word' id='word_1_453' title='bbox 453 4639 603 4695; x_wconf 89' lang='lat' dir='ltr'>maturum</span> <span class='ocrx_word' id='word_1_454' title='bbox 625 4633 759 4696; x_wconf 89' lang='lat' dir='ltr'>vicissim</span> <span class='ocrx_word' id='word_1_455' title='bbox 782 4651 836 4697; x_wconf 87' lang='lat' dir='ltr'>ver</span> <span class='ocrx_word' id='word_1_456' title='bbox 861 4634 928 4710; x_wconf 89' lang='lat' dir='ltr'>erit,</span> <span class='ocrx_word' id='word_1_457' title='bbox 953 4632 1210 4698; x_wconf 88' lang='lat' dir='ltr'>consentientibus</span> <span class='ocrx_word' id='word_1_458' title='bbox 1235 4633 1407 4714; x_wconf 87' lang='lat' dir='ltr'>aspectibus</span> <span class='ocrx_word' id='word_1_459' title='bbox 1430 4633 1542 4714; x_wconf 88' lang='lat' dir='ltr'>pleris-</span> 
     </span>
     <span class='ocr_line' id='line_1_50' title="bbox 176 4718 803 4809; baseline -0.003 -21"><span class='ocrx_word' id='word_1_460' title='bbox 176 4744 249 4809; x_wconf 90' lang='lat' dir='ltr'>que,</span> <span class='ocrx_word' id='word_1_461' title='bbox 274 4720 325 4805; x_wconf 91' lang='lat' dir='ltr'>qui</span> <span class='ocrx_word' id='word_1_462' title='bbox 347 4741 384 4784; x_wconf 92' lang='lat' dir='ltr'>eo</span> <span class='ocrx_word' id='word_1_463' title='bbox 408 4718 476 4785; x_wconf 89' lang='lat' dir='ltr'>auni</span> <span class='ocrx_word' id='word_1_464' title='bbox 501 4729 635 4801; x_wconf 89' lang='lat' dir='ltr'>tempore</span> <span class='ocrx_word' id='word_1_465' title='bbox 659 4722 803 4788; x_wconf 88' lang='lat' dir='ltr'>incidunt.</span> 
     </span>
    </p>
   </div>
   <div class='ocr_carea' id='block_1_8' title="bbox 0 0 1718 5542">
    <p class='ocr_par' dir='ltr' id='par_1_15' title="bbox 0 0 1718 5542">
     <span class='ocr_line' id='line_1_51' title="bbox 0 0 1718 5542; baseline 0 3"><span class='ocrx_word' id='word_1_466' title='bbox 0 0 1718 5542; x_wconf 95' lang='lat' dir='ltr'> </span> 
     </span>
    </p>
   </div>
  </div>
 </body>
</html>
