3428 5542
726 329 889 381 Prooemim
1423 323 1488 392 239

120 489 147 538 in
159 503 204 538 suo
216 488 298 540 lihsllo
312 489 397 549 edidit,
419 504 466 541 sua
477 506 528 541 nou
541 496 608 549 suut,
629 505 677 542 noc
699 491 776 542 edam
797 504 829 541 sa
850 491 905 555 ipsa
916 489 1041 558 iutelligit,
1063 491 1101 540 ita
1124 493 1154 538 ut
1170 501 1234 554 quse
1253 487 1320 539 bona
1333 494 1392 538 mut
1411 489 1438 539 iu
1451 502 1489 549 so,

120 563 174 624 ipsa
195 560 264 610 falsis
286 561 366 612 verbis
387 568 516 627 proponat
541 561 637 612 ‘Multa
658 562 803 627 a'l'ychone
822 557 899 613 hahet
920 568 947 612 et
966 578 1009 627 pru
1031 563 1082 612 suis
1101 560 1221 620 venditat,
1244 573 1308 626 quse
1325 561 1352 610 in
1365 560 1490 624 Tychonis

121 632 183 680 libro
204 631 248 681 tibi
270 635 413 682 monstrari.
462 633 650 699 Triangulomm
677 636 753 698 ipsius
776 634 889 684 doctriua
909 634 968 683 nihil
991 632 1149 683 memorabile
1170 631 1248 682 habet
1274 631 1338 696 quod
1360 646 1409 681 non
1431 631 1491 683 alibi

120 701 209 752 melius
221 703 339 768 scriptum
352 711 440 755 exstet.
477 704 550 765 Quae
571 720 628 755 reru
647 707 673 754 iu
687 719 718 755 ss
731 706 861 755 observatu
881 705 958 770 digna
970 711 1037 761 sunt,
1059 706 1111 769 ipae
1134 718 1184 753 non
1201 702 1324 767 intelligit,
1347 703 1403 753 ideo
1425 701 1489 754 lalus

121 781 149 824 et
167 774 252 838 inepte
270 777 394 839 proponit.
430 774 521 825 Mirum
543 790 601 841 ergo
613 777 673 826 mihi
685 776 817 833 rideretur,
840 777 862 825 si
882 790 898 826 a
917 783 943 826 ts
964 791 1037 839 snper
1058 781 1128 825 astra
1148 776 1184 824 sic
1201 773 1353 824 eveheretur.
1391 774 1489 839 Dignus

121 847 207 909 itaque
220 850 295 904 ussat,
319 852 347 895 ut
359 852 448 897 contra
459 849 539 910 ipsum
553 854 579 897 ts
591 862 720 912 purgares,
740 848 805 912 quud
825 853 872 898 tua
891 846 1048 897 humanitate
1070 852 1200 910 tantopere
1215 846 1332 900 abutitur.
1354 845 1412 909 qnia
1432 858 1490 897 ress

121 930 172 965 nou
185 916 266 978 credo,
283 923 310 966 te
330 918 469 968 istiusmodi
490 920 642 969 ornamentis
663 920 743 983 ipsum
759 919 835 968 luisse
859 919 995 984 dignatum.
1019 917 1051 978 (E
1071 919 1148 968 literis
1167 917 1190 966 d.
1211 917 1234 966 d.
1256 913 1297 964 14.
1315 915 1365 966 Jul.
1385 913 1441 975 96.)

194 1056 289 1117 Quibus
310 1055 471 1123 Keplsrus
491 1057 554 1110 haec
574 1059 702 1123 respondit
722 1057 823 1124 (exsp.
846 1060 870 1109 d.
892 1056 917 1110 9.
932 1059 995 1109 Dec.
1017 1056 1051 1108 99
1073 1059 1142 1109 data.
1175 1056 1261 1122 comp,
1280 1073 1304 1123 p.
1325 1053 1358 1105 ³9
1378 1062 1404 1107 et
1422 1051 1490 1113 ali:

212 1199 363 1280 Tychouis
386 1199 492 1262 literas
516 1201 646 1262 nondum
669 1201 746 1272 vidi,
766 1220 900 1262 mearum
924 1200 964 1261 ad
987 1199 1071 1261 illum
1095 1200 1252 1279 exemplar
1275 1199 1355 1280 apud
1377 1207 1409 1261 te
1433 1217 1489 1260 ex·
1515 1236 1517 1239 v

123 1294 206 1350 sture
230 1288 357 1368 gaudeo.
404 1289 483 1350 Nam
506 1289 649 1370 prodigus
674 1309 739 1351 sum
762 1289 930 1352 verborum.
978 1287 1094 1367 Scripsi
1109 1290 1260 1367 profecto,
1286 1307 1343 1369 que
1362 1307 1410 1350 me
1433 1307 1488 1350 ca·

122 1377 220 1438 lamus
254 1377 397 1452 ducebat,
431 1385 538 1439 contra
571 1396 659 1456 quam
682 1378 722 1439 ad
754 1386 872 1440 tautum
896 1378 990 1441 virum
1019 1378 1129 1440 decuit.
1176 1376 1287 1439 Earum
1320 1377 1397 1439 adeo
1430 1394 1489 1438 uon

123 1465 243 1527 memini
268 1465 406 1545 amplius.
454 1467 579 1529 Utinam
602 1467 782 1528 observator
805 1467 1056 1546 diligentissimus
1081 1467 1152 1527 olim
1175 1486 1261 1527 anre
1275 1473 1376 1527 motae
1400 1463 1491 1527 dubi·

123 1554 248 1615 tationis
273 1555 310 1616 de
340 1554 408 1615 fixis
442 1555 624 1616 mentionem
648 1556 772 1617 faceret.
821 1553 990 1617 Observari
1020 1574 1076 1635 ego
1106 1555 1257 1632 triangulo
1283 1555 1347 1616 rudi
1373 1553 1491 1635 (qualia
1535 1577 1537 1581 ·

124 1645 206 1705 fuere
222 1642 467 1704 Patriarcharum
491 1644 636 1705 a‘diluvio
652 1645 786 1724 tuguria)
817 1641 907 1708 1597.
929 1642 1065 1717 Octobri,
1091 1642 1264 1716 Decembri,
1292 1640 1385 1707 1598.
1402 1643 1490 1704 Mar.

124 1731 178 1805 tio,
202 1729 385 1812 Septembri.
431 1732 565 1794 Primam
585 1733 693 1794 falsam
710 1733 803 1794 fuisse
827 1752 990 1795 consensus
1010 1732 1198 1812 sequentium
1229 1739 1370 1794 testatur.
1409 1732 1489 1794 Nam

124 1821 151 1882 si
174 1839 234 1900 qua
257 1828 307 1881 est
329 1820 499 1883 differentia
523 1821 692 1883 altitudinis
715 1822 839 1883 fixarum
865 1822 992 1884 diversis
1017 1821 1088 1882 anni
1107 1821 1301 1901 temporibus,
1326 1821 1380 1882 illa
1394 1819 1490 1883 minor

124 1918 173 1971 est
206 1916 347 1972 sextante
377 1910 489 1989 gradus
495 1929 505 1984 3
538 1930 608 1971 nam
642 1911 809 1990 quadrante
841 1930 907 1972 meo
941 1911 1081 1990 scrupula
1107 1911 1274 1972 consectari
1306 1929 1363 1970 nou
1393 1908 1489 1989 potui.

125 1998 192 2078 ligo
216 2017 287 2059 vero
318 2018 355 2060 ex
378 1998 476 2078 prima
505 1998 584 2060 falsa
613 1999 826 2061 observatione
852 1998 973 2079 putavi,
1007 1999 1204 2061 differentiam
1234 2001 1298 2060 fore
1332 1999 1489 2061 semissem

125 2087 250 2167 gradus.
298 2085 333 2149 Si
354 2087 383 2147 iu
407 2087 512 2166 primis
537 2095 568 2149 et
591 2089 727 2165 partibus
750 2087 838 2167 primi
862 2088 1025 2168 majoribus
1044 2087 1128 2149 nulla
1148 2096 1196 2148 est
1212 2088 1391 2160 differentia,
1417 2106 1490 2148 sane

126 2183 158 2236 et
181 2192 237 2255 ego
261 2174 421 2256 plurimum
446 2175 597 2239 movebor.
645 2173 722 2246 Quis
747 2177 824 2237 enim
848 2178 968 2250 credat,
999 2184 1118 2237 tautam
1142 2195 1209 2237 esse
1233 2177 1358 2238 lixarum
1383 2175 1491 2237 altitu-

127 2265 237 2326 dinem.
265 2268 381 2337 (Spectat
392 2273 431 2322 his
441 2273 565 2337 Keplsrus
579 2274 762 2324 ohservationes
775 2275 863 2324 stellas
875 2274 975 2339 polaris,
988 2288 1053 2338 quas
1064 2273 1181 2339 leguntur
1193 2263 1269 2337 supra
1280 2289 1305 2337 p.
1321 2269 1376 2334 ⁴2.)

215 2353 266 2415 Ad
288 2353 427 2416 Ursum
455 2353 562 2432 scripsi
598 2372 676 2415 anne
702 2351 753 2418 95.
784 2363 921 2429 aestate,
955 2355 1128 2435 priusquam
1153 2354 1321 2433 Tubingam
1345 2353 1489 2416 venirem.

126 2441 250 2522 Impulit
272 2461 319 2504 me
344 2441 464 2522 quidam
488 2461 525 2502 ex
549 2443 723 2522 proceribus
747 2444 915 2524 Waganus,
936 2443 984 2524 qui
1009 2462 1079 2518 cum⁸
1099 2443 1233 2505 crebrius
1246 2443 1388 2522 'Pragam
1412 2462 1489 2505 ven-

127 2530 209 2602 titet,
240 2530 269 2592 in
293 2530 422 2593 hominis
454 2530 596 2592 notitiam
619 2531 703 2593 venit
733 2551 858 2612 eumque
888 2533 1008 2613 plurimi
1042 2532 1125 2593 lacit.
1172 2531 1394 2611 Argumentum
1427 2531 1490 2593 tale

128 2621 201 2694 fere,
225 2619 313 2700 quale
337 2620 366 2679 iu
391 2619 543 2700 'lychonis
567 2620 710 2698 epistola:
741 2639 808 2682 cum
831 2620 873 2683 sit
895 2621 942 2683 vir
963 2620 1083 2702 publice
1107 2627 1224 2694 nctus,
1240 2640 1277 2681 ex
1301 2620 1385 2699 cujus
1411 2619 1490 2682 scri·

125 2708 188 2788 ptis
222 2707 336 2770 discam
370 2709 528 2789 (quantum
552 2709 650 2771 obiter
680 2709 828 2772 volvendo
861 2709 1030 2790 intelligere
1063 2708 1246 2790 potuerim),
1279 2708 1347 2769 ideo
1366 2727 1423 2787 me
1457 2715 1491 2770 nt

127 2797 305 2876 discipulum
329 2805 361 2858 et
379 2796 522 2876 juvenem
547 2797 675 2876 abipso
700 2798 814 2878 majore
843 2807 947 2861 aetate
970 2805 1074 2879 petere
1099 2817 1255 2859 censuram
1279 2816 1368 2875 super
1392 2815 1489 2877 nego·-

126 2886 169 2949 tio
193 2884 213 2948 5
238 2904 402 2966 corporum,
429 2886 508 2965 quod
530 2887 721 2966 paucissimis
744 2889 844 2950 verbis
869 2895 901 2950 et
924 2887 1056 2950 numeris
1080 2886 1240 2948 delineari.
1288 2887 1322 2948 Si
1347 2885 1417 2966 qnid
1441 2885 1490 2946 hic

127 2982 176 3036 est
199 2974 392 3046 adulationis,
417 2976 480 3054 ejus
504 2977 622 3054 culpam
645 2976 725 3055 gerit
748 2978 890 3057 splendor
914 2978 1000 3039 aulae
1026 2975 1212 3050 Caesareae,
1237 2983 1269 3037 et
1292 2975 1359 3054 ejus
1385 2981 1489 3037 sectu-

128 3073 185 3138 tor,
218 3082 302 3125 meus
331 3064 430 3124 fautor
453 3063 620 3144 Waganus.
666 3064 742 3126 Post
774 3066 987 3146 sesquiannum
1018 3064 1189 3143 respondit,
1223 3065 1408 3143 exemplaria
1431 3062 1491 3126 mei

127 3152 221 3214 libelli
245 3158 363 3231 petens,
387 3151 527 3232 misitque
543 3152 767 3231 chronologiam
791 3175 876 3216 suam
892 3155 922 3216 iu
943 3156 1040 3216 forma
1055 3153 1183 3236 patenti.
1229 3152 1406 3232 Rescripsi,
1421 3151 1491 3214 misi

128 3241 323 3321 exemplaria.
371 3240 487 3302 Laudis
516 3241 542 3301 si
566 3242 636 3320 quid
657 3242 760 3304 addidi
786 3245 880 3324 (quod
903 3244 1020 3318 nescio,
1053 3249 1219 3303 narnate
1248 3242 1336 3302 modu
1361 3242 1490 3303 descen-

128 3325 263 3409 deram),
292 3329 322 3390 id
347 3329 461 3390 factum
484 3348 594 3390 censeo
621 3337 745 3411 propter
772 3333 888 3410 priores
920 3332 1035 3394 literas.
1082 3332 1165 3392 Mori
1189 3332 1335 3411 quaedam
1359 3330 1490 3391 chrono-

128 3419 242 3499 logica,
266 3419 388 3497 placere
411 3418 483 3479 mihi
508 3418 583 3492 diri,
618 3421 696 3500 qnod
720 3439 778 3480 non
803 3429 947 3502 sequatur
969 3419 1093 3482 fictitios
1117 3420 1184 3481 illos
1209 3427 1339 3480 autores.
1386 3416 1490 3480 Mirari

126 3526 173 3568 me
198 3506 259 3570 dixi
281 3506 477 3585 multiplicem
501 3508 565 3587 ejus
589 3509 760 3582 lectionem,
785 3510 835 3588 qui
859 3509 1085 3589 chronologiam
1108 3509 1201 3570 talem
1225 3508 1356 3569 scribere
1379 3513 1490 3587 potue-

128 3596 176 3660 rit.
223 3596 303 3657 Petii
326 3595 464 3657 omnibus
488 3597 595 3668 modis,
619 3604 653 3658 ut
676 3616 832 3659 censuram
856 3598 884 3658 in
911 3598 1044 3659 libellum
1067 3616 1165 3658 meum
1179 3596 1377 3659 mihimittat.
1417 3595 1491 3656 ldeo

128 3685 205 3746 cuim
235 3685 407 3746 institutam
439 3685 687 3763 publicationem,
721 3695 755 3748 ut
779 3707 846 3749 cum
878 3705 976 3747 rernm
1004 3686 1108 3748 harum
1132 3685 1297 3748 scientibus
1327 3683 1489 3763 disputem.

97 3775 100 3779 ’
128 3772 239 3848 Oravi,
274 3780 308 3835 ut
330 3773 466 3855 Tychoni
494 3773 597 3836 mittat
621 3775 786 3855 exemplar,
821 3776 943 3857 ejusque
973 3794 1079 3855 opera,
1115 3775 1223 3855 siqua
1257 3773 1384 3846 habeat,
1418 3771 1490 3833 mibi

127 3863 232 3925 mittat
263 3862 338 3923 meis
371 3861 509 3924 nummis.
557 3863 683 3938 Postea,
718 3872 788 3926 ante
814 3884 924 3926 annum
947 3865 1066 3943 opinor,
1096 3882 1163 3925 cum
1187 3862 1260 3925 nihil
1281 3860 1486 3940 responderet,

128 3960 160 4014 at
183 3971 284 4014 coram
307 3958 411 4013 nostro
435 3953 617 4025 monetario,
641 3953 691 4033 qui
713 3954 832 4034 Pragae
857 3960 938 4028 erat,
963 3973 1010 4014 me
1033 3953 1206 4027 laudasset,
1231 3970 1347 4014 rursum
1371 3949 1489 4032 scripsi,

128 4060 237 4121 urgens
260 4040 388 4119 petitam
412 4059 579 4102 censuram.
626 4041 817 4122 Exprobravi
845 4043 904 4122 ipsi
927 4051 1157 4122 praeposteram
1186 4040 1416 4114 abstinentiam,
1441 4038 1491 4120 qui

127 4148 262 4191 nummos
294 4150 313 4190 a
346 4127 479 4192 Caesare
513 4137 654 4210 acceptos
688 4133 787 4195 soleat
819 4134 868 4204 (ut
898 4132 947 4193 hic
971 4132 1112 4211 ajehant)
1145 4131 1297 4192 remittere
1331 4129 1389 4198 illi,
1423 4146 1490 4190 cum

126 4227 232 4297 posset
255 4218 292 4280 iis
315 4218 494 4281 benefacere
518 4220 683 4282 studiorum
708 4222 868 4282 eorundem
884 4221 1049 4283 cultoribus
1068 4229 1100 4282 et
1118 4219 1199 4283 mihi.
1247 4221 1331 4280 Haec
1345 4218 1390 4280 ita
1399 4219 1490 4298 jocu-

127 4306 242 4369 lariter.
290 4306 352 4368 Sed
381 4307 454 4369 nihil
483 4309 647 4387 respondit.
696 4308 730 4370 Si
754 4309 825 4390 quid
848 4309 893 4371 illi
926 4310 955 4371 in
981 4328 1014 4370 os
1039 4329 1103 4370 sum
1134 4311 1268 4371 locutus:
1302 4305 1489 4380 malefacit,

127 4396 176 4476 qni
200 4395 230 4457 id
254 4396 292 4456 ad
316 4415 388 4457 snus
411 4415 510 4459 mures
534 4405 565 4459 et
588 4397 719 4460 animum
742 4398 846 4471 trahit,
872 4399 950 4479 qnod
971 4417 1027 4478 ego
1051 4399 1171 4478 iugenio
1195 4397 1296 4460 tribui.
1342 4394 1427 4457 Nihil
1452 4393 1490 4454 sd

105 4504 175 4552 ,me
197 4485 351 4565 pertinuit,
378 4484 446 4565 qnid
471 4486 522 4548 ille
546 4487 663 4548 furatus
687 4506 725 4549 ex
748 4488 874 4549 aliorum
897 4487 1051 4550 laboribus
1075 4496 1167 4561 esset,
1192 4486 1390 4565 exprobrare:
1414 4501 1490 4545 cau·

129 4593 195 4636 sam
225 4592 325 4635 meam
359 4574 416 4655 egi.
464 4573 527 4637 Sed
551 4576 625 4637 bene
650 4575 760 4638 habet:
795 4576 843 4656 qui
872 4576 1049 4657 discipulum
1073 4596 1106 4638 se
1130 4577 1196 4656 ejus
1226 4575 1381 4654 professus
1413 4577 1491 4639 erat,

128 4681 194 4724 euru
213 4662 346 4743 judicem
370 4682 404 4726 se
428 4663 508 4726 inter
532 4673 563 4726 et
577 4665 750 4746 Tychonem
773 4665 892 4745 publice
917 4673 1063 4727 ostentat.
1111 4664 1257 4727 Gratulor
1280 4661 1351 4724 mihi
1375 4661 1412 4722 de
1430 4660 1490 4720 ho-

127 4769 198 4813 nore
222 4770 378 4827 concesso,
402 4771 459 4833 quo
483 4753 513 4815 in
532 4760 686 4833 posterum
708 4762 778 4816 utar
801 4755 938 4839 candide.
984 4754 1173 4833 Discipulum
1188 4753 1293 4819 audiit.
1317 4749 1387 4831 quid
1402 4748 1491 4811 exul-¹

127 4840 201 4905 tat?
247 4839 282 4904 Si
311 4840 445 4924 judicem
473 4861 520 4905 me
554 4845 755 4929 appellasset,
790 4845 894 4914 forsan
922 4844 1003 4913 aliud
1027 4843 1181 4932 quippiam
1209 4840 1367 4908 audiisset.
1415 4835 1491 4902 Cum
