3428 5542
695 313 779 366 noas
797 315 912 367 aaran.
1424 311 1487 383 199

123 476 227 544 triplex
242 477 277 528 ad
292 492 383 530 unum.
413 476 498 530 Verbi
511 477 621 547 gratia:
644 479 752 548 quando
767 493 843 531 sumo
858 492 951 530 arcum
970 477 1065 548 ρητον,
1083 484 1117 531 ut
1141 472 1181 541 ¹1..
1204 479 1282 548 cujus
1303 479 1439 532 subtenta
1452 478 1490 532 sit

122 555 354 620 demonstrabilis,
379 558 435 609 sed.
447 550 475 614 'is
491 558 525 610 ad
539 557 677 611 residuum
695 551 723 615 ’1.
740 574 794 610 non
813 557 851 610 sit
864 557 936 610 dicto
956 560 1034 611 modo
1055 559 1189 626 probatus
1212 563 1311 630 lom,-
1333 567 1400 613 tunc
1418 559 1489 613 fiunt

122 653 159 688 ex
172 635 226 689 fide
240 633 258 689 3
272 653 363 699 voces,
387 652 503 706 quarum
521 643 631 691 tantum
649 639 720 691 duae
739 643 900 699 consonant.
930 637 1000 691 Nam
1019 653 1085 706 pars
1107 633 1136 698 ¹1.
1154 656 1214 693 eum
1228 646 1290 693 tota
1306 631 1338 698 Pl.
1355 643 1490 695 consonat

122 709 252 784 (propter
272 717 533 770 demonstrationem
555 718 706 771 subtensae
725 723 755 771 et
774 717 995 772 enunciationem
1018 734 1099 771 arcus
1123 718 1296 788 possibilem,
1321 734 1393 788 quae
1412 727 1500 774 amat*

122 793 236 860 naama)
251 804 387 850 consonat
400 796 510 867 inquam
525 817 582 871 τρες
595 798 644 852 δια
656 814 764 853 nunus.
792 797 846 851 Sed
859 793 1045 857 residuum'l'.
1067 814 1127 851 cum
1145 791 1174 858 ⁸1.
1198 816 1251 851 non
1273 805 1417 862 consonat,
1437 798 1490 854 aec

125 869 155 934 ¹1.
173 893 234 930 curu
253 870 294 936 Ἰ..
322 877 375 931 Hic
389 893 439 946 pro
455 877 557 945 triplici
572 885 705 931 concentu
721 886 766 931 est
785 894 855 931 unus
875 877 976 931 saltem
991 885 1020 931 et
1033 880 1105 932 duae
1121 878 1333 947 discrepantiae.
1361 876 1489 935 Vicissim

121 957 326 1011 constituantur
340 956 367 1009 in
380 957 433 1010 fide
447 963 544 1025 partes
560 957 587 1021 3,
610 959 637 1021 4,
660 967 692 1012 ut
711 973 817 1011 summa
830 957 952 1026 partium
966 957 1003 1011 sit
1018 958 1043 1011 7.
1073 956 1127 1011 Hic
1146 959 1212 1028 quia
1226 965 1321 1026 partes
1336 957 1354 1011 3
1370 959 1404 1010 ad
1419 956 1488 1012 resi-

120 1038 202 1089 duum
217 1036 244 1098 4,
267 1044 313 1091 εει
330 1044 362 1090 ut
381 1036 409 1090 in
430 1036 561 1090 divisicrm
577 1037 782 1108 quadripartita
795 1037 889 1090 circuli
910 1052 989 1091 arem
1011 1038 1028 1091 3
1043 1038 1191 1091 subtensus
1205 1039 1295 1092 latere
1310 1037 1496 1109 tetragonieo

121 1117 337 1181 demonstrabili,
362 1118 396 1169 ad
422 1122 509 1174 totum
532 1116 661 1171 circulum
682 1119 715 1172 4:
736 1116 798 1170 ideo
822 1115 907 1172 stiam
926 1133 992 1186 pars
1013 1117 1073 1172 iidis
1088 1116 1304 1185 3,cumresidu0
1320 1119 1339 1172 4
1353 1124 1489 1173 consonet

121 1198 171 1250 διε
182 1213 333 1271 renesque.
362 1195 416 1251 Sed
430 1212 518 1267 neque
534 1197 552 1250 3
566 1215 655 1268 neque
670 1200 689 1252 4
703 1215 763 1251 cum
779 1202 840 1251 tota
853 1197 905 1250 fide
922 1198 937 1250 7
958 1205 1100 1258 consonat,
1121 1198 1187 1269 quia
1205 1197 1301 1251 divisio
1316 1197 1412 1252 circuli
1425 1197 1454 1251 in
1469 1196 1486 1251 '1

121 1284 165 1330 est
177 1276 253 1330 inter
266 1276 403 1345 rejectas;
423 1294 484 1331 cum
505 1278 654 1332 subtensae
670 1287 812 1349 nequeant
825 1278 1015 1332 demonstrari.
1045 1278 1113 1332 Cum
1130 1294 1199 1349 ergo
1219 1278 1264 1331 hic
1278 1294 1386 1348 quoque
1401 1278 1487 1333 alter-

120 1362 186 1410 utra
199 1357 299 1410 saltem
314 1357 434 1411 conditio
449 1374 486 1411 ex
501 1373 589 1427 supra
601 1357 740 1428 requisitis
765 1357 845 1421 adsit,
871 1358 933 1412 ideo
952 1357 1044 1413 ethic
1065 1366 1213 1412 concentus
1234 1359 1362 1427 simplex,
1386 1357 1487 1413 discor·

119 1435 219 1490 dantia
231 1438 346 1507 duplex.
376 1441 416 1490 At
430 1437 452 1490 si
467 1437 672 1491 constituantur
695 1438 723 1491 in
745 1438 797 1491 fide
818 1445 914 1506 partes
934 1437 966 1501 2,
990 1440 1020 1502 l,
1046 1444 1096 1491 aut
1117 1454 1295 1509 quaecunque
1310 1456 1346 1492 ex
1361 1447 1424 1492 octe
1439 1438 1487 1493 ad-

121 1517 225 1579 missis,
248 1518 299 1571 flet
321 1524 470 1572 concentus
496 1518 599 1586 triplex
622 1518 709 1586 partis
732 1520 743 1570 1
768 1534 828 1571 cum
846 1518 955 1572 residuo
977 1518 994 1571 2
1013 1519 1062 1572 δια
1074 1536 1188 1581 nauus,
1213 1525 1243 1571 et
1260 1519 1403 1589 utriusque
1427 1533 1488 1572 cum

120 1603 182 1651 tota
197 1595 224 1660 3,
245 1597 351 1651 scilieet
364 1597 413 1650 δια
425 1614 517 1660 nevas,
535 1603 565 1650 et
578 1599 627 1652 δια
640 1617 723 1654 uerus
735 1597 783 1652 ἐπι
795 1599 951 1654 dranceos.
978 1597 1030 1652 Hic
1044 1599 1122 1652 nulla
1135 1606 1180 1653 est
1193 1597 1388 1652 discordantia.
1420 1598 1487 1663 dura

120 1678 215 1747 itaque
240 1677 300 1748 quis
324 1681 428 1747 laycus
450 1676 534 1730 hosce
560 1677 661 1731 solidos
686 1678 796 1732 dixerit.
833 1680 976 1732 Hactenus
991 1696 1028 1732 ex
1047 1679 1201 1750 geometria
1221 1677 1402 1733 demonstrati
1423 1683 1489 1732 sunt

119 1774 173 1811 non
186 1758 275 1812 minus
290 1757 413 1826 perfecte
429 1761 519 1827 loyor,
534 1775 616 1829 quarn
630 1758 830 1812 demonstravit
842 1758 972 1812 Euclides
987 1775 1111 1828 corpora.

198 1839 261 1891 Jam
274 1836 304 1891 hi
319 1841 402 1909 loyes
417 1844 483 1890 sunt
498 1853 745 1911 κοσμοποιητικοι,
765 1846 842 1893 amat
860 1857 907 1892 eos
927 1844 1029 1892 natura
1047 1839 1074 1892 in
1096 1839 1220 1893 omnibus
1235 1839 1317 1892 rebus
1334 1842 1426 1909 λογων
1440 1853 1486 1893 ca-

119 1918 245 1988 pacibus.
274 1922 359 1970 Amat
372 1935 420 1971 eos
434 1916 507 1970 ratio
522 1918 647 1981 hominis,
668 1935 738 1988 quae
754 1926 798 1972 εει
812 1919 904 1989 imago
919 1918 1075 1973 conditoris.
1103 1920 1206 1973 Essent
1224 1918 1312 1990 igitur
1326 1918 1486 1972 traducendi

118 2000 146 2052 in
161 1999 241 2051 varia
255 1997 390 2066 subjecta,
407 1996 521 2051 sedilia
534 2015 589 2050 non
604 1999 696 2052 omnia
710 2004 775 2052 sunt
790 2000 912 2070 cognita.
941 1999 1018 2060 Quae
1034 2004 1127 2053 autem
1142 1999 1256 2070 cognita
1269 2003 1343 2059 sunt,
1359 1997 1485 2052 scribam

118 2078 209 2132 Primo
225 2093 355 2132 mensura
368 2077 612 2146 pronunciationis,
627 2079 675 2133 ubi
684 2086 788 2149 regnat
802 2079 943 2148 proportio
963 2075 990 2138 ¹1.
1009 2085 1038 2131 et
1052 2079 1116 2131 hinc
1130 2078 1228 2132 existit
1241 2078 1353 2148 poetica
1368 2077 1487 2132 omnium

121 2159 289 2228 linguarum.
316 2156 423 2210 Deinde
438 2174 567 2211 mensura
581 2164 670 2212 motus
684 2159 712 2212 in
730 2175 844 2228 corpore
865 2159 994 2223 humano,
1014 2158 1077 2213 binc
1098 2159 1224 2212 existunt
1242 2157 1416 2221 saltationes,
1437 2155 1488 2212 ubi

119 2245 164 2292 est
188 2232 231 2301 ¹4,
257 2230 321 2300 ¹¹¹1..
350 2237 444 2290 Tertio
466 2238 580 2291 eaedem
601 2239 803 2308 proportiones,
829 2239 924 2292 eadem
948 2241 981 2292 de
1003 2254 1089 2292 causa
1107 2246 1172 2292 sunt
1190 2239 1217 2291 in
1235 2253 1365 2293 mensura
1379 2244 1486 2300 cantus,

122 2319 185 2372 binc
200 2324 330 2372 notarum
344 2318 453 2370 valeres
469 2322 499 2370 et
513 2324 611 2371 tactus.
643 2318 746 2388 Opinor
761 2318 862 2373 alicubi
884 2325 913 2373 et
934 2319 1114 2390 quadruplam
1139 2311 1191 2380 '¹³1⁴
1215 2324 1264 2371 aut
1283 2324 1357 2372 certe
1384 2308 1434 2377 ²⁴³1„
1458 2316 1487 2371 iri

119 2415 171 2452 usu
186 2415 257 2452 esse.
287 2398 393 2460 Quarto
409 2404 441 2450 ut
454 2397 567 2467 propius
582 2407 709 2453 naturam
724 2400 894 2462 accedamus,
914 2399 1008 2452 insunt
1027 2415 1119 2451 omnes
1134 2399 1257 2467 perfecte
1277 2399 1304 2451 in
1319 2401 1485 2452 concordan-

118 2479 164 2532 tiis
179 2477 297 2532 musicis.
323 2469 379 2548 [Et
392 2477 436 2530 bic
450 2485 547 2546 posset
564 2478 625 2532 addi
642 2480 793 2548 disputatio
808 2480 841 2531 de
858 2479 982 2532 tensione
997 2478 1146 2532 artificiosa
1160 2478 1345 2541 clavichordii,
1361 2480 1427 2549 quia
1441 2495 1485 2532 res

117 2560 223 2613 incerta
243 2566 289 2611 est
304 2557 331 2610 in
346 2556 465 2628 quinque
480 2557 593 2611 vocibus
605 2553 636 2626 *i
658 2575 684 2622 a,
700 2558 747 2620 eis,
763 2559 781 2622 f,
797 2557 841 2622 lis,
857 2558 910 2629 gis.
936 2559 999 2628 Ego
1015 2560 1053 2611 sic
1068 2575 1176 2621 censen,
1191 2567 1223 2611 ut
1237 2559 1262 2611 G
1276 2559 1311 2610 ad
1325 2559 1350 2621 d,
1366 2559 1405 2613 sic
1419 2560 1436 2613 d
1450 2557 1486 2613 ad

118 2656 137 2693 a
151 2655 213 2692 esse
229 2638 339 2700 debere,
359 2643 390 2690 et
403 2638 473 2690 utG
489 2639 524 2691 ad
539 2638 566 2700 h,
588 2638 627 2690 sic
642 2641 658 2691 d
673 2640 707 2692 ad
724 2638 773 2700 iis;
795 2647 827 2691 ut
845 2638 884 2691 sic
898 2655 916 2691 a
929 2647 959 2692 et
972 2636 1007 2690 frs
1023 2640 1261 2692 accommodentur
1275 2639 1309 2691 ad
1324 2640 1348 2690 d.
1378 2638 1485 2693 Deinde

118 2716 321 2772 utGadcsic
341 2717 483 2778 cadfiet
502 2719 655 2771 utGadb
674 2718 713 2771 sic
733 2736 748 2771 e
771 2719 805 2770 ad
826 2717 879 2788 gis.
910 2717 1162 2788 EtdeniqueutG
1185 2720 1219 2771 ad
1242 2719 1259 2770 b
1281 2717 1320 2770 sic
1339 2719 1358 2771 b
1380 2719 1414 2772 ad
1436 2717 1484 2771 cis.

198 2799 269 2852 Nam
290 2797 343 2850 hoc
363 2804 447 2867 pacto
468 2798 523 2859 flet,
546 2804 578 2850 ut
598 2814 649 2867 per
668 2792 874 2868 proportionem
900 2791 929 2858 ’1.
950 2798 1137 2851 constituatur
1152 2815 1177 2851 a.
1209 2797 1237 2852 si
1257 2814 1355 2867 nempe
1370 2799 1395 2851 G
1416 2794 1484 2851 diri·

95 2877 247 2933 daturin
271 2877 297 2941 8,
324 2871 352 2935 Ἰ»
376 2877 430 2930 erit
451 2896 509 2946 ιρις
528 2878 576 2931 dm
594 2894 694 2933 πασων
715 2883 744 2932 ει
771 2873 800 2938 Ἰ.
823 2885 903 2932 erunt
925 2882 949 2943 a,
972 2878 1099 2947 perfecta
1119 2879 1249 2933 secunda.
1282 2878 1325 2931 lta
1346 2895 1397 2948 per
1417 2894 1482 2947 pro·

117 2959 271 3029 portionem
307 2951 350 3016 ¹1..
386 2956 570 3011 constituetur
600 2965 681 3012 tonus
711 2959 756 3012 vel
786 2961 908 3012 secunda
936 2959 1031 3012 minor.
1083 2958 1154 3011 Nam
1178 2949 1226 3019 ts„
1256 2960 1289 3011 de
1319 2957 1353 3036 G·
1372 2956 1484 3012 sonabit

116 3057 242 3113 εετρακις
260 3040 309 3094 δια
326 3054 426 3094 nauus
447 3053 532 3106 supra
553 3039 593 3102 G,
615 3045 645 3092 et
670 3032 725 3100 ¹⁵11,
749 3039 861 3092 sonabit
883 3039 940 3093 Gis.
983 3037 1061 3092 Sicut
1082 3056 1151 3109 ergo
1173 3055 1191 3091 a
1212 3040 1246 3091 ad
1266 3039 1300 3100 b,
1323 3038 1363 3091 sic
1384 3037 1437 3092 erit
1458 3037 1484 3092 G

117 3121 152 3173 ad
174 3118 231 3172 Gis.
273 3119 344 3172 Nam
364 3125 394 3172 et
414 3119 431 3172 b
453 3123 497 3170 εει
522 3111 578 3178 “irs
601 3121 634 3172 de
657 3136 683 3173 a.
726 3120 779 3173 Est
800 3126 893 3173 autem
921 3118 1125 3189 sedecangulus
1152 3126 1290 3190 cognatus
1318 3116 1484 3190 octangulc,

117 3205 147 3252 et
167 3215 232 3268 pars
254 3198 315 3252 fidis
335 3204 446 3253 resecta
466 3198 555 3251 adhtm
577 3208 710 3253 consonat
731 3200 792 3253 toti.
835 3199 905 3254 Hinc
926 3199 1051 3252 oriuntur
1071 3199 1144 3253 tales
1166 3199 1240 3261 toni,
1272 3214 1322 3268 per
1343 3215 1412 3269 quos
1434 3197 1483 3252 irn-

117 3278 236 3333 mediate
251 3278 324 3333 inter
343 3279 495 3332 canendum
510 3277 542 3330 iri
563 3285 666 3348 potest.
700 3281 804 3333 Contra
822 3280 894 3333 inter
916 3281 942 3343 b,
964 3280 982 3332 h
1004 3278 1176 3332 semitonium
1198 3287 1249 3341 est,
1272 3295 1322 3347 per
1337 3281 1408 3349 quod
1430 3295 1485 3332 non

118 3362 174 3414 itur
195 3360 328 3413 canendo.
360 3357 437 3412 Talis
459 3374 566 3429 quoqne
589 3368 633 3413 est
653 3359 714 3428 ejus
736 3360 843 3413 divisio.
884 3361 953 3414 Nam
976 3359 998 3411 si
1019 3360 1036 3413 b
1058 3359 1200 3412 dividatur
1221 3359 1248 3413 in
1271 3358 1325 3422 25,
1347 3361 1366 3413 b
1388 3362 1484 3414 durum

118 3440 172 3494 erit
192 3455 286 3493 earum
307 3439 429 3509 partium
450 3438 501 3500 24,
531 3445 561 3492 et
586 3431 627 3500 ¹12,
658 3458 711 3493 non
738 3439 902 3494 consonabit
927 3457 987 3492 cum
1014 3445 1075 3493 tota
1094 3439 1146 3492 fide
1169 3439 1216 3493 25.
1258 3440 1316 3493 Nec
1338 3456 1405 3493 sane
1426 3456 1483 3493 me·

118 3519 197 3585 mini,
228 3519 303 3574 latus
331 3517 639 3591 vigintiquinquanguli
666 3519 856 3574 demonstrari.
899 3521 1003 3574 Contra
1023 3536 1089 3589 pars
1114 3522 1125 3573 l
1153 3519 1318 3573 consonabit
1338 3536 1399 3572 cum
1419 3535 1483 3588 par·

118 3601 192 3655 tibus
214 3600 266 3663 24,
289 3600 337 3655 δια
360 3616 442 3655 nem
467 3596 514 3652 ἔπι
538 3618 662 3670 response
682 3602 730 3654 δια
749 3616 856 3655 πασων.
897 3601 967 3654 Nam
989 3599 1162 3671 24·angulus
1191 3605 1235 3652 est
1255 3596 1483 3652 demonstrationi

119 3679 245 3751 propior,
269 3680 377 3734 scilicet
397 3678 420 3732 si
442 3686 642 3750 componuntur
663 3681 790 3752 trigonus
811 3688 842 3734 et
862 3687 1015 3750 octogonus
1037 3681 1065 3733 in
1086 3682 1180 3733 eodem
1201 3678 1311 3732 circulo.
1354 3677 1485 3749 Sequitur

118 3760 288 3830 comparatio
310 3761 344 3823 h,
367 3777 396 3824 c,
420 3775 491 3829 qnae
513 3777 543 3812 se
565 3777 672 3813 rursum
693 3761 807 3824 habent,
830 3767 863 3814 ut
886 3762 921 3815 16
943 3762 977 3813 ad
1002 3760 1047 3822 15,
1070 3765 1167 3828 estque
1189 3766 1270 3812 tonus
1291 3757 1386 3811 minor.
1428 3757 1483 3812 Sed

118 3858 173 3894 nou
195 3840 286 3894 omnia
304 3855 464 3911 persequar.
508 3839 591 3892 Vides
613 3848 706 3894 autem
732 3856 862 3910 quorsum
888 3842 1014 3902 tendam,
1042 3856 1139 3908 nempe
1164 3846 1197 3891 ut
1217 3838 1307 3891 emnia
1327 3837 1483 3901 semitonia,

87 3961 90 3972 .
119 3930 214 3981 tenos,
236 3921 341 3984 dieses,
372 3938 408 3973 ex
429 3919 562 3973 divisione
583 3921 642 3974 fldis
664 3921 717 3974 tali
738 3923 868 3984 educam,
896 3937 966 3991 quae
987 3920 1095 3975 habeat
1115 3919 1279 3972 alterutram
1300 3918 1483 3972 conditionum

118 4003 233 4056 duarum
253 4016 341 4070 supra
361 3999 522 4070 positarum,
545 4006 574 4053 et
595 4008 728 4071 sequatur
749 4020 786 4054 ex
808 4001 901 4072 aliquo
922 4001 1048 4072 regulari
1068 4001 1153 4069 plano
1175 3998 1391 4061 demonstrabili,
1417 4015 1483 4069 quo·

118 4098 178 4135 rum
199 4088 279 4145 sunt,
301 4096 364 4134 mea
384 4079 492 4150 quidem
512 4081 655 4135 sententia
683 4099 736 4135 non
763 4082 845 4152 plura
866 4098 947 4152 quam
968 4081 1134 4151 quindecim:
1164 4095 1235 4150 quae
1256 4080 1411 4150 designabo
1433 4095 1483 4132 nu·

118 4161 199 4216 meris
221 4168 251 4215 et
272 4161 299 4215 iu
321 4161 426 4214 classes
448 4159 627 4231 distinguam.
671 4162 776 4216 Primae
799 4169 877 4216 tenet
897 4161 1092 4231 sexangulum.
1134 4160 1259 4214 Secundo
1285 4160 1347 4212 loco
1369 4167 1434 4212 sunt
1455 4157 1482 4221 3,

119 4243 272 4314 4·angula,
299 4239 383 4294 tertio
408 4240 605 4312 mergulum,
636 4251 735 4312 quarto
758 4243 793 4305 5,
820 4242 936 4312 8·ang.,
964 4242 1058 4311 quinto
1083 4240 1131 4303 12,
1158 4239 1202 4302 15,
1225 4239 1271 4302 20,
1295 4238 1341 4301 24,
1365 4238 1411 4302 30,
1434 4237 1481 4301 40,

120 4323 171 4386 60,
194 4323 247 4386 90,
280 4320 466 4392 120·angnla.
509 4321 587 4383 Quae
609 4339 670 4377 cum
692 4323 732 4377 ita
752 4324 823 4384 sint,
850 4321 998 4375 difficultas
1019 4321 1084 4375 mihi
1106 4319 1236 4389 objicitur
1256 4319 1283 4371 in
1309 4320 1343 4373 16
1365 4318 1480 4389 angulo.

120 4403 230 4464 Quaero
250 4402 339 4475 igitur
359 4419 396 4454 ex
418 4406 446 4454 te
467 4402 597 4471 primum,
620 4420 657 4457 an
678 4403 739 4471 ejus
760 4403 859 4455 lateris
881 4402 917 4456 sit
938 4402 1030 4471 aliqua
1054 4400 1112 4454 alia
1132 4399 1346 4460 demonstratio,
1368 4404 1483 4467 praeter

121 4499 287 4538 communem
308 4481 386 4536 illam
407 4481 525 4536 omnium
545 4483 704 4553 figurarum,
729 4499 844 4552 quarum
865 4481 1042 4552 duplicantur
1063 4482 1161 4535 latera.
1203 4480 1274 4534 Nam
1296 4479 1318 4532 si
1339 4478 1418 4531 nulla
1439 4484 1484 4531 est

120 4563 186 4626 alia,
206 4563 357 4635 poterimus
372 4562 434 4633 pari
445 4561 519 4630 jure,
542 4564 565 4615 si
586 4579 651 4617 usus
673 4563 754 4626 ferat,
777 4562 909 4616 adbibere
932 4562 979 4626 48,
1002 4562 1048 4625 80,
1072 4561 1118 4626 96,
1145 4561 1208 4623 160,
1234 4558 1298 4622 180,
1325 4558 1388 4621 192,
1411 4557 1482 4612 240-

120 4645 234 4715 angula,
256 4651 287 4697 et
307 4643 346 4696 sic
367 4635 596 4714 consequentem]

104 4777 109 4786 '
189 4769 219 4834 l)
238 4771 452 4838 significationem
470 4787 571 4836 recum,
595 4788 646 4840 qua
662 4776 740 4825 utitur
758 4773 881 4839 Keplerus
900 4777 996 4824 veteres
1015 4776 1131 4832 secutus,
1155 4784 1200 4829 nus
1222 4768 1368 4821 hodiernam
1386 4782 1481 4820 amum·

120 4844 204 4898 ειωιιε.
240 4843 313 4898 cont
332 4857 390 4897 ann.
411 4841 454 4894 ⁴1.
