3428 5542
743 299 856 366 umora
874 300 1074 370 menemus

599 511 643 574 ΙΝ
668 509 807 574 CAPUT
830 510 1029 575 DssclMUM
1052 511 1227 575 SEXTUM

755 633 870 685 nonne
889 633 1068 717 sucronrs.

309 739 342 811 a)
362 747 403 798 At
427 743 488 812 jam
518 742 545 796 in
568 742 655 796 lucem
682 744 799 812 prolatis
822 742 1101 813 contemplationibus
1128 742 1308 807 harmonicis,
1339 744 1433 799 decisa
1459 749 1504 797 est
1525 743 1597 797 baec

229 823 425 886 controversia,
456 823 505 877 lib.
528 822 562 877 V.
584 823 679 877 Harm.
720 824 840 877 Primum
870 824 942 877 enim
964 823 1123 892 corporibus
1145 823 1213 892 ipsis
1239 823 1359 894 quinque
1379 825 1509 881 ademtae
1530 830 1598 876 sunt

229 903 420 976 proportiones
442 902 548 955 orbium
569 920 607 956 ex
628 910 726 972 parte:
756 904 854 957 ultima
875 920 912 957 sc.
935 911 965 958 et
986 902 1193 957 absolutissima
1220 903 1326 958 orbium
1357 903 1501 974 proportio
1523 918 1597 955 com·

229 983 317 1039 munis
338 989 383 1036 est
403 983 480 1036 faeta
500 988 529 1035 et
550 983 710 1051 corporibus
731 990 762 1036 et
782 983 931 1037 harmoniis
954 1000 1032 1052 prop.
1055 982 1093 1038 48
1115 989 1145 1036 et
1166 982 1212 1037 49.
1235 1000 1296 1054 cap.
1314 982 1362 1038 IX.
1406 982 1466 1047 Quo
1487 981 1598 1036 nomine

229 1062 298 1119 nibil
328 1081 365 1117 ex
397 1061 462 1116 solis
484 1062 645 1131 corporibus
676 1062 703 1116 in
734 1062 807 1116 hanc
836 1063 880 1116 vel
912 1063 988 1117 illam
1017 1069 1125 1132 partem
1155 1065 1189 1116 de
1216 1064 1297 1117 Luna
1324 1060 1460 1134 disputari
1491 1068 1596 1132 potest.

228 1143 336 1200 Deinde
366 1143 389 1196 si
420 1141 538 1196 maxime
560 1159 596 1195 ex
618 1142 684 1196 solis
716 1142 834 1213 quinque
856 1143 1017 1212 corporibus
1047 1143 1232 1198 formarentur
1259 1143 1451 1215 proportiones
1479 1141 1597 1204 orbium,

228 1224 313 1292 buius
334 1229 428 1278 tamen
449 1222 620 1276 formationis
643 1225 736 1276 modus
759 1222 847 1285 alius,
878 1223 957 1276 utin
979 1240 1032 1293 quo
1053 1223 1194 1292 inscriptio
1222 1223 1327 1278 orbium
1349 1223 1467 1295 physica
1489 1222 1597 1293 gradus

228 1302 407 1375 perfectionis
429 1302 636 1372 proportionum
656 1302 888 1373 geometricorum
910 1303 1113 1365 aemularetur,
1145 1303 1287 1357 stabilitus
1308 1310 1353 1357 est
1374 1319 1454 1374 prop.
1477 1302 1526 1356 41.
1546 1300 1596 1355 47.

229 1383 323 1439 Tertio
344 1389 455 1437 constat
475 1400 513 1436 ex
534 1382 658 1436 omnibus
680 1383 755 1436 lllins
778 1383 843 1436 libri
866 1383 1053 1437 axiomatibus
1074 1390 1104 1437 et
1124 1383 1366 1452 propositionibus,
1387 1383 1513 1438 ultimam
1527 1380 1598 1434 limi·

229 1464 363 1519 tationem
382 1462 568 1533 proportionis
590 1463 785 1517 diastematum
811 1463 869 1516 fleri
898 1463 1082 1517 necessariam
1107 1471 1223 1533 propter
1243 1472 1332 1517 motus
1352 1465 1544 1534 planetarum:
1566 1466 1600 1514 ut

231 1562 268 1599 so.
300 1544 373 1598 inter
401 1549 540 1597 extremos
570 1549 660 1596 motus
691 1560 753 1596 esse
784 1550 899 1612 possent
928 1543 1088 1597 harmoniae
1109 1551 1213 1596 certae.
1255 1543 1283 1597 Si
1313 1544 1378 1608 hoo,
1410 1543 1489 1597 nulla
1510 1540 1599 1612 igitur

232 1630 329 1696 potest
349 1620 448 1676 haberi
468 1621 541 1675 ratio
561 1623 659 1677 Lunae
680 1624 792 1677 Terram
815 1622 1088 1687 circumcursitantis,
1120 1629 1152 1676 ut
1172 1639 1243 1693 quae
1273 1623 1341 1677 nibil
1362 1623 1469 1678 confert
1499 1623 1535 1675 ad
1556 1619 1597 1675 in·

233 1705 374 1759 citandum
395 1702 439 1755 rel
461 1704 659 1756 retardandum
680 1703 763 1756 ullius
785 1704 917 1772 planetae
938 1709 1048 1767 motum,
1071 1720 1121 1756 nec
1140 1703 1303 1757 curriculum
1318 1720 1396 1759 suurn
1417 1703 1491 1757 circa
1504 1700 1598 1756 Solem

234 1791 358 1846 exercet,
381 1800 431 1836 nec
451 1799 487 1835 ex
503 1781 568 1836 Sole
590 1783 728 1853 regularis
750 1791 868 1852 apparet
889 1781 950 1851 ejus
971 1790 1070 1836 motus.
1112 1783 1183 1837 Nam
1204 1800 1240 1837 ex
1258 1783 1324 1837 Sole
1345 1783 1486 1854 inspectus
1499 1781 1599 1836 Lunae

233 1870 323 1919 motus
345 1863 484 1916 rideretur
505 1863 648 1915 saltuatim
671 1863 814 1918 incedere..
848 1863 893 1930 Sic
920 1862 1008 1934 igitur
1029 1864 1062 1916 de
1083 1863 1150 1917 orbe
1172 1862 1291 1916 Telluris
1321 1871 1365 1917 est
1392 1861 1598 1933 disputandum,

235 1961 268 1999 ec
289 1943 311 1996 si
332 1943 430 1996 Lunae
452 1942 558 1995 coelum
579 1942 682 1996 nullam
704 1942 728 1996 ei
751 1942 904 1996 crassitiem
922 1944 1044 1997 adderet.
1516 2009 1522 2016 .

314 2019 344 2088 1))
366 2023 443 2076 11111
463 2022 574 2092 gemino
595 2039 677 2076 sensu
699 2030 817 2093 possunt
838 2022 942 2092 accipi;
964 2023 1080 2092 primus,
1103 2023 1193 2076 textui
1215 2021 1393 2084 conveniens,
1415 2029 1460 2074 est
1480 2021 1538 2075 hic:
1568 2028 1601 2074 nt

235 2103 274 2159 sit
294 2103 402 2173 quidem
424 2101 497 2156 orbis
519 2119 578 2156 oum
599 2105 682 2165 nodo,
705 2105 752 2156 sed
774 2103 931 2157 includatur
952 2104 1043 2157 orbita
1064 2101 1212 2172 planetae,
1234 2109 1330 2157 tantae
1352 2100 1547 2171 spissitudinis,
1568 2106 1601 2154 ut

132 2217 139 2226 ·
235 2184 323 2239 aodus
344 2182 389 2237 bio
410 2199 459 2235 seu
479 2183 575 2237 Lunae
596 2184 717 2246 coelum,
740 2183 831 2237 lateat
851 2190 940 2236 totum
961 2183 1044 2246 intus,
1066 2183 1133 2237 nibil
1156 2183 1304 2252 impediens
1328 2181 1450 2235 extimae
1472 2181 1600 2236 intimae·

236 2280 291 2337 que
312 2262 466 2332 superficiei
487 2263 685 2317 rotunditatem
705 2263 872 2317 absolutam.
914 2264 995 2318 Alter
1009 2280 1106 2317 sensus
1121 2263 1216 2317 borum
1231 2264 1375 2317 verborum
1395 2267 1492 2332 posset
1512 2260 1600 2330 arripi

238 2346 309 2399 iste:
340 2344 412 2413 quod
434 2342 461 2396 in
482 2360 586 2415 genere
608 2345 756 2397 absurdum
777 2343 825 2406 sit,
855 2344 963 2398 Lunam
986 2342 1127 2397 circumire
1148 2345 1275 2407 Terram,
1307 2344 1368 2395 dum
1399 2342 1469 2396 baec
1490 2341 1601 2396 interim

236 2424 312 2480 circa
334 2423 425 2477 Solem
452 2422 561 2479 incedit.
605 2424 642 2478 b't
671 2423 758 2495 igitur
784 2424 856 2490 bano
877 2423 960 2477 etiam
991 2422 1173 2492 objectionem
1200 2424 1318 2478 diluam:
1350 2421 1422 2485 dico,
1454 2423 1526 2491 quod
1546 2421 1600 2477 1111

238 2513 304 2560 tunc
325 2503 486 2558 concinnum
509 2504 592 2558 videri
613 2503 752 2574 potuerit,
784 2520 844 2557 curn
866 2505 984 2558 nondum
1009 2502 1111 2556 detecti
1137 2511 1233 2558 essent
1251 2501 1376 2557 Joviales
1406 2501 1541 2572 planetae
1571 2509 1602 2555 et

235 2590 332 2640 cetera
353 2584 380 2638 in
403 2585 481 2638 coelo
502 2601 583 2639 nova.
626 2587 666 2638 At
686 2601 721 2637 ex
745 2600 798 2655 quo
819 2584 870 2637 illa
884 2584 991 2646 scimus,
1014 2582 1174 2638 concinnum
1188 2598 1360 2655 nequaquam
1378 2581 1497 2652 amplius
1511 2579 1599 2635 rideri

235 2666 327 2729 debet,
349 2682 402 2718 non
424 2682 495 2727 esse,
518 2666 589 2736 quod
611 2664 719 2718 omnino
741 2670 793 2727 est,
816 2666 902 2717 nodus
924 2682 961 2718 so.
984 2664 1157 2735 quadruplex
1180 2663 1254 2719 circa
1275 2664 1387 2726 Jorem,
1410 2662 1432 2716 si
1454 2678 1505 2732 pro
1527 2661 1599 2715 nodo

235 2762 367 2817 corporeo
389 2745 483 2815 spatia
504 2744 698 2798 curriculorum
719 2743 872 2815 intelligas,
894 2743 933 2797 sio
954 2744 1027 2797 circa
1047 2745 1143 2798 Jorem
1165 2744 1360 2805 ordinatorum,
1384 2750 1418 2796 ut
1438 2741 1511 2795 circa
1531 2740 1599 2795 Ter·

235 2842 294 2881 1111
314 2826 412 2879 Lunae
438 2825 601 2878 curriculum
631 2825 785 2878 ordinatum
811 2832 862 2878 est.
904 2824 975 2877 Nam
1003 2825 1036 2876 de
1058 2841 1191 2893 corporea
1211 2824 1316 2878 orbium
1345 2820 1487 2876 soliditate
1512 2834 1600 2890 supra

236 2905 305 2960 satis
328 2912 446 2968 cautum,
470 2911 500 2958 et
521 2913 636 2958 cavetur
656 2904 740 2957 etiarn
762 2904 788 2958 in
811 2912 891 2958 textu
914 2903 1047 2974 sequenti.
1065 2895 1104 2971 “)

316 2982 342 3047 1)
364 2986 519 3038 Consensus
546 2984 573 3037 in
601 2984 653 3037 boc
681 2983 827 3037 multorum
855 3002 906 3054 per
926 3001 1018 3037 omnes
1040 2990 1149 3037 aetates
1175 2983 1413 3052 philosophorum,
1445 2979 1491 3050 qui
1511 2994 1599 3051 supra

236 3065 339 3135 tulgus
365 3080 466 3133 sapere
491 3071 556 3118 sunt
582 3064 655 3125 ausi;
687 3064 828 3134 Diogenes
849 3065 978 3118 Laertius
1000 3068 1191 3135 Anaxagorae
1218 3062 1332 3124 tribuit;
1360 3062 1432 3115 libro
1456 3076 1532 3124 meo,
1553 3060 1598 3113 cui

236 3144 351 3199 titulus:
373 3145 409 3197 ad
431 3143 607 3197 Vitellionem
626 3143 849 3212 Paralipomena,
871 3145 962 3215 capite
983 3146 1017 3197 de
1038 3145 1099 3197 luce
1120 3144 1247 3206 siderum,
1271 3142 1396 3213 allegari
1417 3139 1599 3195 Plutarchum

237 3227 272 3279 de
292 3222 363 3277 facie
384 3224 489 3277 Lunae.
532 3222 641 3277 Citatur
662 3232 691 3277 et
711 3224 878 3277 Aristoteles
899 3226 935 3278 ab
949 3228 1081 3278 Arerroe.
1124 3225 1226 3278 Verum
1246 3222 1298 3275 boo
1320 3224 1421 3293 dogma
1440 3229 1598 3290 postremus

237 3303 382 3359 Galilaeus
405 3303 556 3374 telescopio
576 3302 693 3374 Belgico
715 3304 979 3359 confirmatissimum
1006 3303 1131 3359 reddidit.
1174 3303 1242 3357 Vide
1268 3302 1352 3357 etiam
1374 3301 1598 3357 dissertationem

234 3400 323 3439 meam
345 3400 404 3437 cum
426 3383 523 3437 nuncio
545 3383 652 3437 sidereo
674 3384 805 3438 Galilaei.

315 3461 344 3528 1)
366 3464 452 3518 Certa
471 3463 579 3534 quidem
599 3470 644 3517 est
665 3463 807 3534 proportio
828 3465 899 3526 ista,
929 3481 966 3517 sc.
989 3480 1060 3535 quae
1086 3464 1096 3516 l
1121 3464 1156 3516 ad
1178 3462 1215 3517 59
1246 3462 1366 3517 circiter:
1396 3469 1427 3516 at
1454 3460 1599 3531 proportio

234 3543 356 3616 corporis
377 3543 449 3598 Solis
477 3546 511 3597 ad
540 3543 632 3597 orbern
654 3543 781 3598 Mercurii
811 3552 855 3599 est
882 3544 968 3614 paulo
989 3543 1062 3606 alia;
1093 3560 1129 3596 so.
1161 3561 1215 3596 non
1236 3544 1340 3597 medius
1363 3541 1437 3596 orbis
1458 3541 1598 3604 Mercurii,

234 3626 282 3680 sed
303 3623 413 3679 intimus
435 3630 465 3677 et
485 3623 697 3694 angustissimus
719 3632 763 3678 est
783 3626 977 3684 assumendum
1007 3624 1048 3677 oui
1070 3624 1097 3677 in
1119 3623 1227 3683 tabella
1250 3622 1348 3692 capitis
1374 3622 1408 3676 15
1437 3622 1600 3676 tribuuntur

239 3707 303 3768 w,
334 3722 394 3760 curn
415 3704 487 3759 Solis
514 3704 716 3759 semidiameter
745 3722 780 3758 ex
802 3708 898 3759 eadem
924 3704 1035 3757 Tellure
1062 3703 1217 3772 inspectus,
1248 3703 1390 3756 contineat
1417 3702 1524 3756 minuta
1548 3701 1598 3763 15;

233 3802 319 3858 quare
340 3787 398 3839 fere
419 3794 463 3839 est
484 3784 625 3854 proportio
650 3801 721 3855 quae
747 3786 759 3838 l
784 3788 818 3840 ad
840 3785 888 3839 56.

315 3863 343 3930 1)
364 3867 409 3919 111
430 3866 536 3935 quidem
558 3872 624 3919 tunc
644 3866 808 3928 censebam,
837 3872 868 3919 11
888 3870 988 3934 postea
1015 3863 1041 3916 in
1063 3863 1211 3916 Comment.
1243 3864 1276 3915 de
1297 3862 1387 3916 Marte
1409 3878 1443 3914 ne
1465 3861 1518 3915 hoc
1538 3861 1598 3932 qni·

235 3947 297 4000 dsm
318 3945 462 3999 intellectu
484 3945 511 4000 in
531 3954 636 4000 motoro
658 3962 727 4015 opus
748 3962 810 3999 esse
832 3942 1024 3999 demonstravi.
1066 3943 1136 3997 Nam
1150 3942 1202 3996 etsi
1218 3942 1409 4012 proportiones
1423 3949 1519 3995 certae
1533 3950 1600 3996 sunt

208 4023 428 4096 ‚praescriptae
448 4027 566 4079 motibus
589 4027 730 4090 omnibns,
763 4027 843 4096 idque
865 4026 901 4078 ab
922 4023 1112 4094 intelligentia
1132 4023 1194 4093 ipsa
1214 4038 1344 4099 suprema
1366 4029 1396 4075 et
1416 4021 1514 4084 unica,
1545 4021 1600 4076 hoc

236 4111 288 4167 est,
312 4119 330 4156 a
349 4104 410 4157 Deo
431 4114 569 4159 creatore:
597 4106 663 4160 illae
685 4114 778 4160 tamen
804 4104 997 4175 proportiones
1017 4111 1138 4157 motuum
1159 4102 1222 4157 inde
1251 4119 1269 4156 1
1289 4101 1430 4156 creatione
1455 4101 1598 4174 bucusque

138 4234 143 4242 .
235 4193 434 4239 conservantur
454 4184 648 4248 invariabiles,
671 4204 724 4240 non
746 4203 797 4255 per
818 4185 989 4239 intellectum
1011 4183 1130 4254 aliquem
1152 4183 1249 4237 motori
1271 4190 1455 4245 concreatum,
1477 4183 1527 4236 sed
1547 4199 1600 4253 per

236 4266 304 4319 duas
325 4280 370 4317 res
392 4263 476 4325 alias,
498 4265 587 4333 prime
607 4272 657 4327 est,
681 4265 907 4336 aequabilissima
927 4272 957 4317 et
977 4264 1106 4333 perennis
1127 4263 1230 4317 rotatio
1252 4262 1373 4333 corporis
1394 4261 1515 4326 Solaris,
1537 4278 1599 4317 cum

237 4344 328 4417 specie
350 4343 391 4398 sui
419 4343 619 4406 immateriata,
647 4345 674 4397 in
696 4353 784 4399 totum
810 4346 936 4399 mundum
958 4351 1121 4406 emanante,
1149 4360 1220 4414 quae
1250 4342 1355 4413 species
1377 4341 1463 4396 ricem
1484 4341 1599 4397 motoris

235 4431 379 4496 praestat3
403 4424 494 4477 altera
515 4439 600 4477 causa
620 4433 684 4478 sunt
704 4426 873 4479 libramenta
893 4431 923 4477 et
943 4424 1118 4495 magneticae
1133 4423 1297 4478 directiones
1312 4438 1455 4493 corporum
1476 4422 1598 4492 ipsorum

235 4505 375 4559 mobilium
397 4503 579 4557 immutabilia
599 4510 628 4555 et
648 4505 789 4572 perennia.
832 4505 870 4558 l't
891 4505 929 4557 sic
951 4521 1039 4574 aeque
1060 4520 1113 4558 non
1135 4504 1223 4576 magis
1245 4503 1282 4589 111
1302 4520 1371 4574 1111
1386 4502 1522 4557 creaturis
1537 4503 1598 4558 istis

237 4584 382 4638 intellectu
413 4585 448 4637 ad
473 4584 590 4637 tuendas
617 4590 737 4637 motuum
764 4585 970 4655 proportiones,
1003 4592 1087 4654 atque
1118 4585 1206 4638 librae
1232 4584 1357 4638 lancibus
1378 4592 1408 4636 et
1430 4584 1598 4653 ponderibus

237 4672 328 4718 mente
350 4672 394 4717 est
415 4680 483 4732 opus
506 4665 540 4716 ad
562 4664 728 4731 prodendam
750 4666 954 4734 proportionem
976 4666 1136 4733 ponderum.
1179 4664 1240 4718 Etsi
1269 4663 1411 4733 suntqalia
1431 4674 1600 4734 argumenta

239 4745 337 4814 quibus
359 4745 502 4813 probatur,
525 4743 614 4796 inesse
630 4743 657 4796 in
672 4745 833 4815 corporibus
848 4747 1025 4814 planetarum
1040 4745 1140 4798 saltem
1154 4745 1275 4799 Telluris
1289 4752 1319 4798 et
1331 4743 1404 4798 Solis
1425 4743 1598 4798 intellectum

238 4823 365 4896 aliquem,
388 4841 440 4877 non
462 4823 569 4894 quidem
589 4823 821 4891 ratiocinativum,
846 4833 878 4880 ut
892 4825 921 4879 in
934 4825 1058 4888 bomine;
1083 4832 1208 4879 attamen
1222 4826 1381 4880 instinctum
1399 4824 1474 4879 utin
1488 4825 1598 4896 planta,
