3428 5542
259 305 322 373 tta
768 299 881 366 nysam
900 258 1109 369 cosmographia*

255 486 359 542 easque
381 484 432 538 per
451 465 566 522 similem
586 465 814 536 praeventionem
834 463 1048 520 translooabiles
1068 466 1178 519 deloco
1199 463 1226 519 in
1245 464 1334 519 locum
1348 465 1400 520 sub
1416 464 1496 528 fixis:
1519 480 1559 518 ex
1572 464 1616 518 bis

255 549 377 606 obtentis
399 549 525 619 sequitur
539 547 612 600 ultro
637 545 695 599 siue
714 546 774 599 ulla
793 547 918 616 polorum
938 545 1094 608 libratione,
1117 552 1147 598 et
1165 544 1376 599 declinationem
1396 544 1543 616 eoliptioae
1557 560 1616 599 mu·

254 631 319 695 tari,
344 635 374 684 et
397 627 574 699 aequinoctia
596 625 720 680 nonnihil
744 643 815 680 nuno
836 626 954 689 incitari,
979 643 1050 678 nunc
1073 624 1226 688 ret·ardari;
1255 624 1394 696 quinimo
1418 625 1543 696 seqnitur
1563 624 1617 678 hoc

254 712 338 766 etiam
363 709 495 778 amplius,
527 709 598 777 quod
623 706 773 776 Copernico
807 707 1053 760 inanimsdversum
1085 705 1180 776 Tyoho
1203 705 1329 759 Braheus
1363 712 1402 781 et
1420 705 1616 775 Landgrarius

254 791 373 865 llassiae
390 783 428 857 ³')
449 791 629 849 detexerunt,
654 787 773 840 fixarum
792 788 894 842 mutari
917 786 1086 840 latitudines.
1129 785 1190 839 Etsi
1210 801 1275 838 vero
1296 785 1409 840 libratio
1427 783 1616 857 aequinoctio-

254 888 314 926 rum
333 888 387 924 non
408 875 489 923 tanta
510 884 561 921 uec
579 875 635 920 tam
650 865 748 921 celeris
764 874 829 921 tunc
843 868 960 930 elicitur,
977 874 1082 937 quanta
1096 884 1132 920 ex
1147 865 1340 919 librationibus
1355 864 1513 936 Copernici:
1535 871 1568 920 at
1581 866 1617 918 de

254 951 305 1006 illa
318 949 477 1022 quantitate
498 952 675 1001 neumatum
690 949 808 1000 nondum
823 948 918 1018 liquet,
944 947 991 1000 sed
1012 953 1142 1000 constans
1165 945 1323 1016 aequalitas
1345 953 1412 1000 ante
1425 953 1457 998 et
1469 950 1536 1015 post
1548 946 1615 999 Pto·

255 1033 391 1085 lernaeum
413 1027 587 1098 deprebensa
615 1032 704 1080 totum
737 1028 879 1098 negotium
911 1044 969 1082 una
991 1043 1050 1080 cum
1074 1025 1314 1081 observationibus
1337 1025 1492 1081 Ptolemaei
1514 1040 1616 1096 prope-

254 1113 362 1166 modum
375 1109 403 1164 in
417 1108 527 1163 dubium
541 1114 632 1160 vocat
673 1106 742 1161 Sola
755 1108 826 1161 enim
842 1115 921 1162 aetas
935 1107 1088 1161 Ptolemaei
1103 1114 1154 1170 est
1177 1122 1248 1177 quae
1267 1106 1425 1162 exorbitat:
1445 1100 1616 1176 reliquarum

254 1197 379 1247 aetatum
394 1188 602 1243 observationes
617 1194 775 1258 congruunt
790 1190 824 1242 ad
839 1188 1012 1259 aequabilem
1027 1188 1171 1258 regulam
1194 1186 1374 1256 Copernioum
1387 1186 1467 1249 onim,
1483 1184 1531 1257 qui
1544 1201 1614 1240 suae

253 1271 358 1327 aetatis
382 1268 567 1324 associatione
590 1267 763 1321 librationem
787 1269 858 1323 hanc
879 1269 977 1322 enixus
1002 1273 1058 1329 est,
1084 1266 1201 1336 proximi
1224 1273 1319 1320 aetate
1342 1269 1537 1322 observatores
1560 1267 1615 1321 fide

253 1350 405 1424 dignissimi
427 1349 559 1403 refutant.
602 1347 670 1400 Vide
692 1348 745 1401 hac
765 1351 798 1402 de
820 1366 849 1403 re
874 1365 935 1403 mea
950 1347 1153 1402 commentaria
1175 1349 1209 1400 de
1225 1347 1316 1401 Marte
1339 1347 1478 1417 capitibus
1499 1346 1614 1410 ultimis,

253 1438 285 1486 et
304 1432 424 1501 Epitom.
440 1432 554 1483 Astron.
578 1427 639 1481 libr.
662 1428 721 1481 vll.

838 1771 957 1869 Caput
983 1770 1031 1845 Π.

592 1930 781 1994 Primariae
803 1931 1080 2001 dehonorationis
1103 1929 1282 1994 delineatio.

344 2071 461 2144 Quibus
486 2074 529 2135 its
551 2075 726 2153 praemissis
751 2081 783 2135 ut
803 2074 841 2135 ad
863 2075 1048 2155 propositum
1069 2073 1197 2146 veniam,
1223 2082 1313 2152 atque
1338 2073 1424 2133 modo
1450 2073 1617 2134 recensitas

256 2159 414 2244 Copernici
438 2162 621 2246 hypotheses
641 2164 678 2223 de
694 2165 802 2224 mundo
827 2184 902 2224 novo
927 2183 1004 2224 novo
1027 2174 1203 2243 argumento
1223 2163 1357 2241 probem,
1382 2180 1444 2223 rem
1468 2182 1487 2223 a
1510 2162 1617 2242 primo,

254 2252 331 2333 quod
355 2251 453 2325 aiunt,
479 2271 534 2312 ovo
560 2273 618 2331 qua
641 2252 791 2314 brevitate
815 2255 877 2315 fieri
902 2254 1013 2333 poterit
1038 2261 1180 2332 repetam.

343 2338 462 2421 Corpus
486 2350 553 2402 erat
577 2342 616 2415 id,
642 2342 719 2422 quod
744 2342 828 2403 initio
849 2344 930 2403 Deus
954 2342 1087 2403 creavit:
1114 2343 1198 2420 eujus
1223 2339 1425 2402 definitionem
1448 2337 1475 2399 si
1499 2338 1615 2400 lrabea-

253 2449 328 2504 mus‚
353 2429 492 2491 existimo
508 2431 698 2507 mediocriter
712 2432 825 2493 clarum
846 2433 917 2504 lore,
943 2451 995 2493 cur
1019 2431 1105 2492 initio
1129 2450 1236 2510 corpus
1260 2448 1317 2489 nou
1343 2429 1435 2490 alian
1454 2446 1516 2489 rem
1532 2429 1615 2489 Deus

253 2518 412 2579 creaverit
459 2518 535 2580 Dico
559 2520 760 2598 quantitatem
783 2520 849 2580 Deo
875 2521 967 2582 fuisso
996 2521 1200 2600 propositam:
1235 2519 1274 2580 ad
1303 2537 1391 2597 quam
1420 2516 1615 2579 obtinendam

230 2607 389 2675 ,omnibus
414 2625 488 2686 opus
518 2608 587 2678 suit,
616 2630 692 2689 quae
721 2609 760 2670 ad
784 2611 917 2687 corporis
941 2610 1105 2671 essentiam
1130 2609 1300 2686 pertinent:
1335 2615 1368 2669 ut
1390 2607 1435 2668 ita
1458 2607 1615 2686 quantitas

253 2697 398 2774 corporis,
423 2705 569 2776 quatenus
594 2717 711 2776 corpus,
737 2699 883 2778 quaedam
909 2700 1013 2771 forma,
1040 2698 1278 2777 definitionisque
1301 2696 1384 2774 origo
1408 2696 1460 2756 sit.
1505 2693 1614 2765 Quan-
1701 2774 1706 2783 ι

254 2785 374 2847 titatem
398 2797 498 2846 autom
523 2786 605 2847 Deus
631 2788 697 2848 ideo
722 2796 792 2848 ante
817 2789 916 2848 omnia
944 2788 1075 2847 existere
1105 2788 1217 2859 soluit,
1252 2796 1285 2845 ut
1318 2795 1401 2845 esset
1437 2784 1538 2846 curvi
1577 2783 1616 2849 ad

254 2883 390 2936 rectum
419 2876 616 2953 comparatio.
664 2878 728 2937 llac
761 2877 838 2936 enim
868 2896 926 2937 una
958 2895 989 2936 re
1024 2876 1140 2936 divinus
1174 2875 1244 2936 mihi
1275 2868 1476 2946 Cusanus¹‘)
1505 2873 1616 2954 aliique

252 2960 402 3033 videntur,
426 2964 503 3041 quod
528 2966 602 3026 recti
626 2966 767 3044 curvique
792 2965 830 3025 ad
855 2965 980 3026 invicem
1005 2963 1208 3026 habitudinem
1233 2963 1309 3025 tanti
1330 2964 1474 3036 fecerunt,
1501 2970 1533 3023 et
1547 2981 1617 3024 cur·

252 3069 321 3112 rum
345 3051 425 3122 Deo,
459 3061 571 3113 rectum
595 3055 741 3115 creaturis
766 3054 831 3114 ausi
856 3064 927 3115 sunt
954 3074 1147 3135 consparsre:
1180 3063 1213 3115 ut
1240 3052 1319 3114 haud
1349 3053 1442 3113 multo
1467 3051 1618 3113 utiliorem

254 3157 376 3218 operam
399 3142 616 3218 praestiterint,
642 3142 690 3223 qui
716 3140 892 3204 Creatorem
917 3145 1080 3216 creatoris,
1105 3143 1202 3204 Deum
1226 3140 1352 3213 homini,
1373 3140 1490 3218 judicia
1514 3138 1619 3201 divina

254 3226 403 3302 humanis,
429 3248 519 3308 quam
543 3229 591 3309 qui
615 3250 735 3293 corvum
760 3240 851 3304 recto,
879 3232 1019 3294 circulum
1035 3233 1182 3313 quadrato
1199 3231 1394 3310 aequiparare
1411 3229 1511 3291 conati
1536 3240 1616 3291 suut

343 3314 478 3396 Cumque
501 3318 549 3378 vel
573 3319 601 3379 io
625 3320 681 3380 boc
705 3320 769 3380 solo
785 3321 862 3382 satis
877 3321 1064 3385 constitisset
1082 3341 1174 3400 penes
1189 3322 1285 3381 Deum
1305 3319 1509 3398 quantitatum
1532 3318 1617 3398 apti·

252 3405 324 3466 todo
348 3415 380 3466 et
404 3405 485 3467 curvi
510 3407 663 3482 nobilitas,
689 3410 819 3471 accessit
843 3420 943 3470 tamen
969 3421 1001 3471 et
1024 3411 1151 3472 alterum
1171 3411 1257 3489 longe
1280 3410 1395 3486 majus:
1426 3407 1484 3469 Dei
1505 3408 1616 3469 tmnuui

253 3493 352 3573 imago
376 3494 405 3555 in
431 3494 590 3574 sphaerica
613 3498 783 3577 superficie,
814 3499 914 3559 Patris
938 3499 1056 3560 scilieet
1085 3500 1113 3560 in
1143 3508 1259 3572 centro,
1292 3498 1360 3559 Filii
1388 3498 1417 3557 in
1447 3496 1617 3576 superlicio,

252 3582 385 3664 Spiritus
409 3584 438 3645 in
463 3586 649 3664 aequalitate
673 3608 805 3668 σχοοοως
828 3588 907 3648 iuter
930 3596 1071 3666 punctum
1096 3597 1126 3648 et
1150 3587 1304 3649 ambitum.
1346 3587 1425 3647 Nam
1448 3604 1526 3667 quae
1551 3584 1616 3647 Cu·

251 3693 343 3735 sanus
368 3674 494 3747 circulo,
524 3674 574 3735 alii
600 3678 677 3738 forte
702 3676 791 3755 globo
816 3676 998 3746 tribuerent,
1024 3697 1060 3736 ea
1084 3695 1139 3751 ego
1164 3675 1220 3737 soli
1245 3675 1421 3756 sphaericae
1446 3674 1616 3754 superficiei

253 3781 371 3842 arrogo.
414 3764 479 3825 Nec
503 3766 677 3843 persuaderi
701 3784 833 3844 possum,
858 3784 1013 3826 cursorum
1038 3765 1196 3846 quicquam
1220 3765 1348 3827 nobilius
1373 3784 1441 3824 osse
1466 3774 1520 3825 aut
1543 3781 1616 3845 per·

253 3851 361 3912 lectius
384 3852 452 3932 ipsa
476 3853 635 3932 sphaerica
654 3855 818 3934 superficie.
859 3852 976 3915 Globus
1001 3856 1078 3916 enim
1103 3856 1171 3933 plus
1194 3863 1243 3914 est
1266 3853 1423 3934 sphaerica
1447 3852 1614 3934 superficie,

252 3947 284 4000 et
307 3939 418 4002 mixtus
443 3941 631 4018 rectitudini,
657 3964 715 4024 qua
739 3945 806 4006 sola
829 3943 967 4022 impletur
992 3945 1082 4006 intus.
1131 3941 1269 4006 Circulos
1295 3963 1365 4004 vero
1389 3941 1447 4004 nisi
1470 3943 1500 4005 in
1524 3944 1616 4023 plano

252 4037 335 4090 recto
360 4030 484 4099 existat,
508 4030 564 4092 hoc
588 4045 645 4106 est,
671 4033 728 4095 uisi
751 4032 910 4113 sphaerica
933 4033 1106 4112 superficies
1131 4042 1184 4095 aut
1206 4032 1313 4111 globus
1339 4033 1430 4110 plano
1454 4040 1539 4093 recto
1563 4050 1616 4093 se-

252 4124 346 4189 catur,
371 4118 500 4178 circulus
525 4121 622 4183 nullus
646 4123 714 4183 erit.
753 4122 840 4184 Unde
863 4119 966 4181 videre
990 4132 1047 4195 est,
1072 4123 1183 4184 multas
1208 4121 1268 4182 illic
1293 4144 1312 4182 a
1330 4121 1404 4182 cubo
1429 4121 1458 4182 iu
1481 4120 1615 4200 globum,

253 4205 302 4267 hic
319 4226 344 4308 ‘a
362 4206 516 4355 quadrato
540 4208 568 4270 in
594 4209 735 4272 circulum
760 4209 937 4271 secundario
956 4209 1086 4273 defluere
1100 4211 1313 4291 proprietates,
1336 4217 1460 4289 propter
1475 4208 1615 4271 diametri

252 4303 360 4357 rectrtu
384 4313 471 4356 ruem.

341 4383 403 4446 Sed
426 4403 479 4445 cor
503 4385 630 4465 denique
653 4387 735 4448 curvi
759 4397 790 4449 et
820 4387 895 4447 reeti
925 4386 1095 4448 discrimina
1124 4387 1265 4467 corvique
1290 4385 1433 4446 nobilitas
1457 4385 1522 4447 Deo
1547 4387 1615 4449 toe-

252 4482 321 4535 ruot
342 4473 500 4554 proposita
524 4475 553 4535 in
578 4475 751 4536 exomendo
776 4476 904 4536 mundo?
943 4475 1003 4539 Cor
1023 4476 1122 4536 enim?
1147 4477 1203 4537 nisi
1228 4475 1297 4553 quia
1322 4495 1341 4534 a
1363 4474 1519 4536 conditore
1542 4495 1614 4555 per-

253 4562 419 4624 fectissimo
443 4581 568 4624 necesse
601 4565 719 4624 omnino
751 4565 807 4627 luit
839 4573 870 4624 ut
900 4565 1128 4646 pulcherrimum
1162 4583 1237 4643 opus
1261 4565 1506 4626 constitueretur.
1555 4565 1615 4626 Fas

253 4651 330 4711 enim
355 4670 409 4713 nec
433 4660 481 4712 est
515 4672 568 4714 nec
603 4671 729 4733 unquam
759 4653 812 4715 tuit
846 4656 892 4725 (ot
923 4653 1052 4735 loquitur
1081 4672 1117 4713 ex
1142 4653 1266 4715 Timaeo
1288 4651 1427 4713 Platonis
1451 4649 1560 4714 Cicero
1585 4652 1614 4715 in

254 4739 330 4801 libro
345 4740 381 4799 de
398 4740 610 4813 universitate)
636 4741 792 4824 quicquam
808 4743 865 4803 nisi
880 4742 1108 4822 pulcherrimum
1130 4742 1228 4803 faeere
1247 4760 1325 4813 eum,
1350 4740 1399 4821 qui
1423 4750 1508 4803 esset
1530 4741 1614 4821 opti·

254 4846 327 4889 mus.
375 4828 450 4891 Cum
479 4831 569 4913 igitur
602 4831 701 4895 ideam
733 4830 833 4897 mundi
863 4829 1009 4894 Conditor
1041 4831 1140 4894 auimo
1172 4827 1421 4913 praeconceperit
1451 4829 1615 4915 (loquimar
