3428 5542
702 340 825 393 tantu
844 342 1007 409 astrologicis.
1336 407 1341 416 ἱ
1470 338 1535 408 363

175 518 231 580 per
253 501 354 579 polum
378 500 492 562 zodiaci
517 500 600 562 ducti
625 500 799 563 describere
823 501 950 563 circulos
974 503 1145 579 domorum,
1171 501 1397 582 intercipientes
1421 502 1536 566 zodiaci

176 589 318 669 aequalia
342 590 594 651 dodecatemoria.

267 676 411 757 Sequitur
434 679 539 740 modus
564 678 759 740 construendi
784 678 918 740 tabulam
943 679 1096 740 domorum
1120 679 1159 739 a'd
1183 686 1311 740 mentem
1328 676 1438 752 Stadii,
1463 679 1535 740 Ma-

177 765 256 846 gini,
281 766 440 835 Everardi
465 767 571 841 Marii,
599 767 627 827 in
653 786 709 847 quo
733 768 891 846 contingit,
916 776 950 828 ut
971 767 1193 829 omne'inirium
1219 768 1322 829 domus
1341 767 1396 830 XI.
1420 768 1536 831 duabus
1609 777 1620 835 ’,

176 855 259 917 horis
284 855 499 934 temporalibus
524 857 636 934 elapsis
661 857 764 917 veniat
787 858 825 917 ad
849 857 1059 930 meridianum,
1085 876 1171 917 cuine
1194 856 1311 917 initium
1335 856 1440 918 domus
1463 857 1534 919 ΧΠ-Ι

177 951 304 1024 quatuor
328 944 409 1005 horis
433 944 650 1024 temporalibus
669 947 790 1019 ecdem;
815 947 977 1007 secuudum
992 946 1110 1007 modum
1135 946 1307 1007 directionis
1327 946 1535 1007 aPtolemaec

178 1033 342 1095 traditum:
369 1034 406 1093 ad
430 1034 617 1112 propositam
642 1035 830 1095 altitudinem
854 1035 915 1112 poli
940 1053 1049 1112 quaere
1074 1034 1203 1095 omnium
1218 1036 1363 1112 graduum
1378 1033 1536 1114 eclipticas

177 1122 361 1202 integrorum
387 1121 612 1183 ascensiouales
637 1123 831 1195 differentias,
857 1142 932 1202 quas
955 1123 1069 1184 liabent
1091 1124 1120 1184 iu
1136 1123 1305 1197 horizonte;
1330 1124 1367 1184 de
1392 1123 1428 1184 iis
1452 1140 1535 1184 sume

176 1220 294 1293 partem
314 1206 452 1279 tertiam,
482 1218 514 1272 et
537 1211 628 1284 adde,
660 1212 684 1273 si
710 1212 962 1291 septentrionalia
985 1213 1072 1292 signa
1096 1212 1220 1284 fuerint,
1253 1212 1291 1273 ad
1316 1207 1385 1286 30⁰,
1413 1221 1478 1286 aut,
1509 1212 1536 1272 si

178 1300 395 1374 meridionalia,
421 1300 516 1361 aufer.
564 1298 718 1361 Summam
743 1302 792 1362 vel
815 1301 964 1362 residuum
989 1301 1074 1361 aufer
1098 1302 1192 1362 semel
1216 1301 1255 1362 ab
1275 1300 1312 1362 A.
1330 1300 1368 1364 R.
1388 1300 1535 1381 propositi

182 1390 312 1469 gradus,
347 1396 379 1449 et
402 1388 580 1467 relinquitur
606 1389 660 1450 tibi
684 1391 724 1451 A.
750 1389 786 1451 R.
811 1390 900 1450 medii
924 1389 1015 1460 coeli,
1039 1391 1116 1469 quod
1143 1389 1246 1466 fuerit,
1282 1390 1306 1450 si
1329 1390 1442 1470 gradus
1465 1398 1536 1450 tuus

181 1478 303 1538 steterit
326 1477 355 1537 in
380 1477 502 1556 cuspide
526 1477 582 1538 XI.
629 1477 663 1539 Si
688 1498 832 1540 summam
862 1478 909 1539 vel
933 1478 1084 1540 residuum
1104 1478 1149 1539 bis
1165 1478 1336 1552 abstuleris,
1361 1478 1537 1559 relinquitur

180 1567 220 1629 A.
245 1565 284 1627 R.
311 1567 400 1627 medii
423 1565 517 1641 coeli,
546 1567 757 1646 respondentis
782 1576 833 1628 tuo
856 1568 963 1646 gradui
995 1568 1023 1629 in
1047 1567 1119 1628 XII.
1146 1567 1304 1629 collocato.
1351 1568 1410 1628 Pro
1434 1565 1537 1629 inieris

180 1655 317 1717 domibus
340 1674 412 1735 pars
436 1654 528 1717 tertia
551 1655 738 1717 differentiae
764 1656 980 1718 ascensiunalis
1005 1665 1053 1718 est
1077 1657 1241 1718 auferenda
1265 1676 1282 1715 a
1307 1651 1375 1731 30⁰,
1401 1655 1427 1718 si
1450 1654 1540 1717 fuerit

180 1744 428 1826 septentrionalis
444 1751 512 1804 tuns
527 1745 650 1824 gradus,
666 1746 814 1819 addenda,
840 1745 864 1807 si
880 1745 1100 1819 meridionalis;
1126 1753 1156 1807 et
1179 1744 1329 1806 residuum
1345 1745 1393 1806 vel
1413 1763 1537 1819 summa,

182 1834 277 1895 semel
302 1833 408 1893 addita
432 1833 471 1893 ad
494 1831 533 1893 A.
554 1833 594 1895 R.
624 1834 666 1896 tui
697 1835 823 1912 gradus,
854 1835 928 1895 iacit
951 1833 990 1896 A.
1015 1834 1053 1896 R.
1084 1834 1135 1895 imi
1159 1834 1249 1902 coeli,
1284 1833 1308 1894 si
1333 1835 1446 1914 gradus
1470 1841 1538 1896 tuus

180 1922 323 1985 fueritin
349 1922 455 1996 tertia;
480 1921 526 1983 bis
551 1922 663 1996 addita,
691 1924 766 1984 facit
787 1925 826 1985 A.
843 1924 882 1986 R.
907 1923 956 1985 imi
982 1923 1067 1996 coeli,
1093 1923 1118 1984 si
1133 1923 1245 2003 gradus
1269 1930 1338 1983 tuus
1362 1923 1392 1984 In
1408 1923 1539 1984 secunda

179 2011 303 2090 cuspide
328 2011 458 2072 steterit.
504 2012 571 2074 Hoc
594 2021 683 2091 pacto
708 2032 761 2092 pro
785 2009 958 2075 idomibus
983 2013 1063 2086 (xi,
1079 2011 1162 2086 xit,
1185 2013 1233 2084 ΙΙ.,
1250 2011 1322 2081 ΠΙ.)
1346 2012 1538 2074 constituun-

178 2108 228 2162 tur
252 2096 273 2162 4
298 2100 445 2174 tabellae,
481 2120 556 2180 quae
581 2101 693 2161 habent
717 2101 746 2162 in
771 2103 813 2163 M.
839 2100 875 2163 O.
901 2101 1016 2162 minuta
1040 2101 1237 2162 adhaerentia
1261 2101 1399 2179 partibus
1422 2100 1538 2162 zodiaci
1612 2166 1618 2176 Ι

178 2208 232 2251 seu
256 2188 400 2266 gradibus
425 2188 561 2269 integris,
587 2191 614 2250 in
640 2190 776 2252 domibus
800 2191 934 2270 integros
958 2191 1081 2269 gradus.
1129 2190 1231 2250 Facile
1256 2197 1306 2251 est
1328 2189 1430 2268 igitur,
1456 2208 1494 2249 ex
1517 2185 1538 2251 4

178 2277 292 2339 tabulis
316 2296 405 2338 unam
430 2279 547 2353 iacere,
581 2279 740 2341 collocatis
771 2279 897 2359 integris
926 2279 1070 2358 gradibus
1094 2277 1122 2338 in
1147 2278 1190 2340 M.
1216 2276 1271 2351 0.,
1310 2288 1342 2339 et
1365 2277 1539 2357 cuspidibus

178 2367 334 2428 domorum
359 2385 424 2428 cnm
450 2375 535 2447 parte
560 2367 787 2448 proportionali,
812 2368 842 2428 h.
869 2387 895 2428 e.
921 2387 988 2429 cum
1012 2366 1248 2428 adhaerentibus
1272 2366 1396 2428 minutis
1419 2367 1448 2427 in
1467 2386 1537 2428 suos

179 2455 295 2518 loculos
319 2456 489 2518 collocatis.
535 2457 710 2518 Notandum
735 2465 858 2532 tamen,
883 2475 938 2518 uos
961 2457 1055 2517 multo
1078 2455 1190 2518 rectius
1214 2455 1253 2516 ad
1276 2466 1407 2516 mentem
1430 2455 1537 2516 Ptole·
1615 2526 1618 2531 ⁸

178 2545 257 2606 maei
281 2551 473 2623 operaturos,
504 2554 535 2606 et
559 2565 648 2626 quam
672 2546 805 2624 proxime
830 2546 867 2606 ad
893 2545 1074 2606 directiones
1097 2544 1348 2622 Regiomontani,
1374 2552 1405 2604 et
1429 2544 1457 2604 in
1481 2544 1538 2605 boc

177 2633 299 2709 negotio
324 2633 362 2693 ad
386 2634 705 2715 cuspidesdomorum
728 2635 893 2697 rationales
918 2642 1080 2708 venturos,
1112 2634 1137 2694 si
1171 2633 1356 2695 differentias
1381 2631 1537 2695 ascensio-

177 2723 265 2783 nales
290 2740 352 2802 neq
370 2722 399 2783 in
424 2723 578 2784 horizonte
603 2724 676 2792 loci,
711 2725 765 2783 sed
789 2743 843 2803 pro
867 2722 922 2786 XI.
949 2731 981 2784 et
1004 2724 1059 2785 111.
1090 2722 1119 2784 iu
1145 2722 1256 2784 circulo
1279 2721 1455 2802 positionis,
1489 2721 1538 2802 qui

180 2810 296 2872 vicinus
320 2818 368 2871 est
392 2812 565 2885 meridiano,
592 2820 623 2873 et
645 2831 699 2891 pro
714 2812 787 2874 XII.
813 2813 907 2874 etii.
933 2812 960 2872 in
986 2811 1096 2873 circulo
1120 2811 1290 2890 positionis,
1317 2810 1366 2890 qui
1389 2808 1538 2872 horizonti
1570 2889 1575 2898 ,

178 2899 296 2961 vicinus
320 2907 377 2974 est,
401 2900 432 2961 id
456 2909 504 2963 est
529 2901 557 2962 in
583 2902 700 2962 illorum
724 2901 901 2963 cIrculorum
926 2900 1144 2962 elevationibus
1175 2900 1236 2979 poli
1260 2901 1342 2981 prius
1365 2898 1539 2961 constitutis
1612 2926 1616 2931 <

178 3007 409 3069 inquireremus.

270 3076 386 3137 Datum
410 3077 497 3138 VIII.
522 3076 611 3138 Pebr.
639 3071 734 3140 1611.

250 3163 307 3213 Vol.
327 3163 360 3213 II.
392 3164 452 3214 Mas.
472 3165 661 3222 Viennensium,
682 3181 696 3216 e
714 3181 761 3230 quo
780 3167 917 3231 praemissa
936 3166 1051 3215 desumta
1068 3172 1135 3222 sunt,
1153 3165 1217 3215 haec
1235 3170 1333 3214 tantum
1353 3163 1452 3213 exhibet
1468 3163 1538 3227 Kep-

182 3237 229 3287 leri
248 3237 338 3291 rerba,
368 3238 456 3286 omisso
482 3236 579 3287 exordio
603 3243 630 3285 et
653 3238 817 3288 conclusione.
853 3237 1009 3287 EVickenii
1027 3237 1104 3286 literis
1123 3243 1242 3300 apparet,
1273 3236 1323 3286 alia
1342 3251 1399 3285 eum
1416 3235 1540 3298 quasdam

178 3307 305 3358 addidisse
330 3307 431 3360 leviora.
450 3309 515 3357 iuter
533 3307 584 3356 alia
596 3310 690 3372 gratias
703 3311 784 3374 egisse
801 3323 845 3372 pro
859 3307 922 3357 douo
941 3310 987 3372 ipsi
1000 3306 1066 3357 datis
1085 3307 1235 3358 sVicienic
1256 3307 1381 3366 ,linteis“,
1400 3307 1441 3371 qui
1453 3306 1540 3357 literas

180 3393 240 3428 suas
259 3377 305 3426 bas
324 3380 432 3442 proxime
451 3379 629 3443 praecedentes
649 3377 684 3438 (d.
706 3379 747 3427 ii.
766 3376 838 3439 Jan.)
858 3381 893 3429 sic
913 3379 1051 3429 concludit:
1072 3379 1210 3436 „Tandem
1228 3384 1257 3428 ut
1269 3381 1379 3428 animum
1396 3392 1478 3427 meum
1496 3379 1540 3426 tibi
1631 3432 1643 3446 ο

178 3449 326 3500 benevolum
346 3464 377 3498 ex
394 3456 465 3513 parte
484 3457 583 3498 tautum
596 3450 729 3504 declarem,
749 3453 819 3500 mitto
833 3452 877 3499 tibi
897 3451 957 3499 duos
971 3451 1101 3499 linteorum
1114 3449 1289 3499 Silesiaeorum
1301 3449 1440 3505 fasciculos,
1460 3449 1539 3498 amice

178 3535 284 3587 rogans.
311 3528 340 3570 ut
363 3522 420 3569 boni
440 3521 568 3575 consulas,
595 3534 624 3570 ac
642 3537 672 3570 ex
691 3524 774 3571 animo
797 3523 861 3571 bono
880 3522 1015 3584 proiectum
1035 3519 1135 3577 credas,
1166 3523 1262 3582 maiora
1281 3526 1455 3584 expectaturus
1473 3521 1540 3570 eirca

177 3593 272 3642 festum
291 3590 456 3642 Patebatos.“
494 3592 622 3654 Adiuncta
646 3593 715 3642 iuere
738 3593 777 3642 bis
795 3593 911 3643 Viciteuii
938 3592 1014 3641 literis
1041 3592 1143 3641 aliorum
1175 3591 1300 3656 (Magini,
1332 3591 1438 3641 Simonis
1457 3589 1539 3645 Marii,

179 3663 308 3718 Sveeardi,
328 3661 439 3720 crabbii)
456 3661 551 3725 judicia
570 3663 601 3712 de
621 3664 709 3722 ,modo
729 3664 876 3730 dirigendi“,
896 3679 942 3713 ner
960 3678 1010 3713 non
1029 3663 1131 3713 tabulae
1150 3663 1256 3728 aliaque,
1276 3662 1307 3712 de
1325 3663 1413 3726 quibus
1431 3662 1477 3710 sibi
1496 3675 1539 3710 ex·

179 3736 245 3800 petit
261 3734 381 3796 judicium
401 3735 511 3798 Kepleri·
549 3732 597 3794 Qui
615 3750 689 3798 quum
708 3739 817 3786 maxima
836 3751 866 3784 ex
884 3741 955 3799 parte
974 3734 1084 3785 Stadii
1103 3735 1177 3783 rerba
1189 3733 1341 3791 refutaverit,
1361 3732 1538 3796 dehocqaae·

179 3807 239 3856 dam
259 3806 376 3855 addenda
394 3819 532 3856 censemus.
570 3805 610 3855 De
629 3807 681 3855 vita
699 3805 781 3857 Stadii
798 3808 892 3872 pagiua
911 3820 999 3857 aversa
1016 3805 1080 3855 tituli
1102 3804 1323 3869 ,premeridum“
1344 3802 1441 3864 (colcu.
1458 3799 1538 3863 itti)

178 3878 242 3927 baec
262 3876 349 3925 affert:
368 3876 384 3925 J
391 3875 642 3933 caunisStadii,
662 3877 835 3929 Mathematici
853 3877 958 3943 Belgas,
978 3876 1194 3941 Epitaphium,
1212 3875 1324 3925 deborae
1342 3886 1422 3925 saca:
1440 3874 1465 3924 J.
1481 3874 1538 3925 Sta-

179 3949 229 4004 diu,
249 3946 445 4002 Mathematico.
474 3948 506 3997 ab
525 3948 596 3996 editis
616 3950 705 3999 tabulis
724 3956 750 3998 et
769 3950 964 4014 ephemeridibus
983 3948 1153 4012 astrologicis,
1177 3949 1407 4010 commentariisque
1424 3945 1539 3996 historia·

177 4034 242 4075 rum,
261 4026 361 4083 propter
379 4033 485 4068 acumen
503 4020 597 4083 ingenii
617 4021 698 4077 claro,
710 4030 713 4035 ’
724 4021 831 4085 Philippi
849 4021 919 4085 Hisp.
938 4023 1004 4085 regis
1022 4020 1158 4068 honorariis
1176 4019 1328 4074 Loranium,
1355 4019 1444 4069 deiude
1463 4018 1539 4068 Lute-

179 4092 243 4141 tiam
255 4090 404 4140 Parisiorum
426 4091 457 4139 ab
469 4091 578 4140 lieurico
597 4091 643 4141 III.
664 4093 762 4143 Galliae
782 4108 850 4158 rege,
870 4094 903 4142 ad
921 4093 1044 4155 publicam
1064 4106 1150 4140 earum
1163 4090 1355 4154 disciplinarum,
1375 4104 1437 4154 quar
1450 4090 1541 4141 celebri

178 4162 344 4211 studiosorum
362 4162 488 4211 hominum
508 4164 532 4210 iu
552 4162 649 4212 illarum
668 4164 763 4213 urbium
783 4165 919 4214 academiis
938 4177 1059 4214 concursu
1077 4162 1171 4224 docuit,
1189 4162 1366 4226 professionem
1385 4162 1481 4212 adscito
1493 4159 1539 4212 dic.

178 4254 214 4267 ·-
234 4232 305 4282 Vixit
323 4235 395 4283 anuis
415 4229 457 4289 5³,
478 4234 539 4282 obiit
557 4233 635 4296 pridie
655 4234 707 4284 Cal.
721 4235 853 4285 Novembr.
871 4232 963 4285 ¹579!
984 4257 1018 4268 ·-
1038 4233 1212 4299 Ephemeridss
1230 4233 1277 4283 iras
1296 4232 1340 4293 (ab
1355 4248 1421 4282 asino
1436 4230 1540 4282 tett-

179 4299 263 4364 titt)
283 4303 363 4355 edidit
379 4304 444 4353 filius
464 4304 544 4355 Stadii
562 4304 727 4368 Hieronymus
747 4320 811 4356 anun
831 4313 887 4370 post
904 4315 1001 4371 patrem
1019 4312 1142 4354 mortuum
1160 4305 1283 4362 secundo,
1303 4307 1447 4353 immutatas
1465 4304 1537 4354 relin-

178 4390 258 4440 quens
277 4377 332 4426 illas
352 4389 472 4425 annorum
493 4373 679 4434 rtet—¹570,
699 4392 760 4442 quas
779 4379 831 4441 ipse
844 4379 954 4428 ioannes
974 4391 1040 4426 anno
1058 4374 1123 4424 1556
1138 4375 1256 4426 Coloniae
1278 4373 1453 4439 imprimendas
1467 4388 1538 4425 cura-

177 4453 263 4504 verat,
290 4447 470 4511 praefatiquem
489 4461 585 4511 quoquc
603 4449 680 4511 patris
699 4448 875 4514 astrologicam
900 4450 987 4499 iisdem
1013 4449 1064 4498 iere
1088 4448 1167 4496 verbis
1194 4446 1304 4511 (reliquia
1323 4462 1337 4495 e
1356 4447 1432 4509 patris
1450 4460 1539 4495 mauu·

177 4519 276 4581 scriptis
295 4513 397 4578 additis)
421 4520 592 4580 praemittens.
630 4520 659 4568 Iu
679 4519 727 4569 bac
745 4522 900 4583 praefatione
927 4521 1040 4570 editionis
1064 4520 1208 4583 posthumae
1236 4517 1441 4582 deprehendimus
1464 4517 1540 4568 rerba

178 4587 269 4647 Stadii,
289 4603 354 4654 quae
372 4594 445 4637 taxat
463 4588 594 4653 Rapiatur,
614 4591 640 4639 iu
659 4593 741 4654 capite
759 4593 890 4656 inscripto:
913 4592 969 4652 „De
988 4592 1099 4642 domibus
1117 4592 1168 4640 sive
1188 4589 1249 4640 coeli
1268 4590 1361 4656 liguris,
1380 4590 1448 4639 vario
1467 4589 1539 4639 modo

179 4661 318 4724 descriptis.
337 4659 477 4724 ibidemque
495 4661 632 4710 Ptolemaei
651 4663 737 4712 modus
756 4664 906 4728 expositus.“

248 4731 388 4784 Ptolemaei
408 4732 490 4789 verba,
510 4746 574 4796 quae
593 4747 650 4782 cum
670 4748 687 4783 a
699 4732 796 4792 Stadio.
815 4741 868 4784 tum
887 4750 904 4785 a
916 4735 1025 4798 Keplero
1045 4739 1212 4790 recensentur,
1231 4732 1348 4798 leguntur
1366 4730 1392 4780 iu
1410 4743 1483 4794 opere
1501 4730 1538 4781 iu·

177 4804 281 4870 scripto:
302 4803 359 4863 ,Da
376 4800 480 4853 iudiciis
499 4804 638 4854 astrorum“
657 4802 893 4870 (Quadripertitum)
911 4807 1011 4871 passim,
1030 4805 1137 4854 maxime
1156 4803 1197 4854 lib.
1217 4803 1262 4854 111.
1282 4816 1338 4866 cap.
1361 4798 1402 4851 tt.

249 4872 452 4935 Viciaaiur,
483 4887 540 4925 aum
563 4874 661 4926 iacilem
684 4891 715 4929 ax
738 4876 777 4927 bis
799 4876 876 4928 literis
901 4877 1037 4944 Keplarum
1062 4881 1225 4944 cognoscam
1248 4873 1283 4927 ad
1298 4870 1497 4940 amentatum
1513 4876 1542 4924 st
