3428 5542
245 291 318 394 tes
435 308 440 315 ’
795 329 1062 396 suenum·

174 500 176 505 ·
246 488 360 551 habeat
391 488 430 549 ad
462 488 515 550 Π
543 497 664 569 partem
695 490 854 564 minorem,
887 509 976 570 quarn
1013 491 1106 553 habet
1136 490 1285 552 velocitas
1316 488 1476 551 eccentrici
1509 507 1551 550 ex
1581 485 1610 551 Β

244 573 347 659 per
377 576 407 637 in
436 576 466 639 N
496 577 535 638 sd
567 578 759 641 velocitatem
792 579 901 640 stellae
934 597 971 639 er
1000 580 1025 640 B
1058 587 1090 640 et
1121 579 1324 652 domonstrat,
1362 577 1483 658 quando
1513 576 1610 638 stella

243 664 274 727 in
296 666 325 726 ‘l'
350 674 494 744 punctum
515 667 639 746 propius
658 667 771 729 Terrae
793 670 821 729 F
841 668 960 740 incidit,
995 676 1077 730 stare
1105 668 1209 729 videri.
1256 667 1359 746 Atque
1387 667 1463 727 haec
1491 683 1611 726 summa

244 761 294 817 est
316 762 348 815 et
370 754 545 815 intentionis
568 762 601 815 et
624 755 736 817 laboris
755 756 907 836 Apollonii
931 756 1031 829 illius;
1064 763 1185 834 praeter
1207 773 1282 833 quse
1305 755 1379 815 nihil
1400 755 1502 834 plane,
1528 753 1608 834 quod

244 842 275 904 iu
308 842 492 903 astronomia
521 843 693 923 scripserit,
725 863 852 925 usquam
884 844 1025 925 comperi.
1071 843 1158 915 Quae
1191 845 1255 922 ejus
1288 844 1497 905 demonstrata
1528 860 1609 922 qno-

244 931 333 992 nrodo
367 929 552 1010 Copernicus
591 933 628 993 ad
663 952 735 994 suas
767 933 959 995 transtulerit
987 933 1185 1015 hypotheses,
1224 931 1254 991 io
1287 931 1352 1010 ipso
1385 931 1454 992 vide
1487 929 1609 1010 Goper·

244 1019 321 1092 nico,
351 1020 425 1080 locis
454 1020 492 1081 ab
516 1021 595 1082 Urso
619 1021 723 1084 citatis
746 1023 803 1094 (V.
828 1020 895 1094 35).
946 1022 1030 1084 Nihil
1059 1023 1139 1083 eninr
1162 1021 1243 1082 aliud
1274 1019 1352 1080 dixit
1377 1020 1415 1081 de
1444 1019 1609 1098 Apollonio

245 1105 429 1188 Oopemicns
458 1126 545 1188 quam
573 1110 779 1183 Ptolemaeus,
815 1130 851 1171 ex
875 1129 933 1190 quo
965 1111 1015 1172 ille
1048 1111 1123 1171 haec
1155 1109 1184 1170 io
1218 1126 1304 1169 suum
1331 1126 1405 1187 opus
1438 1109 1609 1170 transtulit.

244 1193 391 1268 Quamvis
418 1214 457 1258 ne
479 1197 554 1260 haec
583 1199 701 1278 quidem
729 1218 783 1278 pro
811 1219 879 1260 sese
901 1199 1145 1278 ingeniosissima
1171 1197 1305 1260 inventio
1334 1197 1494 1258 admodum
1521 1197 1609 1258 utilis

245 1285 336 1347 luerit
363 1285 541 1361 artificibus,
574 1297 734 1366 propterea
767 1289 844 1367 quod
873 1289 1066 1366 Apollonius,
1099 1295 1134 1347 ut
1161 1287 1274 1346 exitum
1305 1285 1335 1345 iu
1368 1285 1608 1347 demonstrando

242 1373 397 1452 reperiret,
423 1374 672 1454 inaequalitatem
696 1377 823 1437 alteram
847 1377 875 1437 in
901 1377 1057 1439 stellarum
1079 1375 1224 1448 motibus,
1259 1393 1335 1454 qnae
1359 1375 1398 1434 ad
1421 1383 1527 1452 partes
1551 1391 1608 1434 uo-

243 1462 321 1523 diari
344 1463 524 1538 restituitur,
550 1464 685 1525 exclusit
735 1465 841 1544 Itaque
866 1485 902 1524 ea
926 1464 1181 1526 demonstratione
1211 1462 1270 1524 nisi
1299 1462 1338 1522 ad
1361 1462 1497 1542 singulos
1515 1478 1608 1522 casus

243 1549 471 1629 inaequalitatis
505 1551 630 1614 alterius
659 1552 779 1614 variata
811 1553 854 1613 uti
884 1553 1076 1614 Ptolemaeus
1099 1561 1131 1612 et
1160 1550 1344 1628 Copemicus
1376 1569 1435 1612 non
1467 1559 1607 1629 potuere.

243 1639 353 1700 Adhuc
378 1658 449 1717 ergo
474 1640 572 1701 nullas
596 1640 738 1702 habemus
753 1641 907 1719 Apollonii
932 1642 1117 1722 hypotheses
1140 1640 1368 1710 astronomicas,
1392 1659 1469 1719 quse
1484 1638 1607 1718 quiden

243 1726 287 1789 sic
311 1725 369 1788 dici
399 1738 429 1788 et
463 1728 542 1788 inter
565 1737 682 1790 ceteras
716 1731 828 1791 formas
853 1730 1003 1791 recenseri
1022 1737 1184 1792 merentur.
1231 1726 1318 1797 Quae
1342 1729 1421 1790 enim
1454 1728 1505 1791 ille
1529 1747 1607 1807 sup-

242 1814 328 1896 ponit
361 1816 391 1876 in
416 1817 671 1878 demonstratione
696 1838 764 1890 sua,
797 1838 854 1879 noo
888 1819 933 1878 ita
965 1818 1121 1900 supponit,
1156 1825 1300 1896 tanquam
1330 1836 1436 1879 revera
1467 1817 1513 1879 its
1535 1835 1607 1877 sese

242 1903 354 1966 habere
379 1913 498 1965 statuat
521 1905 615 1984 (quod
638 1907 738 1967 solent
761 1907 922 1980 artifices),
948 1907 1002 1967 sed
1026 1907 1079 1980 ita,
1103 1915 1139 1968 ut
1160 1913 1311 1985 patescat,
1335 1905 1407 1985 qnid
1430 1905 1513 1967 eirca
1534 1913 1607 1966 sta·

242 1991 342 2055 tiones
366 1993 497 2054 futurum
521 2004 619 2068 esset,
649 1995 674 2055 si
699 1995 752 2055 illa
782 1996 827 2055 ita
850 1996 1006 2057 haberent.
1053 1996 1218 2074 Propterea
1245 1994 1367 2073 gemina
1390 1993 1485 2056 utitur
1508 1995 1608 2056 forms

240 2080 453 2163 principiorum
481 2082 748 2145 demonstrationis
778 2103 867 2154 suae,
902 2085 973 2163 quia
1004 2103 1047 2144 sc.
1077 2084 1150 2145 nihil
1182 2083 1319 2145 deceruit
1352 2091 1386 2144 ut
1413 2091 1607 2144 astronomus

243 2171 365 2244 aniles,
390 2170 443 2231 sed
468 2190 580 2232 merum
604 2173 669 2249 agit
692 2182 875 2253 geometram
899 2173 929 2234 in
954 2181 1087 2234 motuum
1110 2190 1229 2250 genere.

329 2258 400 2319 lam
430 2258 512 2332 vide,
550 2278 639 2339 quam
675 2262 810 2323 suaviter
840 2262 935 2323 Ursus
968 2263 1005 2322 de
1038 2262 1094 2323 hoc
1122 2259 1278 2339 Apollonii
1310 2259 1432 2321 invento
1466 2267 1605 2338 nugetur.

241 2347 343 2409 Primo
367 2346 421 2417 sit,
446 2347 575 2427 abipso
599 2357 746 2411 mutatam
770 2370 838 2411 esse
863 2351 1033 2412 nniversam
1058 2350 1184 2410 sormam
1198 2348 1508 2417 Aristarchisoarum,
1530 2365 1604 2426 per·

227 2435 313 2497 ,inde
338 2455 373 2496 ac
392 2435 417 2496 si
440 2437 628 2516 professione
653 2439 761 2500 suisset
784 2446 983 2508 astronomus,
1009 2447 1042 2500 ut
1055 2438 1254 2500 Aristarchus
1273 2446 1304 2498 et
1318 2437 1380 2498 alii.
1425 2436 1604 2497 Mathema-

241 2523 332 2586 ticum
352 2524 545 2587 Ptolemaeus
569 2527 714 2606 appellat,
739 2536 772 2587 at
795 2538 876 2589 certe
900 2528 1039 2606 nuspiam
1058 2526 1085 2588 ei
1100 2525 1264 2588 astronomi
1284 2525 1391 2587 titulus
1406 2525 1599 2586 adscribitur.

240 2611 358 2674 Deinde
382 2632 447 2674 eum
472 2615 685 2677 obversaretur
708 2615 735 2677 ei
759 2616 902 2676 memoria
925 2615 1052 2695 duplicis
1077 2615 1190 2677 tonnae
1214 2615 1479 2675 demonstrationis
1500 2615 1604 2692 Apol-

240 2699 390 2774 lonisose,
415 2704 467 2763 sed
494 2704 635 2766 memoria
659 2704 775 2777 tenuis,
811 2713 954 2783 tanquam
980 2704 1021 2765 rei
1049 2723 1103 2782 per
1135 2721 1270 2764 somnum
1294 2703 1378 2764 visae
1402 2708 1487 2771 (nam
1511 2719 1606 2780 supra

240 2790 428 2869 conjectatus
452 2812 528 2866 snm,
553 2810 610 2853 non
635 2793 732 2872 ipsum
758 2794 868 2856 Ursum
894 2793 1004 2872 legisse
1028 2793 1102 2853 haec
1126 2792 1156 2852 in
1182 2791 1365 2864 Ptolemaeo,
1390 2791 1443 2851 sed
1467 2790 1509 2852 ab
1532 2789 1605 2861 alio,

240 2877 290 2958 qui
314 2878 389 2938 haec
413 2880 545 2941 sortasse
569 2881 685 2960 legerit,
711 2882 926 2952 admonitum),
950 2881 1013 2959 ipse
1038 2899 1154 2960 quoque
1179 2879 1327 2957 geminam
1350 2879 1603 2942 Aristarchisns-

240 2984 304 3028 rum
337 2966 576 3030 immutationem
611 2970 774 3049 Apollonio
808 2971 936 3050 affingit.
992 2969 1125 3032 Primum
1153 2971 1212 3039 ait,
1245 2967 1415 3029 institutam
1449 2968 1532 3040 ideo,
1570 2976 1608 3029 ut

241 3054 348 3134 ingens
373 3054 427 3116 ills
449 3058 579 3119 vastitas
603 3059 737 3130 lixarum,
764 3079 852 3139 quam
876 3059 1073 3120 Aristarchus
1096 3058 1176 3136 apud
1190 3057 1401 3118 Archimedem
1425 3056 1606 3124 introduxit.

241 3142 411 3205 tolleretur.
459 3145 589 3226 Ideoque
622 3148 666 3209 sic
700 3167 767 3209 esse
796 3148 965 3209 institutam
997 3148 1079 3208 illaru
1111 3146 1364 3216 immutationem,
1399 3154 1433 3206 ut
1466 3156 1605 3206 oeutrum

243 3230 368 3294 humum
392 3231 450 3294 nusi
473 3253 539 3296 cum
553 3236 648 3298 Terra
670 3237 954 3298 circumvolveretur
972 3254 1070 3296 annuo
1093 3244 1186 3295 motu.
1232 3236 1277 3297 At
1298 3234 1353 3294 hcc
1378 3243 1474 3295 totum
1488 3253 1605 3294 merum

239 3338 308 3380 esse
332 3321 506 3399 figmentum
531 3334 562 3385 et
585 3325 750 3406 sphyngem
775 3345 812 3385 ex
836 3325 905 3387 Ursi
931 3324 1053 3384 cerebro
1078 3332 1196 3396 natam,
1228 3323 1317 3383 facile
1340 3324 1436 3395 videt,
1461 3321 1512 3401 qui
1535 3341 1605 3383 cum

238 3408 296 3470 hac
320 3409 390 3471 Ursi
420 3411 668 3490 interpretatione
693 3413 861 3475 Ptolemaei
891 3413 984 3473 rerba
1015 3431 1106 3491 supra
1129 3412 1265 3489 allegata
1293 3413 1330 3472 de
1358 3411 1449 3489 priori
1473 3410 1604 3471 demon·

239 3498 395 3558 ammonis
410 3500 631 3578 Apollonianae
660 3504 757 3563 forma
780 3503 915 3562 conferre
939 3501 1077 3562 soluerit.
1125 3501 1224 3578 Major
1246 3500 1384 3579 equidem
1408 3511 1456 3560 est
1480 3498 1603 3560 candidi

238 3593 271 3646 et
294 3586 353 3647 atri
376 3589 485 3649 coloris
510 3591 666 3669 cognatio,
701 3609 790 3670 quam
814 3591 884 3652 Ursi
910 3598 941 3650 et
967 3588 1130 3669 Apollonii.
1178 3591 1224 3650 Ac
1258 3588 1283 3649 si
1308 3589 1373 3668 quis
1401 3590 1441 3649 ad
1465 3609 1501 3649 ss
1523 3587 1606 3664 ἦθος

238 3675 478 3754 suppositionum
500 3677 654 3756 Apollonii
678 3679 836 3758 respiciat,
867 3678 910 3738 illi
934 3697 992 3738 non
1016 3687 1119 3756 potest
1142 3678 1201 3738 ullo
1225 3677 1313 3738 modo
1337 3677 1498 3737 verisimile
1521 3695 1603 3749 esse,

239 3772 358 3824 tantm
380 3765 542 3843 Apollonio
566 3786 666 3828 curam
692 3768 784 3828 fuisse
804 3768 841 3827 de
864 3768 917 3827 illo
947 3767 1032 3827 hiatu
1061 3767 1170 3844 illaque
1195 3768 1341 3826 vastitate
1366 3767 1501 3826 lixarum.
1539 3764 1603 3826 Al-

239 3859 337 3912 teram
366 3852 603 3915 immutationem
633 3856 727 3917 Ursus
759 3857 853 3917 talem
884 3856 922 3915 ab
946 3854 1107 3932 Apollonio
1140 3855 1227 3934 lingit
1255 3855 1439 3925 institutam,
1475 3862 1508 3914 ut
1534 3871 1605 3914 cnm

238 3948 331 4000 antea
354 3940 448 4001 Terra
471 3944 621 4013 (centrum
645 3938 785 4021 lixarum)
810 3944 981 4005 volveretur
1005 3961 1102 4004 annuo
1126 3954 1208 4004 motu
1231 3944 1313 4003 circs
1327 3943 1440 4016 Solem,
1463 3954 1604 4002 centrum

238 4027 438 4108 planetamm,
462 4032 683 4109 quiescentem:
704 4033 770 4113 jam
794 4034 877 4094 circa
891 4033 1015 4091 Terram
1038 4042 1071 4092 et
1092 4041 1226 4091 centmm
1251 4033 1384 4098 lixarum,
1400 4031 1601 4109 quiescentia,

239 4114 294 4177 Sol
317 4126 348 4177 et
371 4127 506 4181 centrum
528 4121 718 4199 planetarum
742 4122 847 4182 eodem
871 4140 970 4181 annno
998 4128 1131 4198 ternpore
1154 4121 1350 4192 circumierit,
1379 4138 1456 4198 quae
1480 4120 1604 4197 quidem

239 4203 450 4287 hypothesium
480 4209 576 4270 forma
603 4231 622 4270 a
645 4210 787 4290 ’lhchone
811 4210 911 4272 Brahe
940 4209 1039 4287 (cujus
1069 4208 1243 4286 exagitandi
1271 4210 1372 4287 gratis
1400 4208 1497 4270 Ursus
1525 4208 1603 4269 usse

239 4294 397 4364 confinxit)
423 4308 677 4375 proptercausss
701 4299 828 4377 abipso
853 4308 976 4374 auctore
1000 4297 1113 4377 passim
1145 4296 1313 4357 inculcatas
1344 4307 1437 4357 etex
1459 4296 1602 4355 occasio-

239 4382 327 4443 nibus
356 4402 414 4444 non
447 4387 672 4448 contemnendis
696 4402 852 4466 suscepta,
886 4388 1009 4448 inventa
1040 4395 1071 4446 et
1100 4386 1267 4446 constitura
1294 4398 1352 4444 est.
1399 4384 1500 4444 llahet
1523 4385 1603 4445 llaec

241 4471 362 4550 quidem
385 4475 516 4534 assertio
539 4476 827 4538 verisimilitudinem
852 4476 1000 4555 aliquam,
1024 4475 1051 4537 si
1076 4475 1142 4552 quis
1165 4492 1231 4534 eam
1254 4492 1322 4534 cnm
1347 4472 1502 4551 Apollonii
1524 4491 1604 4550 snp-

241 4560 390 4636 posiriooe
415 4563 560 4623 conserat
609 4562 658 4623 Sit
681 4564 758 4624 euim
785 4566 875 4642 juxta
904 4576 1032 4624 mentem
1056 4563 1210 4643 Apollonii
1236 4571 1268 4622 et
1291 4561 1372 4624 ioh.
1397 4561 1603 4623 senemr

242 4646 345 4719 Terra,
377 4650 458 4709 circa
488 4671 555 4712 eam
579 4651 636 4713 M]
665 4652 807 4723 circulus,
836 4673 923 4733 quem
952 4664 1087 4714 centrum
1113 4651 1275 4713 eccentriri
1306 4670 1404 4712 annuo
1431 4662 1513 4711 motu
1541 4651 1603 4710 de·

240 4736 361 4808 scribit,
387 4737 431 4798 ita
450 4750 482 4799 ut
507 4741 587 4800 lines
609 4741 796 4802 exFTerra
819 4742 924 4821 perh]
949 4741 1134 4803 Ecentmm
1158 4739 1451 4818 eccentriciejecta,
1478 4757 1601 4819 semper

241 4824 345 4884 eadem
369 4824 408 4885 sit
432 4845 500 4889 cum
524 4847 577 4901 es,
612 4847 690 4910 quse
718 4848 758 4893 ex
780 4831 806 4892 F
828 4830 923 4891 Terra
950 4849 1004 4911 per
1026 4830 1146 4905 Solem,
1177 4829 1243 4891 sivs
1266 4829 1295 4890 is
1318 4829 1384 4908 ῥυ·
1407 4827 1436 4889 iu
1459 4828 1601 4907 ampliori
