3428 5542
697 319 854 388 stempas
873 321 1023 396 ommim.
1468 318 1534 387 425

179 477 349 542 variatione
371 478 448 540 varii
470 478 551 541 modi
574 479 757 554 reflexiouis,
782 499 859 561 quae
883 486 932 542 est
955 500 975 543 a
997 479 1090 544 variis
1113 480 1337 561 superficiebus.
1383 481 1453 546 Non
1477 500 1535 562 ago
1602 503 1608 512 ¹

175 568 242 648 jam
265 567 302 629 de
326 567 379 630 illa
402 569 575 644 reflexione,
601 586 678 648 quae
703 577 752 631 est
774 589 793 630 a
816 569 972 650 superficie
995 571 1145 649 speculari
1180 576 1212 632 et
1229 570 1396 634 reflectitur
1418 593 1437 633 a
1458 591 1541 652 qno-¹

178 656 254 720 libet
276 656 341 735 ejus
363 664 473 737 puncto
497 657 526 718 in
551 657 668 721 unicum
692 658 802 720 saltem
824 664 983 743 punctum:
1018 660 1073 720 sed
1097 659 1133 720 de
1158 659 1212 721 illa
1234 660 1413 733 reflexione,
1446 680 1534 741 quam

178 745 327 808 ceruimus
355 745 385 806 in
414 745 549 824 quolibet
575 747 709 825 pariete,
742 747 909 827 inaequalis
937 747 1028 809 etiam
1057 756 1088 810 et
1116 766 1243 828 asperae
1272 748 1452 828 superficiei,
1486 749 1535 829 qui

178 835 286 909 lucem,
313 854 372 915 qna
394 835 543 915 pingitur,
567 832 712 897 imbutam
736 854 772 897 eo
796 836 895 897 colore
922 855 1010 917 quem
1033 837 1139 911 habet,
1164 836 1336 917 aqnolibet
1357 843 1468 917 puncto
1489 837 1535 898 sui

177 922 209 984 in
237 930 334 985 totum
362 923 614 1003 hemisphaerium
642 925 782 987 reflectit.
829 924 909 987 Nam
941 925 993 986 lux
1021 945 1040 986 a
1062 925 1149 987 Luna
1177 924 1216 986 ad
1239 944 1294 986 nos
1322 927 1437 988 reflexa
1463 944 1535 1005 per-

180 1011 264 1073 venit
287 1012 359 1098 hoc,
378 1023 437 1073 non
461 1012 513 1074 illo
537 1011 642 1087 modo;
666 1013 743 1074 alias
766 1031 825 1073 non
846 1032 961 1075 comna
983 1014 1013 1075 iu
1033 1014 1130 1083 Luna,
1155 1013 1208 1076 sed
1232 1014 1454 1093 imagunculam
1473 1013 1534 1077 So-

179 1099 219 1163 lis
248 1119 367 1179 semper
389 1101 551 1163 rotundam
579 1119 779 1163 cerneremus.
826 1094 947 1181 Itaque.
966 1101 1153 1181 geometrica
1177 1101 1336 1181 dispositio
1368 1103 1535 1185 superficiei

179 1189 256 1252 nihil
278 1189 327 1251 hic
350 1188 408 1251 nisi
432 1191 510 1252 forte
534 1190 679 1264 maculas,
705 1191 809 1270 quales
833 1191 863 1252 in
886 1191 973 1252 Luna
996 1190 1155 1266 ceruimus,
1180 1190 1283 1253 efficit.
1307 1217 1311 1225 ·

712 1279 842 1340 Thesis
865 1279 1001 1347 XXVII.

268 1363 387 1429 Causae
410 1382 481 1425 vero
506 1365 583 1427 alius
607 1374 698 1447 atque
722 1367 799 1429 alins
823 1367 993 1430 reflexionis
1017 1370 1127 1441 (causa
1141 1367 1299 1447 qualitatis
1321 1367 1352 1428 in
1372 1366 1458 1429 radio
1483 1386 1534 1429 re-

179 1455 273 1529 flexo)
306 1462 377 1517 sunt
409 1454 595 1516 reflectentis
628 1456 796 1533 superficiei
829 1457 955 1519 colores.
1007 1458 1110 1519 Velim
1149 1457 1197 1518 hic
1228 1457 1333 1519 audire
1372 1456 1535 1537 chymicos,

179 1543 320 1624 quidnam
343 1543 460 1605 colores
484 1541 512 1602 in
537 1544 733 1606 terrestribus
756 1546 934 1624 corporibus
954 1546 1062 1607 variet.
1111 1543 1237 1609 Colores
1252 1545 1371 1626 quidem
1395 1544 1481 1606 iridis
1504 1545 1533 1606 in

180 1634 257 1697 duas
281 1631 501 1694 distribuuntur
525 1631 659 1705 classes3
692 1633 793 1695 altera
815 1643 914 1696 ortum
936 1635 1031 1696 habet
1054 1634 1092 1696 ab
1116 1634 1366 1695 obtenebratione
1394 1652 1447 1695 seu
1470 1634 1535 1713 pri·
1610 1645 1611 1648 ’

173 1720 303 1783 ¹ratione
327 1721 427 1790 lueis„
452 1719 550 1780 altera
582 1741 602 1782 a
625 1722 805 1783 refractione
839 1742 892 1784 seu
920 1723 1075 1786 tinctione.
1123 1722 1287 1803 Utriusque
1311 1722 1420 1784 classis
1450 1723 1535 1801 prin-

178 1808 289 1889 cipium
313 1816 361 1870 est
385 1807 423 1870 ab
447 1806 600 1887 ipsissima
623 1810 719 1885 luce,
736 1830 789 1871 seu
813 1811 882 1873 albo
906 1812 1006 1874 calore
1030 1811 1105 1873 lueis
1136 1810 1282 1890 dralqu),
1315 1830 1392 1893 quae
1416 1811 1534 1891 quidem

177 1901 232 1962 lux
253 1898 385 1960 medinm
407 1896 493 1959 iridis
517 1897 660 1960 circulum
683 1899 839 1976 obtinens,
869 1919 937 1961 enm
966 1900 1076 1962 induo
1108 1900 1194 1979 quasi
1223 1908 1319 1962 secat.
1365 1899 1415 1961 Ea
1440 1901 1538 1962 altera

180 2007 310 2068 namque
334 1993 422 2066 parte
446 1985 627 2062 diminuitur,
653 2007 691 2048 ex
714 1989 814 2050 altera
837 1989 1027 2067 refringitur:
1058 1988 1196 2068 utrinque
1220 1989 1342 2051 tandem
1365 1988 1396 2050 in
1420 1991 1536 2068 nigrum

179 2096 235 2140 seu
261 2076 405 2139 tenebras
434 2075 554 2137 desinit.
601 2076 637 2137 In
668 2076 873 2139 diminutionis
901 2078 997 2157 primo
1028 2076 1123 2157 gradu
1153 2078 1187 2139 fit
1220 2078 1315 2152 flava,
1350 2077 1379 2139 in
1405 2078 1536 2139 secundo

180 2166 288 2240 rubea,
318 2173 381 2227 tum
405 2164 506 2226 lusca:
541 2172 573 2226 et
601 2165 728 2245 deniqne
757 2167 853 2246 nigra.
904 2167 988 2228 Idem
1017 2174 1146 2245 apparet
1173 2167 1203 2227 in
1232 2165 1359 2228 nubibus
1388 2164 1460 2228 Sole
1487 2166 1537 2227 vel

179 2274 291 2318 occaso
319 2254 368 2315 vel
399 2252 521 2314 orituro.
568 2254 653 2315 Idem
680 2255 709 2315 in
739 2255 840 2318 stellis
868 2255 950 2318 circa
972 2255 1172 2329 horizontem,
1207 2255 1284 2316 idem
1313 2256 1341 2316 in
1371 2255 1536 2334 eclipsibus

182 2342 356 2416 Solsribns;
385 2360 452 2404 cum
479 2341 558 2403 oculi
581 2342 690 2418 nostri,
723 2343 883 2424 inquibus
913 2351 961 2405 est
984 2345 1058 2406 haec
1087 2344 1224 2415 fallacia,
1256 2342 1356 2405 subito
1379 2343 1536 2422 privantur

177 2433 247 2495 lnce
271 2431 362 2494 Solis.
408 2431 443 2492 In
474 2431 644 2516 reflexionis
668 2450 738 2493 vero
762 2434 858 2512 primo
882 2433 993 2514 gradu,
1027 2432 1150 2507 viridis,
1182 2440 1254 2512 post
1282 2431 1434 2506 caerulea,
1467 2432 1534 2493 dein

177 2540 343 2603 purpurea,
377 2526 409 2582 et
439 2519 566 2600 denique
595 2520 714 2581 omnino
742 2522 830 2601 nigra
859 2541 912 2583 sen
940 2520 1140 2607 obtenebrata
1162 2521 1303 2583 cernitur.
1352 2517 1429 2583 Cum
1456 2539 1534 2602 *ergo

178 2609 228 2672 hic
257 2609 299 2671 sit
326 2609 399 2670 ordo
422 2607 501 2670 inter
529 2609 645 2671 colores
675 2609 704 2670 in
735 2610 825 2672 iride:
857 2617 1092 2672 consentaneum
1121 2618 1170 2671 est
1197 2609 1323 2672 eundem
1352 2627 1420 2671 esse
1450 2610 1535 2671 otiu

179 2697 359 2772 reflexione3
389 2704 423 2759 ut
453 2695 616 2758 fortissime
644 2698 760 2760 radium
789 2700 929 2761 reflectat
955 2698 1127 2779 superficies
1156 2699 1244 2773 alba;
1276 2706 1348 2777 post
1370 2697 1474 2760 viridis
1505 2705 1537 2759 et

178 2789 276 2862 flava3
302 2795 365 2849 tum
380 2786 520 2847 caerulea
543 2793 575 2847 et
589 2786 699 2861 rubea;
724 2787 792 2850 dein
806 2806 958 2868 purpurea
976 2795 1007 2850 et
1026 2790 1125 2862 lusca3
1150 2786 1334 2850 debilissimo
1354 2804 1425 2849 vero
1441 2786 1535 2866 nigra.

703 2876 835 2939 Thesis
858 2877 1009 2940 XXVIII.

270 2962 367 3042 NIger
395 2969 497 3024 antem
526 2963 645 3025 fortiter
674 2965 845 3028 illustratus
873 2966 997 3028 rubeum
1024 2963 1142 3046 spargit
1173 2964 1300 3027 radium.
1347 2964 1382 3025 Id
1411 2971 1538 3044 apparet

179 3071 220 3115 ex
243 3051 398 3133 chalybeis
422 3051 569 3131 speculis,
600 3051 650 3114 ubi
673 3053 761 3117 faciei
786 3055 868 3118 color
892 3055 978 3116 albus
1011 3062 1043 3116 et
1066 3053 1179 3133 speculi
1203 3053 1288 3134 niger
1312 3053 1428 3115 confusi
1452 3053 1536 3116 rubi-

178 3140 354 3204 cundiorem
377 3146 608 3219 repraesentant
631 3141 747 3204 faciem.
795 3142 896 3215 Quare
921 3144 1088 3206 rectissime
1117 3142 1183 3222 quis
1208 3143 1318 3204 Martis
1342 3142 1465 3204 stellam
1488 3142 1536 3203 di-

176 3230 259 3293 xerit
281 3229 437 3309 superficie
460 3228 549 3308 nigra
578 3230 749 3309 praeditam
774 3252 853 3307 esse,
879 3251 945 3294 cum
969 3231 1070 3294 radius
1094 3231 1159 3309 ejus
1184 3231 1225 3293 sit
1237 3232 1328 3293 valde
1345 3231 1536 3293 rubicundus.

177 3318 365 3380 Debilitatur
387 3318 479 3397 igitur
503 3319 568 3398 ejus
591 3320 705 3382 reflexa
728 3322 795 3396 lux,
825 3341 882 3383 non
907 3321 998 3400 igitur
1021 3320 1147 3381 multum
1169 3320 1341 3394 humectat,
1367 3328 1399 3382 et
1421 3320 1451 3381 in
1475 3320 1533 3381 hu-

178 3408 272 3470 moris
296 3407 416 3469 defectu
439 3415 497 3468 est.
542 3406 659 3469 Eodem
683 3409 792 3471 coloris
815 3417 847 3470 et
870 3408 1103 3471 humectationis
1128 3417 1304 3488 argumento
1324 3408 1456 3470 Saturno
1479 3408 1537 3469 tri-

178 3496 306 3559 buemus
331 3495 431 3557 albam
454 3503 486 3558 et
510 3516 648 3576 asperam
673 3499 869 3577 superficiem,
896 3499 965 3577 quia
980 3499 1079 3560 colore
1095 3506 1144 3559 est
1156 3497 1306 3577 plumbeo,
1329 3497 1400 3559 Jovi
1414 3497 1538 3558 rubeam

178 3586 229 3648 vel
254 3603 449 3665 purpuream,
484 3586 555 3665 quia
578 3588 674 3648 flavus
699 3586 840 3648 subrufus
855 3595 1007 3666 apparet,
1038 3586 1150 3648 Veneri
1175 3588 1286 3648 flavam
1308 3587 1358 3647 vel
1382 3584 1483 3647 albam
1506 3593 1538 3646 et

179 3673 467 3754 aequabilissimam,
492 3694 559 3738 cum
583 3675 714 3737 omnium
737 3676 779 3738 sit
801 3676 1016 3756 pulcherrima:
1041 3675 1190 3738 Mercurio
1208 3673 1377 3736 caeruleum
1400 3673 1538 3735 velviri-

178 3764 258 3834 dem,
282 3783 349 3830 oum
373 3769 536 3843 argenteus
560 3772 724 3863 appareat,
749 3766 847 3845 magis
871 3763 1086 3827 scintillatione
1110 3785 1163 3827 sen
1187 3765 1281 3827 diluto
1307 3764 1423 3843 fulgore
1447 3782 1536 3843 qnam

178 3853 280 3915 colore
304 3852 414 3914 clarus.
1312 3888 1313 3894 κ

723 3940 856 4003 Thesis
879 3936 998 4005 XXIX.

269 4029 337 4090 Lux
359 4026 482 4109 propria
499 4028 621 4110 quidem
645 4028 712 4108 ipsa
736 4030 827 4091 etiam
850 4031 986 4093 variatur
1008 4047 1063 4111 per
1086 4028 1272 4109 superficiem
1293 4027 1438 4109 eorporis,
1462 4029 1540 4091 unde

179 4118 273 4193 venit,
298 4125 332 4179 nt
355 4117 446 4179 alium
470 4126 502 4179 et
525 4117 615 4179 alium
639 4119 770 4179 colorem
793 4119 1098 4199 repraesentet:·sed
1122 4118 1234 4198 gradus
1257 4117 1452 4180 calfactoriae
1476 4118 1539 4178 vir-

178 4209 256 4270 tutis
281 4205 457 4288 adipiscitur
481 4207 519 4269 ab
543 4207 650 4268 intima
673 4207 806 4286 corporis
831 4210 876 4271 sui
901 4208 1107 4288 dispositione.
1156 4205 1218 4269 Sed
1232 4214 1332 4269 tamen
1358 4207 1426 4286 ipsa
1443 4207 1537 4268 etiam

179 4294 355 4376 superficies
389 4295 426 4356 de
454 4295 588 4375 corporis
622 4296 818 4375 dispositione
849 4305 998 4360 testatur:
1032 4305 1067 4358 nt
1099 4296 1363 4374 itahumectandi
1394 4295 1489 4356 virtus
1520 4315 1539 4355 a

178 4384 360 4449 callactoria
388 4384 605 4464 quodammodo
636 4384 814 4464 dependeat
861 4388 907 4448 Ao
936 4406 1010 4447 saue
1039 4385 1066 4446 si
1089 4384 1171 4445 color
1199 4386 1370 4446 interventu
1399 4384 1476 4446 lucis
1501 4383 1540 4445 ab

180 4492 242 4537 uno
267 4491 394 4554 corpore
417 4472 447 4534 in
472 4474 601 4536 alienum
625 4474 782 4535 transferri
806 4481 839 4535 et
861 4475 1024 4555 propagari
1046 4480 1158 4553 potest,
1183 4472 1325 4534 credibile
1341 4480 1390 4535 est
1413 4480 1444 4534 et
1463 4472 1540 4533 alias

178 4563 345 4645 qualitates
367 4580 474 4642 posse;
499 4564 536 4624 de
560 4563 660 4623 calore
685 4563 764 4624 enim
788 4564 988 4626 certissimum
1012 4573 1069 4624 est.
1117 4561 1203 4624 Unde
1223 4580 1313 4642 quam
1328 4561 1452 4641 quisque
1467 4562 1538 4640 pla-

179 4658 253 4713 neta
280 4651 423 4714 vittmem
450 4651 480 4713 iu
512 4651 620 4713 effectu
650 4659 799 4727 ostentat,
834 4653 900 4731 ejus
924 4652 1073 4731 analogon
1103 4649 1235 4730 aliquam
1255 4649 1485 4729 dispositionem
1508 4649 1538 4709 in

178 4739 246 4822 ipso
269 4741 412 4819 planetae
437 4758 561 4820 corpore
590 4758 659 4801 esse
683 4747 918 4802 consentaneum
942 4740 1071 4802 videtur.
1118 4738 1207 4810 Quod
1235 4738 1261 4800 si
1287 4739 1383 4800 locum
1408 4738 1535 4812 obtinet,

155 4830 221 4894 'sd
241 4828 395 4894 mirabilia
417 4829 547 4892 artificia
568 4847 658 4891 mauu
681 4829 790 4893 ducere
819 4847 875 4893 nos
903 4836 1017 4916 potest.
1064 4828 1161 4892 Verbi
1184 4827 1285 4908 gratia
1311 4845 1367 4906 per
1389 4833 1540 4890 aestatem
1633 4882 1635 4886 Α
