3428 5542
172 286 238 356 654
696 289 830 365 ῑεθιᾱ*
846 290 1004 357 Meam

171 450 307 506 manibus.
348 449 411 520 Ego
431 451 465 503 de
486 466 549 505 mea
569 451 709 506 tenuitate
728 454 839 515 addam,
869 468 942 522 quae
962 454 996 506 ad
1017 452 1187 507 ferundam
1205 449 1446 506 mmo-en
1466 449 1537 507 haur

72 540 78 559 ¹
172 530 311 601 pertinere
332 529 486 582 arbitratus
507 531 594 583 luero.
638 532 778 593 Quaedam
805 539 870 585 snut
899 531 1022 600 majora,
1050 548 1132 602 quarn
1160 538 1194 583 ut
1218 531 1402 600 providentia
1429 533 1538 601 possint

172 610 277 665 averti:
308 616 338 661 et
365 608 410 661 ubi
439 610 679 679 deprecationibus
708 611 798 682 magis
825 612 971 683 agendum.
1013 612 1083 666 Nam
1114 611 1137 666 si
1167 611 1273 664 coelum
1303 618 1388 674 ruat,
1420 610 1483 681 qais
1508 610 1536 664 ia

172 689 264 743 Terris
286 694 363 741 tutus
385 705 446 741 esse
468 689 590 757 poterit?
624 694 663 742 At
683 690 706 743 si
727 692 798 744 haec
817 691 901 753 ratis,
928 689 956 744 in
984 707 1040 760 qua
1070 707 1130 745 cum
1157 689 1253 760 aliqua
1281 704 1367 744 manu
1395 689 1534 743 hominum

173 768 292 839 navigo,
324 784 453 837 superum
479 769 522 821 ira
547 779 705 840 mergatur:
728 770 787 839 jam
809 772 842 823 de
863 770 1022 835 natatione,
1055 771 1159 824 tabulis
1189 776 1220 822 et
1240 777 1324 837 portu
1344 769 1535 841 cogitandu-

172 847 351 903 Natationem
367 847 428 915 jam
449 848 533 901 semel
554 848 741 903 difficillimam
761 867 821 903 sum
841 855 989 917 expertum
1020 851 1135 904 tabulae
1165 847 1232 904 milri
1251 856 1282 903 et
1307 847 1393 913 remi,
1422 847 1478 901 lroc
1496 860 1537 900 est

173 927 345 990 substantia,
373 928 421 979 dos
451 936 481 980 et
505 927 664 982 haereditas
694 929 788 983 uxoris
814 929 900 983 omnis
922 945 992 998 pene
1013 930 1105 984 adhue
1124 929 1216 984 estin
1236 927 1342 996 Styri&
1387 928 1435 981 De
1455 935 1536 997 portu

174 1007 231 1060 scio
252 1014 280 1060 te
301 1005 451 1059 rectissime
472 1008 668 1072 consulturum,
690 1009 735 1078 qui
756 1016 804 1063 sat
823 1008 910 1070 nosti,
933 1025 984 1060 nec
1003 1026 1111 1062 omnem
1130 1008 1197 1063 milri
1215 1009 1302 1062 lioere
1323 1006 1415 1071 adire,
1436 1014 1468 1059 et
1487 1023 1534 1060 ax·

173 1086 267 1156 pedire
288 1086 355 1140 meis
376 1086 492 1149 studiis,
522 1094 554 1140 ut
579 1105 661 1157 quarn
689 1088 825 1142 minimum
847 1087 951 1141 talibus
971 1087 1179 1142 inundationum
1199 1086 1331 1158 procellis
1351 1086 1492 1147 terim,
1511 1085 1537 1137 ia

175 1183 256 1235 quem
276 1182 318 1218 me
339 1181 400 1218 sum
420 1174 591 1235 recepturus.
632 1168 687 1221 Sed
716 1170 750 1220 de
770 1167 826 1221 illis
851 1166 918 1221 meis
946 1167 1044 1232 remia,
1074 1168 1127 1221 hoc
1153 1175 1199 1223 eat
1226 1169 1260 1221 de
1288 1166 1398 1220 dilecta
1423 1165 1537 1235 pecunia

171 1247 260 1299 dicam
274 1246 363 1313 plura.
393 1246 519 1299 Mortuus
533 1253 577 1299 est
591 1253 658 1300 ante
675 1247 812 1301 biennium
826 1263 905 1300 socer
924 1263 1009 1310 meus,
1031 1247 1137 1300 relictis
1157 1246 1235 1300 bouis
1255 1245 1450 1299 immobilibus
1469 1260 1534 1298 nae

173 1342 227 1385 non
248 1325 452 1378 contemnendis
477 1343 532 1378 uno
557 1326 668 1380 milliari
690 1326 763 1380 infra
783 1326 936 1380 Graetium.
967 1326 1036 1380 Nam
1059 1327 1140 1380 uxori
1161 1341 1240 1379 meae
1261 1341 1314 1394 pro
1334 1325 1442 1394 quinta
1460 1330 1538 1392 parte

172 1420 279 1457 summa
298 1402 380 1456 trium
400 1405 515 1457 millium
535 1423 572 1458 ex
594 1406 787 1460 aestimatione
808 1407 958 1458 haeredum
978 1407 1104 1459 debetur.
1137 1408 1217 1459 Bona
1236 1403 1321 1458 dividi
1341 1420 1402 1458 nou
1423 1410 1538 1473 possm

172 1501 221 1537 seu
243 1483 397 1537 conditione
419 1499 471 1537 sua
491 1501 540 1537 seu
561 1485 717 1553 pertinacia
731 1502 852 1540 meorum
866 1484 997 1539 affinium.
1024 1485 1054 1538 Si
1074 1487 1238 1548 vendantur,
1260 1483 1386 1552 pretium
1408 1482 1473 1536 vile
1487 1480 1537 1535 erit

173 1565 201 1616 in
223 1569 304 1615 tauta
324 1564 442 1630 penuria
462 1573 596 1618 emtorum
617 1566 669 1618 hoc
690 1572 822 1634 ternpore.
866 1563 996 1627 Quamvis
1016 1566 1071 1619 huo
1091 1582 1145 1636 ego
1167 1563 1311 1628 inclinem,
1341 1563 1368 1617 si
1389 1561 1538 1634 magistra·

173 1651 232 1697 tum
252 1643 384 1695 haberem
406 1644 545 1697 faventem
567 1645 603 1697 sd
623 1644 823 1714 impetrandam
844 1643 1013 1698 divisionem.
1045 1644 1117 1700 Nam
1137 1642 1288 1704 communio
1305 1640 1472 1712 perniciosa
1484 1650 1537 1693 est:

174 1729 239 1775 sunt
260 1722 331 1774 enim
351 1723 515 1776 molendina
558 1723 683 1785 Quonam
702 1723 790 1794 igitur
809 1729 894 1793 paeto
916 1723 990 1777 bona
1010 1725 1083 1788 ista,
1105 1739 1188 1795 quam
1206 1720 1266 1777 fieri
1285 1728 1406 1793 potest,
1433 1718 1538 1775 airino

174 1804 274 1854 damno
296 1801 323 1852 in
344 1817 433 1854 ineam
453 1808 623 1870 potestatem
643 1803 785 1874 redigam,
816 1803 863 1857 diu
878 1801 939 1872 jam
968 1805 1018 1857 sed
1044 1803 1150 1858 frustra
1176 1802 1311 1857 delibero.
1353 1800 1448 1855 Video
1479 1799 1539 1853 nili

176 1881 335 1949 adjumento
363 1881 486 1935 futuram
514 1882 587 1936 hano
612 1899 702 1936 mam
722 1882 903 1937 conditionem
928 1882 1048 1937 aulicam
1068 1882 1142 1937 etsi
1161 1883 1227 1952 quid
1245 1881 1446 1950 inceptorem,
1472 1895 1538 1933 eora-

175 1960 364 2014 rnendationes
384 1960 465 2014 inde:
496 1963 545 2014 sed
566 1962 708 2017 consilium
729 1963 788 2031 ipse
809 1963 928 2016 formare
948 1969 979 2016 et
999 1961 1162 2032 principium
1183 1959 1288 2032 agendi
1312 1958 1444 2015 iuvenire
1464 1959 1494 2013 iu
1510 1974 1538 2012 re

176 2050 234 2095 tam
254 2040 393 2109 perplexe
412 2058 467 2094 non
487 2057 607 2110 possum.
634 2042 721 2096 Nulla
740 2041 847 2112 quidem
867 2041 980 2110 privata
999 2040 1103 2095 invidia
1121 2058 1226 2112 gravor
1245 2041 1275 2094 iu
1296 2040 1369 2095 eota
1389 2038 1538 2095 Graeoeui

175 2128 206 2172 et
226 2136 316 2188 spero,
339 2119 361 2171 si
383 2136 465 2172 unum
487 2121 605 2190 aliquem
627 2139 664 2175 ex
684 2122 841 2191 praecipuis
862 2121 1026 2191 praesertim
1047 2139 1084 2175 ex
1105 2121 1246 2193 regiminis
1267 2121 1407 2175 haberem
1426 2135 1479 2189 per
1496 2134 1539 2171 ea·

175 2201 327 2269 juscunque
348 2200 401 2253 mei
421 2201 539 2254 fautoris
559 2200 696 2270 privatam
717 2200 985 2263 commendationem,
1008 2215 1026 2253 a
1045 2200 1112 2255 meis
1130 2201 1256 2272 partibus
1275 2200 1470 2254 astronomiae
1487 2212 1539 2250 naa

176 2281 333 2333 ferentem:
361 2296 444 2349 posse
466 2282 609 2350 negotium
629 2281 738 2345 confici,
768 2296 819 2349 pro
846 2297 900 2349 quo
928 2296 982 2350 ego
1003 2297 1057 2334 non
1077 2296 1167 2334 essem
1187 2279 1329 2351 ingratus.
1372 2279 1459 2333 Alter
1478 2293 1538 2329 rere

175 2358 265 2427 major
285 2376 327 2412 me
348 2359 493 2428 scrupulus
515 2368 607 2431 urget.
648 2360 782 2431 Privigna
810 2360 876 2413 mihi
903 2366 948 2412 est
977 2359 1023 2413 lrio
1053 2360 1161 2431 quidem
1181 2360 1295 2430 Pragae
1327 2360 1407 2429 apud
1428 2365 1538 2412 natm

177 2455 256 2492 suam
277 2438 363 2508 (quod
384 2439 412 2492 in
432 2440 558 2493 beneficii
578 2448 660 2509 parte
682 2455 805 2510 agnosco
826 2439 867 2493 ita
885 2438 1047 2507 permissum
1068 2435 1155 2503 esse),
1181 2437 1261 2507 cujus
1290 2438 1368 2493 bona
1399 2437 1430 2491 in
1449 2436 1538 2507 Styri·

177 2520 228 2571 sub
251 2520 389 2572 tutoribus
410 2526 476 2571 sunt
496 2537 551 2572 non
571 2520 681 2574 minoris
703 2519 851 2573 aestimata
870 2520 964 2571 decem
984 2517 1099 2572 millium
1119 2520 1153 2572 de
1174 2516 1275 2587 potiori
1297 2524 1384 2588 parte
1411 2532 1538 2587 praeseu-

178 2599 213 2651 tis
233 2599 379 2668 pecuniae.
417 2599 536 2669 Propter
557 2599 690 2654 alimenta
708 2599 771 2667 ejus
791 2597 939 2667 privignae
960 2598 1096 2652 debentur
1115 2597 1181 2652 mihi
1200 2596 1353 2668 quotannis
1375 2597 1416 2650 ad
1437 2595 1475 2651 'to
1495 2595 1538 2648 do·

176 2694 257 2731 renos
277 2679 435 2746 praesentis
456 2680 607 2749 pecuniae,
634 2686 664 2732 et
688 2685 840 2749 praeterea
865 2693 930 2730 usur
959 2677 1064 2731 fructus
1090 2677 1188 2732 vineae
1213 2683 1245 2730 et
1273 2676 1390 2731 aedium
1415 2675 1447 2730 iu
1465 2675 1538 2729 urbe.

175 2757 229 2812 llic
249 2774 304 2811 non
325 2765 433 2812 tantum
453 2777 526 2813 uxor
545 2775 608 2813 mea
628 2759 747 2813 sollicite
767 2751 868 2820 instat,
895 2763 927 2809 ut
947 2756 992 2809 rel
1013 2757 1114 2811 saltem
1134 2756 1258 2828 aliquam
1276 2755 1442 2826 portionem
1462 2763 1540 2809 extra

175 2837 276 2891 limites
296 2837 408 2908 Styriae
430 2845 536 2894 tutores
558 2841 700 2910 deponant
719 2844 834 2908 propter
854 2835 1048 2893 securitatem:
1080 2853 1197 2908 aequum
1216 2835 1293 2890 enim
1312 2851 1399 2899 ease,
1431 2842 1465 2890 ut
1483 2835 1541 2904 ipa

176 2934 283 2988 quoque
305 2918 332 2971 in
353 2925 434 2988 parte
456 2921 564 2973 tutelae
585 2919 638 2982 sit,
669 2934 758 2989 neque
779 2919 879 2970 absens
905 2923 935 2968 et
959 2916 1068 2969 omnino
1090 2932 1109 2970 a
1128 2914 1299 2970 conscientia
1319 2915 1410 2985 huju
1431 2912 1540 2969 adniti·

175 2997 319 3050 strationis
339 3004 454 3063 remota,
477 2999 542 3053 olim
562 2999 712 3069 neglectae
732 3003 876 3050 maternae
894 2995 1086 3064 providentiae
1106 2995 1230 3050 mansuri
1243 2994 1353 3066 possit3
1376 2992 1540 3065 praesertin

176 3093 237 3130 cum
259 3084 375 3140 constet,
399 3077 517 3132 alterurn
538 3087 660 3132 tutorum
681 3077 789 3147 aliquot
808 3075 896 3128 millia
915 3073 1001 3144 hujus
1021 3075 1178 3144 praesentia
1197 3075 1336 3146 peuniae
1350 3082 1453 3129 mutuo
1473 3088 1540 3128 su}

176 3157 245 3208 sisse
267 3164 296 3208 et
317 3157 433 3226 praedia
452 3174 503 3227 pro
523 3176 555 3211 se
575 3159 675 3215 emisse
695 3167 749 3210 non
779 3156 923 3210 admodum
953 3161 1031 3217 tuta;
1062 3156 1112 3208 red
1138 3153 1224 3208 etiarn
1242 3153 1307 3225 ipse
1325 3168 1386 3227 ego
1404 3153 1541 3226 talequfl

175 3235 308 3305 percupio
328 3237 403 3300 fieri,
426 3247 458 3291 ut
477 3237 502 3290 si
522 3255 576 3309 quo
597 3239 709 3309 longius
730 3253 749 3290 a
768 3235 865 3307 Styria
885 3235 992 3298 abeam,
1015 3234 1215 3304 expeditiorem
1235 3235 1360 3291 habeam
1381 3234 1541 3306 pensionem

175 3316 272 3376 illam,
293 3317 326 3368 de
348 3332 404 3385 qua
424 3319 502 3371 modo
523 3317 590 3372 dixi.
632 3319 703 3373 Nam
723 3316 776 3369 hoc
796 3315 905 3385 quidem
925 3322 1049 3384 tempore
1070 3313 1257 3387 cogitationes
1277 3331 1360 3370 meaa
1383 3314 1540 3369 diatrahuu·

175 3403 229 3459 tur,
252 3401 283 3448 ut
303 3394 346 3448 ita
364 3395 487 3449 intentus
508 3415 570 3451 esse
591 3399 627 3451 ad
647 3397 741 3451 suedia
760 3413 816 3449 non
835 3392 947 3465 possim,
964 3392 1027 3462 jam
1045 3410 1097 3463 pro
1116 3394 1179 3448 dote
1197 3394 1294 3448 uxoris
1313 3393 1468 3459 sollicitus,
1485 3392 1541 3465 jn

174 3491 269 3528 curam
290 3490 379 3545 agens
400 3476 507 3531 aedium
527 3476 683 3548 privignae,
701 3476 762 3545 Jam
780 3476 879 3529 vineae
898 3473 1035 3527 culturam
1053 3480 1188 3539 tractans,
1202 3473 1266 3544 jam
1284 3473 1429 3529 alimenta
1441 3472 1541 3528 «eus

176 3555 264 3608 literis
286 3571 442 3624 reposcens.

264 3635 344 3687 Haec
357 3633 448 3688 omnia
462 3634 578 3707 negotia
591 3633 858 3703 multiplicabuntur,
879 3632 946 3685 fient
960 3632 1052 3686 omnia
1064 3631 1218 3686 difficiliora
1236 3632 1385 3703 expeditu,
1409 3632 1542 3704 sier-ga

177 3714 340 3767 discessero.
373 3714 503 3769 lliserum
524 3731 576 3779 me,
598 3715 642 3768 cui
662 3715 732 3767 haec
753 3713 817 3767 olim
838 3712 906 3765 satis
928 3712 1073 3782 splendida
1088 3712 1150 3782 Jam
1172 3710 1241 3765 nulli
1266 3720 1335 3766 sunt
1354 3714 1441 3778 usui,
1464 3726 1540 3786 qm

176 3801 209 3846 ut
229 3792 409 3846 difficiliorem
430 3796 547 3848 reddant
568 3793 754 3848 oeconomiam
781 3801 867 3864 utque
893 3808 1008 3845 uxorem
1036 3799 1066 3845 et
1094 3792 1251 3864 privignam
1270 3792 1356 3848 lauta
1376 3792 1448 3848 olim
1467 3794 1496 3849 iu
1514 3807 1542 3844 re

177 3872 334 3926 sumtiosius
355 3873 438 3927 alam

267 3953 345 4005 llaec
365 3953 469 4024 itaque,
491 3961 522 4008 ut
543 3953 621 4008 initio
642 3953 708 4017 diri,
730 3954 765 4007 sd
786 3952 956 4006 formandum
977 3950 1119 4006 consilium
1136 3950 1277 4021 pertinere
1296 3966 1359 4007 sum
1376 3951 1540 4007 arbitratu

177 4033 310 4101 Tempus,
338 4039 370 4085 ut
395 4035 430 4085 ad
455 4033 641 4102 pulcherrima
663 4042 760 4087 nostra
785 4031 878 4085 studia
903 4047 1056 4084 sermonem
1076 4031 1252 4086 transieram.
1304 4035 1357 4100 (tx
1376 4038 1459 4091 Ιιιώ
1476 4037 1540 4089 ιι

179 4109 220 4157 ιι.
238 4110 297 4160 ren
321 4106 407 4170 roos).

267 4195 340 4246 Breri
358 4204 414 4260 post
433 4195 507 4259 (Μή.
529 4193 608 4258 1603)
628 4199 732 4248 nunciat
749 4195 872 4260 Keplerut
891 4195 1036 4253 lienum,
1055 4211 1155 4247 uxorem
1173 4208 1244 4245 auam
1262 4196 1289 4246 iu
1309 4193 1427 4261 Styriarn
1446 4198 1540 4250 alib·

177 4275 205 4317 ut
224 4281 339 4317 resenas
358 4269 413 4332 ipsa
431 4276 537 4318 curant
573 4267 756 4319 llervartns
775 4266 811 4329 (d.
833 4264 875 4314 17.
894 4266 952 4316 Jun.
974 4261 1056 4328 1603)
1074 4266 1138 4318 haec
1156 4265 1295 4331 respoudit:

266 4354 342 4404 Edler
359 4355 508 4406 Ehrnrestor
526 4355 576 4405 und
594 4355 796 4421 floengetehrter.
832 4354 903 4406 Eueh
929 4355 1000 4404 seint
1027 4357 1110 4407 melna
1131 4352 1313 4421 ueundvtltg·
1339 4354 1439 4409 mont
1463 4356 1540 4411 ur«.

177 4425 279 4475 sonders
296 4426 373 4475 lieber
391 4425 456 4475 llerr
472 4425 524 4475 und
541 4435 614 4492 guter
631 4428 737 4478 Freund.

267 4513 311 4562 Ich
338 4514 387 4564 hab
415 4516 459 4563 urit
486 4514 541 4563 dem
566 4514 647 4564 llerru
670 4513 745 4564 Peter
771 4514 859 4574 Casal,
886 4514 955 4565 aaa
978 4514 1029 4564 und
1056 4511 1214 4564 &murteo
1238 4511 1264 4563 J.
1284 4512 1314 4563 ἲ.
1334 4513 1369 4565 D.
1400 4514 1540 4569 reflat

178 4598 225 4632 von
245 4583 388 4639 Oosuoielt.
413 4600 500 4649 regen
519 4585 564 4634 des
581 4584 662 4635 Herm
680 4585 984 4651 Ertsehafflandlungan
1002 4584 1113 4651 guadet»
1148 4583 1183 4634 Er
1205 4584 1253 4633 hat
1273 4584 1331 4635 aaa
1350 4587 1486 4646 uhtu,
1503 4586 1539 4637 Η

179 4655 662 4706 dauSachenaeinBestssauthun.
700 4657 826 4706 Alavird
851 4655 976 4707 derllarr
1001 4655 1248 4711 nlullanlraan.
1275 4656 1540 4709 ηΗιιΝὴ

178 4726 401 4782 ιοιὴιιιθιοιι,
429 4726 745 4781 neumenia-en.
770 4727 988 4778 medeam
1012 4725 1465 4795 “lantolt-lunula
1497 4727 1539 4779 U

179 4796 1539 4864 tilletordstullauuitrerhalmdnuiiamhnl'mntfflcffl
