3428 5542
702 306 785 372 cmm
800 307 879 359 xm
1351 359 1357 370 .
1409 311 1472 379 183

112 460 162 540 qui
183 462 302 542 penitus
330 465 411 528 idem
431 473 620 529 statuerunt.
669 469 785 547 Nempe
808 468 1002 530 Ptolemaeus
1024 469 1055 530 D
1082 476 1219 533 oenhum
1248 473 1407 550 aequautis
1438 483 1473 536 et

91 550 140 652 „B
161 560 293 614 centrum
319 554 387 615 viae
409 555 604 634 planetariae
629 555 711 618 fecit.
759 556 945 636 Copernicus
968 576 1040 618 vero
1068 557 1197 620 circaC
1226 568 1375 635 centrum,
1406 581 1473 624 ms-

111 637 192 700 dinm
214 640 291 702 inter
314 643 343 702 D
369 644 471 717 etB,
505 654 675 706 eccentrum
710 646 841 706 eccenrri
872 646 920 706 vel
952 648 1240 734 ecoentrepicyclum
1269 648 1471 715 circumducit

111 726 149 788 Ei
172 747 244 806 ergo
265 730 309 803 tit,
333 725 367 792 ut
389 732 439 793 via
462 734 603 812 planetae
627 735 669 795 sit
684 755 772 814 qnam
788 735 923 813 proxime
938 733 1062 808 EFGH,
1088 730 1141 796 sed
1166 745 1265 799 motus
1290 739 1470 818 aequalitas,

111 815 221 879 sicut
211 807 305 897 rpsius
329 819 445 882 orbis'
438 821 607 884 intermedii
637 822 716 884 inter
738 819 853 885 EFGH
884 832 915 884 et
938 823 1046 886 IKLM
1075 824 1223 900 circaO,
1257 826 1302 888 ita
1328 828 1471 906 planetae

111 905 257 980 circaD,
281 908 443 986 reguletnr.
464 903 507 982 ⁶¹)

201 954 332 1059 Causam
354 997 459 1074 habes,
485 1018 537 1061 cur
552 999 710 1079 aequastis
729 1007 864 1062 centrum
888 1005 975 1078 parte
1000 1001 1092 1063 tertia
1116 1003 1353 1065 eccentricitatis
1378 1002 1471 1096 totins

111 1104 129 1143 a
153 1094 258 1156 centro
283 1085 440 1148 eccentrici
464 1087 567 1150 distet.
585 1087 612 1162 ει)
649 1088 766 1168 Nempe
790 1089 916 1149 muudus
940 1096 1022 1149 totus
1046 1087 1145 1151 anirnri
1165 1091 1270 1171 plenus
1291 1101 1369 1167 esto,
1394 1112 1470 1175 quaa

110 1173 224 1252 rapiat,
250 1174 387 1255 quioquid
410 1176 589 1255 adipiscitur
613 1176 770 1239 stellarum
794 1179 858 1238 sive
883 1187 1080 1251 cometarum,
1106 1181 1194 1281 idque
1219 1200 1255 1241 ea
1279 1181 1468 1259 pernicitate,

109 1280 200 1363 quarn
223 1263 347 1342 requirit
370 1264 427 1325 loci
451 1286 470 1327 a
494 1264 565 1327 Sole
590 1266 738 1328 distantia
762 1275 793 1327 et
816 1266 855 1327 ibi
881 1265 1026 1327 fortitudo
1051 1268 1181 1329 vir.tntis
1197 1273 1224 1340 ⁶)
1263 1269 1379 1332 Deinde
1404 1282 1470 1335 esto

109 1350 139 1411 in
163 1351 298 1431 quolibet
320 1353 444 1432 planeta
467 1356 627 1434 peculiaris
655 1355 774 1430 anima,
805 1355 890 1434 eujds
920 1355 1043 1434 remigio
1073 1358 1164 1418 stella
1191 1358 1369 1420 ascendat
1326 1367 1391 1420 tm
1415 1378 1469 1422 suo

109 1440 243 1502 ambitu:
269 1450 299 1502 et
323 1442 444 1503 orbibus
468 1445 592 1506 remotis
617 1446 720 1506 eadem
745 1452 917 1523 sequentur.

196 1531 299 1609 Atque
324 1530 398 1591 haec
422 1532 460 1591 de
484 1542 650 1612 aequante,
685 1532 734 1594 ubi
763 1532 893 1612 legerint
922 1532 1032 1611 aliqui,
1062 1533 1124 1594 scio
1152 1534 1293 1612 gestient.
1340 1535 1420 1595 Nam
1443 1535 1469 1596 si

108 1616 254 1680 mirantur
269 1620 432 1681 astronomi
448 1621 655 1682 Ptolemaeum
669 1621 942 1685 indemonstratam
964 1621 1108 1683 sumsisse
1132 1621 1208 1683 hanc
1233 1623 1358 1684 eandem
1382 1642 1469 1684 men·

108 1726 208 1768 suram
232 1707 327 1770 centri
351 1709 519 1788 aequantia,
545 1711 637 1770 multo
661 1711 758 1789 magis
777 1710 843 1788 jam
867 1708 1053 1770 mirabuntur
1072 1710 1201 1790 quidam,
1226 1712 1320 1773 inisse
1344 1730 1468 1774 cansam
1530 1705 1533 1711 ’

107 1796 196 1875 huius
219 1794 280 1869 rei,
315 1815 456 1876 neque
435 1804 537 1860 tamen
561 1799 597 1861 de
622 1818 659 1859 ea
682 1799 857 1859 Ptolemaeo
888 1797 1076 1874 suboluisse,
1108 1820 1173 1862 cum
1201 1800 1299 1880 ipsam
1328 1799 1468 1874 remita,

107 1884 150 1945 uti
175 1884 286 1958 habet,
320 1892 471 1959 sumeret,
503 1895 534 1948 et
568 1887 653 1967 quasi
682 1887 782 1949 divino
812 1895 885 1947 nutu
914 1906 1022 1948 caecus
1051 1889 1090 1951 ad
1119 1889 1215 1950 locum
1239 1888 1322 1951 debit
1309 1896 1374 1951 tum
1395 1907 1468 1969 par-

106 1972 233 2056 veniret.

196 2060 258 2124 Sed
289 2069 389 2123 tamen
419 2080 471 2124 eos
502 2061 672 2124 admonitos
706 2063 813 2139 velim,
848 2062 923 2125 nihil
956 2082 1024 2124 esse
1056 2083 1093 2124 ex
1122 2064 1200 2126 omni
1224 2073 1311 2145 parte
1335 2065 1467 2128 beatum.

105 2151 238 2214 Narnia
263 2149 384 2211 Venere
408 2158 440 2212 et
462 2151 611 2213 Mercurio
640 2152 701 2214 ista
732 2153 862 2215 tarditas
894 2162 926 2213 et
953 2152 1099 2214 velocitas
1128 2171 1186 2214 noo
1215 2154 1253 2215 ad
1283 2152 1469 2233 planetaea

107 2238 179 2302 Sole
208 2238 443 2318 digressionem,
477 2240 530 2301 sed
564 2241 602 2301 ad
635 2241 730 2303 solum
755 2242 866 2304 Terrae
897 2249 1011 2303 motum
1039 2239 1331 2315 accommodatur&
1377 2242 1468 2305 Etsi

76 2370 79 2375 ·
107 2329 174 2410 quis
202 2326 269 2390 hnic
296 2327 339 2392 rei
371 2336 534 2430 praetexat
567 2329 717 2391 diversam
750 2339 848 2392 motos
879 2330 1083 2395 conditionem
1115 2351 1134 2390 a
1160 2339 1241 2397 motu
1271 2331 1466 2410 superiorum,
1528 2326 1533 2332 ’

107 2436 196 2499 qnam
221 2417 378 2500 deniqne'
371 2437 400 2478 ιιι
425 2418 536 2479 Terrae
561 2437 659 2478 anano
682 2427 764 2479 motu
788 2437 910 2480 oausam
935 2419 1064 2481 afferet?
1113 2419 1141 2480 ls
1166 2418 1243 2480 euim
1268 2439 1362 2498 neque
1387 2419 1465 2500 apud

107 2506 314 2567 Ptolemaeum
337 2523 431 2584 neque
463 2507 543 2584 apud
568 2503 767 2584 Copernicum
796 2516 945 2586 aequante
975 2507 1154 2586 indiguas)
1201 2505 1303 2578 Quare
1332 2516 1364 2570 et
1391 2509 1468 2570 haec

107 2595 222 2658 incerta
247 2594 283 2655 lis
307 2593 362 2655 sub
387 2606 558 2656 astronomo
579 2595 681 2674 judice
704 2596 846 2674 pendeat.

362 2864 370 2873 -
421 2823 465 2885 IN
491 2822 630 2886 CAPUT
654 2821 894 2886 VICESIMUM
918 2820 1149 2887 SECUNDUM

632 2947 746 2997 noras
766 2946 943 2998 sncroms.

187 3052 218 3125 a)
241 3055 270 3110 Si
292 3072 364 3126 quae
386 3072 472 3110 cansa
493 3057 584 3120 efficit,
610 3063 642 3109 ut
664 3055 800 3113 Saturnus
825 3058 899 3110 altus
924 3056 961 3110 sit
984 3057 1087 3110 tardior
1110 3058 1179 3109 Jove
1195 3056 1331 3111 humiliori
1355 3062 1385 3111 et
1407 3056 1464 3112 Soli

104 3137 236 3200 viciniori,
259 3139 355 3190 eadem
369 3136 480 3200 efficiat,
503 3144 535 3190 ut
549 3137 684 3190 Saturnus
698 3137 772 3191 altus
787 3144 817 3190 et
831 3154 976 3208 apogaeus
996 3138 1033 3190 sit
1048 3137 1152 3191 tardior
1167 3155 1197 3189 se
1213 3136 1272 3206 ipso
1287 3138 1422 3208 perigaeo
1436 3143 1467 3190 et

16 3258 18 3263 .
105 3218 210 3273 humili.
249 3219 343 3271 Causa
356 3216 499 3286 utriusque
514 3217 553 3271 rei
569 3224 613 3270 est
626 3217 769 3288 elongatio
785 3219 917 3287 planetae
932 3235 950 3271 a
964 3218 1028 3271 Sole
1043 3218 1189 3271 rectilinea
1207 3218 1295 3286 major
1309 3219 1353 3271 vel
1368 3217 1464 3279 minor,

106 3298 171 3368 qnia
184 3300 268 3368 longe
283 3296 389 3351 distans
405 3313 423 3349 a
436 3297 500 3352 Sole
515 3303 644 3350 versatur
659 3297 684 3349 in
700 3298 803 3350 virtute
818 3298 908 3351 Solari
923 3298 1048 3352 tenuiore
1063 3306 1092 3351 et
1106 3297 1293 3350 imbecilliore.

184 3376 214 3443 b)
241 3379 328 3440 Quam
343 3377 587 3446 aequipollentiam
602 3378 798 3447 hypothesium
813 3377 891 3430 docui
905 3377 932 3432 in
948 3380 1096 3432 Commeat.
1113 3378 1211 3430 Martis
1226 3385 1299 3447 part.
1316 3378 1337 3429 I.

185 3456 210 3523 c)
234 3459 295 3512 Hoc
317 3457 891 3511 veroinannotationibusemendavimus.
927 3459 1089 3527 Nondupla
1109 3465 1171 3510 erat
1186 3457 1357 3527 periodorum
1381 3456 1465 3510 etsie

105 3539 268 3593 tarditatum
291 3537 433 3606 proportio
449 3539 483 3590 ad
498 3538 701 3607 proportionem
724 3531 837 3598 orbium,
862 3539 909 3590 sed
925 3536 1111 3608 sesquialtera
1126 3538 1233 3591 saltem.
1271 3540 1310 3589 At
1324 3536 1352 3589 ιιι
1365 3537 1463 3605 plane·

105 3627 160 3683 tae¹
173 3620 252 3674 unius
265 3616 393 3672 motibus¹
408 3636 446 3671 ex
460 3618 524 3672 Sole
549 3618 759 3687 apparentibus,
785 3617 896 3686 aphelio
918 3624 947 3670 et
970 3616 1114 3686 perihelio,
1141 3625 1244 3687 regnat
1266 3615 1409 3685 proportio
1424 3615 1464 3668 di·

104 3700 268 3754 stantismm
290 3698 414 3766 praecise
433 3699 518 3768 dupla
539 3698 566 3751 in
580 3699 698 3751 motibus
719 3698 787 3768 ipsis
801 3696 918 3759 diurnis..
938 3707 969 3750 ut
983 3703 1047 3750 sunt
1070 3713 1149 3750 arcus
1164 3696 1384 3758 eooentricorum,
1400 3710 1464 3765 pro·

105 3780 194 3848 portio
217 3777 355 3850 ipsissima
378 3778 569 3832 distantiarum
584 3778 692 3847 simpla,
717 3778 777 3831 vide
794 3778 941 3831 comment.
958 3777 1055 3831 Martis
1071 3783 1142 3845 part.
1160 3777 1197 3829 lll
1218 3783 1248 3829 et
1265 3776 1311 3827 IV.
1344 3775 1465 3830 causam

104 3859 273 3914 diversitatis
288 3858 519 3912 evidentissimam
533 3859 619 3912 habet
633 3859 680 3912 lib.
697 3860 743 3913 IV.
758 3859 834 3927 Epit.
848 3862 961 3911 Astron.

183 3937 214 4006 d)
234 3942 294 3994 Hoc
308 3940 342 3990 de
357 3939 507 4007 Copernico
523 3956 616 3992 verum
630 3949 681 4001 est,
697 3938 740 3992 cui
756 3939 909 3992 Coentrum
923 3946 967 3991 est
982 3935 1136 4006 aequantia,
1154 3954 1202 3988 seu
1218 3934 1309 4004 potius
1324 3935 1459 3991 aecentri·

104 4019 259 4083 eccentrioi,
280 4019 442 4072 Boentnrm
464 4019 525 4073 viae
541 4020 681 4088 planetae,
705 4026 734 4072 et
757 4018 844 4088 ipsius
858 4019 905 4072 AG
927 4035 991 4088 pars
1007 4019 1093 4070 tertia
1108 4016 1160 4069 BC.
1199 4021 1239 4069 At
1262 4015 1289 4068 in
1303 4016 1464 4070 Ptolemaeo

105 4101 178 4155 ratio
199 4107 243 4156 eat
267 4098 334 4154 alia.
376 4099 419 4153 Illi
441 4099 513 4153 enim
528 4101 554 4152 D
578 4104 623 4152 est
645 4107 768 4153 centrum
792 4098 946 4168 aequantia,
968 4100 990 4152 B
1016 4096 1170 4159 ecoentrici,
1193 4113 1278 4167 qnare
1302 4092 1388 4167 ipsias
1411 4097 1464 4150 AD

106 4181 226 4236 semissis
245 4186 290 4233 est
313 4179 374 4232 BD.

183 4256 213 4328 e)
235 4249 353 4314 Rursum
367 4275 418 4328 pro
433 4257 525 4311 anima
539 4257 667 4330 intellige
682 4257 754 4312 Solis
769 4258 889 4327 speciem
903 4256 1124 4322 immateriatam,
1147 4267 1294 4313 extensam
1316 4263 1348 4310 ut
1361 4256 1462 4320 lumen,

105 4348 135 4395 et
157 4340 274 4395 habebis
298 4337 342 4392 hio
361 4336 491 4392 brevibus
506 4337 597 4391 verbis
621 4355 751 4392 summam
776 4355 854 4391 meae
875 4337 1009 4408 physicae
1024 4338 1161 4401 coelestis,
1186 4336 1317 4393 traditam
1342 4335 1369 4389 in
1385 4336 1463 4388 Com·

105 4426 187 4489 mant.
202 4421 302 4475 Martis
317 4425 391 4488 part.
408 4418 454 4472 ill.
471 4418 560 4472 eth
577 4426 606 4472 et
619 4419 768 4488 repetitam
783 4418 830 4471 lib.
847 4417 895 4471 lV.
911 4417 985 4487 Epit.
1002 4422 1113 4473 Astron.

186 4496 213 4570 f)
233 4500 310 4556 Nihil
331 4516 399 4577 opus
419 4494 598 4567 exceptione:
619 4515 685 4551 vero
704 4499 796 4551 verius
818 4505 862 4550 est
884 4497 968 4551 etiam
982 4500 1015 4550 de
1031 4500 1139 4553 Venere
1161 4506 1191 4553 et
1205 4497 1349 4552 Mercurio.
1391 4497 1462 4551 Nam
1521 4562 1524 4566 λ

105 4583 188 4675 qnod·
198 4580 364 4651 Copernicus
388 4578 496 4649 aliquas
519 4580 614 4632 horum
638 4579 813 4648 planetarum
839 4578 1054 4646 inaequalitates
1079 4579 1183 4650 alligat
1204 4581 1238 4632 ad
1263 4585 1364 4631 motum
1389 4576 1463 4630 orbis

105 4662 198 4726 annui,
223 4663 249 4716 id
272 4664 417 4716 deerrare
441 4665 492 4712 est.

184 4739 220 4815 g)
243 4743 325 4812 Apud
340 4739 529 4794 Ptolemaeum
544 4738 650 4808 quidem
665 4743 694 4790 at
708 4737 897 4807 Copernicum.
936 4743 975 4792 At
988 4755 1043 4810 ego
1057 4739 1084 4792 in
1099 4740 1250 4793 Comment.
1265 4735 1365 4791 Martis
1379 4751 1461 4805 prae

106 4824 247 4894 cipnorum
260 4821 324 4877 libri
338 4821 518 4876 membrorum
542 4819 593 4872 hoc
611 4834 694 4871 unum
714 4818 769 4871 t'eci
793 4824 823 4871 et
836 4819 915 4873 velut
928 4820 1093 4892 angularem
1109 4818 1228 4889 lapidem
1242 4816 1270 4870 in
1284 4817 1462 4873 fundamento
