3428 5542
621 356 652 406 aa
671 357 743 431 esus
762 358 922 423 astrologicis.
1285 316 1294 330 κ
1389 354 1453 425 347

94 534 141 576 me
178 533 253 576 uxor
289 516 516 596 importunitate
554 538 623 588 sua,
661 527 708 594 ut,
747 519 817 599 quia
849 518 959 581 balnea
981 519 1108 594 horret,
1147 521 1196 583 vei
1233 523 1356 583 tandem
1394 523 1453 585 ali.

94 603 213 683 quaudo
237 624 354 685 ,corpus
387 607 549 668 abluerem.
596 607 749 669 Immersit
772 627 818 669 me
851 608 880 669 iu
910 609 1026 671 labrum
1049 624 1146 688 aquae
1169 610 1246 672 beue
1275 611 1453 686 calefactae,

95 693 144 772 qui
168 694 298 756 calorme
328 695 441 758 afflixit
471 716 575 777 meque
604 697 817 776 coangustavit
845 698 925 759 circa
954 697 1139 776 praecordia.
1190 696 1243 762 31.
1272 701 1349 780 Maji
1378 720 1451 780 pur-

94 783 178 860 gavi,
213 802 250 844 ex
284 803 365 845 ruere
398 805 469 847 usus
503 808 716 868 παγχυμαγωγῳ
749 785 818 847 leni.
877 785 904 848 1.
927 787 998 848 Juu.
1029 806 1137 848 venam
1167 788 1247 850 secui
1277 790 1385 852 iterum
1415 810 1454 852 ex

94 888 194 945 more,
228 892 286 933 nou
314 881 440 952 urgente
470 874 591 950 morbo,
625 895 662 935 ue
693 875 862 954 suspicione
892 875 1010 955 quidem
1035 875 1139 937 morbi.
1188 878 1291 958 Atque
1314 879 1371 940 hoc
1395 898 1452 940 uon

94 979 166 1020 saue
199 981 236 1022 ex
269 963 457 1044 praescripto
490 963 690 1042 astrologiae,
730 971 763 1025 ut
796 963 883 1025 facile
911 964 1006 1026 vides.
1051 965 1168 1027 Minuto
1196 960 1345 1047 'sanguiue
1376 969 1453 1030 bene

95 1049 184 1111 habui
207 1070 261 1130 per
283 1050 374 1112 horas
397 1051 522 1132 aliquot,
546 1071 673 1132 vespere
697 1052 778 1114 facto
803 1052 933 1115 difficilis
957 1072 1003 1114 me
1028 1072 1149 1115 somnus
1175 1055 1301 1117 invitum
1324 1057 1352 1118 iu
1369 1064 1452 1119 etra-

96 1139 167 1217 gula
189 1140 327 1219 conjecit,
353 1141 532 1220 praecordia
555 1141 842 1221 coangustabautur.
881 1142 963 1204 Tunc
988 1162 1031 1203 sc.
1047 1141 1117 1204 bilis
1134 1143 1288 1206 ferebatur
1303 1145 1332 1205 iu
1349 1155 1449 1227 caput,

89 1228 179 1309 juxta
202 1229 379 1308 praecordia
403 1230 564 1292 transiens.
615 1229 646 1293 2.
671 1229 740 1292 Juu.
766 1250 825 1292 uon
849 1230 962 1311 optima
986 1240 1178 1310 tempestate,
1211 1233 1312 1295 calida
1336 1243 1449 1310 tamen,

95 1317 221 1379 transivi
255 1319 284 1379 in
317 1319 460 1381 minorem
492 1319 613 1394 urbem,
650 1328 683 1380 ut
706 1319 777 1380 mibi
809 1319 915 1381 melius
939 1328 1023 1380 esset
1055 1329 1137 1382 motu
1161 1340 1225 1384 uso.
1273 1322 1371 1384 Biduo
1396 1323 1452 1386 hoc

94 1405 242 1467 Rheuauo
276 1407 343 1468 viuo
375 1427 518 1488 perquam
547 1426 694 1486 generoso
729 1428 811 1470 eram
845 1428 925 1469 usus.
984 1406 1045 1469 Sed
1082 1409 1120 1469 ad
1149 1410 1237 1489 hujus
1268 1410 1325 1473 diei
1358 1431 1452 1492 pran-

95 1494 174 1556 dium
193 1496 350 1574 frugaliter
365 1497 445 1559 vixi:
472 1498 552 1559 circa
576 1497 680 1558 horam
704 1517 734 1577 p.
759 1518 798 1559 m.
825 1499 947 1585 tertiam
970 1497 1075 1558 horror
1097 1516 1144 1559 me
1169 1499 1290 1580 excepit
1305 1502 1374 1563 dum
1394 1501 1467 1561 do-¹

95 1603 174 1644 mum
198 1586 362 1657 contendo,
396 1594 427 1646 et
450 1596 483 1648 ot
506 1587 539 1648 fit
562 1587 640 1665 apud
665 1605 711 1647 me
739 1585 768 1647 in
799 1585 934 1647 omuibus
965 1586 1113 1661 febribus,
1148 1587 1303 1650 cerebrum
1327 1588 1454 1652 invaluit

96 1692 215 1748 somno,
250 1674 374 1735 dormivi
398 1675 545 1754 inquiete,
576 1682 640 1736 toto
665 1693 740 1753 pene
764 1673 871 1750 biduo,
895 1675 977 1736 nullo
1002 1695 1073 1736 usus
1098 1675 1178 1743 cibo.
1204 1676 1330 1739 subinde
1354 1677 1454 1740 vomui

95 1763 185 1824 bilem
210 1763 369 1825 admodum
393 1774 573 1843 corruptam.
619 1764 824 1844 Paroxysmos
856 1765 955 1826 nullos
984 1763 1178 1825 vehementes
1210 1764 1309 1827 habui.
1356 1767 1453 1828 Totus

94 1852 215 1914 morbus
247 1852 276 1912 in
302 1852 444 1915 effusione
469 1852 537 1914 bilis
562 1853 591 1913 in
614 1853 810 1914 ventriculum
836 1853 901 1915 fuit.
949 1853 1060 1913 Triduo
1083 1862 1168 1932 post,
1201 1874 1228 1914 n.
1252 1848 1282 1915 4.
1308 1854 1378 1917 Jun.
1404 1856 1452 1917 in-

95 1942 169 2002 cidit
192 1962 251 2002 uoa
274 1961 348 2003 uxor
371 1960 438 2003 mea
461 1941 490 2002 in
515 1942 719 2022 quotidianam
735 1943 857 2011 febrem,
883 1949 968 2003 tauto
982 1941 1240 2020 periculosiorem,
1266 1945 1344 2023 quod
1369 1951 1452 2005 esset

93 2030 229 2110 gravida.
277 2029 406 2110 Reliqua
429 2030 623 2110 particularia
647 2050 704 2091 uon
725 2031 876 2106 annotavi,
901 2029 958 2091 uisi
983 2030 1061 2110 quod
1085 2030 1124 2091 ad
1149 2027 1168 2093 o
1193 2032 1277 2095 veli
1302 2033 1451 2112 septima·

95 2140 149 2180 uas
166 2119 356 2181 conflictatus
372 2139 408 2180 ea
423 2140 498 2180 sum.
533 2119 686 2181 Interdum
709 2117 748 2182 10
765 2118 869 2181 diebus
888 2120 972 2194 liber,
997 2126 1031 2179 ut
1055 2138 1147 2181 sanus
1171 2121 1324 2195 crederer,
1350 2122 1451 2202 itaque
1536 2130 1546 2150 ⁸

94 2227 148 2269 usu
160 2208 220 2268 vini
236 2208 273 2268 ad
288 2207 466 2269 vomitiones
478 2208 547 2270 bilis
563 2207 637 2269 redii
653 2217 684 2269 et
699 2209 736 2268 ad
751 2209 890 2270 horrores
901 2209 962 2281 bc,
980 2226 1047 2269 curu
1063 2209 1186 2270 duraret
1202 2209 1370 2272 obstructio
1383 2211 1453 2272 alvi.

94 2294 203 2369 Credo,
228 2316 274 2357 me
299 2317 337 2357 ex
360 2316 460 2358 eorum
484 2316 605 2359 numero
630 2315 707 2371 esse,
733 2297 839 2376 quibus
863 2317 900 2358 er
923 2297 992 2359 bilis
1017 2295 1152 2358 folliculo
1177 2306 1296 2362 meatus
1320 2300 1349 2361 in
1373 2320 1449 2362 veu-

93 2385 233 2446 triculum
257 2385 331 2458 abit,
356 2385 404 2466 qui
428 2387 529 2448 solent
551 2405 619 2447 esse
642 2387 804 2468 βραχυβιοι.

165 2491 353 2542 Fabricius:
384 2491 489 2548 Moneo,
519 2498 548 2540 ut
565 2491 696 2555 diligenter
714 2491 823 2554 inquiras
841 2488 1014 2537 universalium
1039 2496 1065 2538 et
1088 2489 1259 2540 diuturnorum
1277 2497 1454 2555 tempestatum

93 2576 199 2619 causam
218 2564 244 2612 iu
262 2565 292 2612 iis
310 2577 399 2627 nempe
419 2564 551 2613 consistere
570 2563 666 2628 videtur
683 2564 759 2610 totins
777 2559 967 2624 meteorologiae
986 2560 1099 2610 scientia.

122 2704 126 2715 .
182 2661 385 2742 Keplerus:
425 2660 512 2731 Quod
537 2679 652 2735 mones,
678 2660 763 2722 vides
787 2678 833 2720 me
858 2659 966 2720 fecisse
990 2659 1019 2719 in
1043 2658 1229 2736 prognostici
1251 2659 1451 2738 praefatione.

93 2749 140 2811 Tu
154 2749 222 2811 illas
237 2758 344 2812 excute
368 2750 551 2829 diligentius,
576 2750 720 2829 adjuncta
742 2768 809 2810 mea
829 2746 1034 2828 disputatione
1059 2747 1095 2807 de
1111 2747 1342 2827 Meteorologia,
1367 2748 1451 2828 cujus

94 2848 271 2917 argumenta
294 2849 399 2920 patere
424 2839 515 2899 altius
540 2838 569 2899 in
593 2847 676 2899 tuum
700 2837 830 2899 animum
854 2837 1051 2909 descendere,
1078 2844 1112 2896 ut
1134 2856 1171 2897 ea
1195 2836 1316 2917 penitus
1339 2856 1451 2917 appre-

94 2927 219 3002 hendas,
244 2948 303 2989 neu
326 2928 525 2988 transvolent.

165 3035 335 3084 Fabricius
354 3030 409 3096 (tt.
429 3033 486 3084 Jan.
510 3030 604 3093 tobel:
632 3032 685 3096 Ego
705 3030 916 3080 altitudinem
935 3030 1062 3079 nubium
1081 3045 1131 3078 non
1149 3045 1204 3080 raro
1223 3031 1349 3095 indagari,
1370 3037 1396 3080 et
1413 3033 1452 3079 iu-

94 3106 150 3154 veni
169 3105 255 3154 diebus
273 3107 373 3155 aestivis
391 3120 440 3154 nou
463 3105 528 3154 ultra
556 3102 622 3152 1000
640 3116 735 3166 passus.
772 3101 848 3151 Nulla
872 3101 951 3150 nubes
977 3100 1051 3150 altius
1080 3100 1172 3150 dimidii
1198 3101 1309 3151 milliaris
1328 3103 1451 3158 ascendit,

93 3189 150 3224 cnm
168 3181 212 3225 atr
230 3176 267 3226 rel
283 3179 356 3239 juxta
373 3183 419 3225 tua
436 3177 568 3226 ratiocinia
589 3190 640 3224 uon
665 3172 719 3237 plus
742 3174 766 3221 in
791 3173 868 3222 altum
887 3174 1033 3237 porrigatur.
1071 3171 1187 3228 Memini,
1211 3189 1251 3223 me
1269 3173 1402 3238 aliquando
1422 3174 1452 3222 de

94 3248 232 3297 nominibus
252 3261 344 3297 arenae
362 3248 497 3297 summitati
517 3247 616 3310 Olympi
633 3245 756 3307 inscriptis
774 3245 863 3308 legisse
882 3241 927 3292 dte.
966 3243 1061 3307 [Comp.
1083 3241 1222 3306 Opticam.)

165 3318 241 3368 Ratio
261 3319 406 3368 observandi
425 3318 469 3368 alt.
489 3318 590 3367 nubium
608 3318 685 3367 haec:
704 3317 729 3364 iu
747 3315 821 3378 plano
841 3321 866 3364 ot
886 3314 961 3364 libero
980 3315 1033 3363 locu
1053 3321 1162 3378 tempore
1180 3316 1291 3364 meridiei
1310 3322 1453 3379 expectetur

94 3390 171 3439 nubes
191 3389 287 3454 atique,
313 3405 376 3453 quae
396 3403 442 3438 sua
460 3391 617 3439 extremitate
636 3388 753 3437 verticem
777 3386 940 3435 observatoris
960 3387 1076 3450 attingat.
1115 3386 1209 3435 Eodem
1228 3393 1351 3437 momento
1370 3387 1452 3435 obser·

93 3467 179 3518 vetur,
203 3476 329 3526 quousque
353 3461 441 3509 umbra
459 3461 621 3515 extremitatis
640 3460 709 3508 istius
728 3471 811 3506 versus
830 3458 1022 3520 septentrionem
1047 3458 1072 3504 in
1095 3457 1169 3520 plano
1189 3457 1281 3507 Terrae
1300 3459 1452 3521 projiciatur,
1509 3464 1511 3468 ’
1601 3504 1605 3513 ,

92 3533 259 3596 terminusque
277 3538 385 3582 notetur.
423 3531 465 3582 Sic
483 3531 588 3580 habetur
605 3529 755 3594 triangulum
782 3526 972 3593 rectungulum.
1001 3529 1070 3589 culus
1090 3529 1154 3577 alter
1176 3528 1242 3578 lutus
1268 3536 1307 3578 est
1333 3528 1471 3591 denuda,

93 3605 196 3668 cognita
212 3603 322 3653 locorum
341 3611 367 3653 et
385 3603 490 3669 angulus
510 3603 646 3652 altitudinis
666 3600 729 3651 Solis
748 3599 901 3648 meridianae
920 3599 1040 3663 cognitus.

182 3692 381 3772 Keplerus:
416 3689 583 3753 Confirmas
607 3708 703 3752 meum
726 3688 883 3768 problema
905 3687 942 3748 de
967 3676 1125 3748 altitudine
1150 3688 1230 3751 atris
1246 3687 1452 3767 experimento

93 3780 229 3856 nubium3
264 3790 295 3841 et
319 3781 395 3841 forte
419 3789 450 3841 tu
476 3780 720 3860 probabilitatem
745 3778 839 3839 solam
864 3774 1021 3856 spectasti.
1065 3778 1110 3838 At
1132 3777 1232 3839 beasti
1256 3796 1316 3846 rue,
1340 3796 1365 3864 =o
1389 3778 1451 3837 Fu-

95 3869 179 3945 brici,
205 3869 398 3949 suppeditata
421 3870 678 3931 demonstratione
703 3867 884 3928 necessaria.
932 3863 964 3926 Si
989 3864 1083 3927 nubes
1108 3875 1178 3928 sunt
1196 3866 1351 3946 graviores
1371 3871 1451 3949 adse,

93 3979 161 4020 cum
184 3959 321 4021 oriantur
349 3978 387 4019 ex
410 3959 518 4034 Terra,
549 3959 711 4020 manebunt
732 3975 822 4035 super
845 3955 986 4027 Terram,
1012 3961 1045 4013 ut
1069 3955 1209 4030 nebulae,
1244 3955 1452 4016 tautummodo

94 4049 172 4109 mole
196 4068 252 4109 sua
275 4049 364 4126 paulo
388 4048 604 4121 elevabuntur,
641 4055 675 4107 ut
708 4046 841 4107 habeant
873 4045 1004 4124 spatium
1033 4044 1166 4120 justum,
1202 4064 1259 4124 quo
1283 4045 1452 4124 capiantur.

93 4135 147 4198 Sin
174 4147 276 4197 autem
301 4137 470 4198 escendunt
493 4137 603 4209 nubes,
643 4144 729 4196 eruut
757 4134 886 4196 leviores
915 4139 1005 4206 aire,
1040 4142 1072 4193 ut
1100 4133 1125 4195 si
1154 4134 1257 4196 vesica
1286 4133 1392 4195 inflata
1415 4153 1453 4194 ex

93 4226 179 4305 aquis
203 4227 359 4288 ascendat.
407 4225 439 4287 Si
465 4225 593 4287 leviores
616 4231 706 4296 aire,
742 4242 799 4285 uon
823 4230 914 4283 vento
938 4222 1068 4299 desuper·
1091 4221 1280 4285 incumbente
1305 4223 1451 4301 agitatae,

33 4373 38 4385 ,
93 4316 259 4376 ascendent
289 4315 382 4392 igitur
406 4332 598 4393 peromnem
629 4312 708 4374 aeris
734 4312 935 4383 altitudinem,
970 4317 1002 4371 et
1025 4310 1069 4372 sic
1092 4331 1149 4374 uon
1174 4310 1287 4391 poterit
1309 4318 1361 4373 air
1385 4330 1451 4372 esse

93 4403 184 4464 altior
207 4403 333 4465 nubibus
358 4404 457 4482 quiete
483 4403 728 4464 consistentibus.
776 4403 855 4463 Nam
880 4400 973 4461 nubes
999 4401 1142 4462 estnihil
1167 4401 1222 4463 uisi
1247 4418 1355 4480 vapor;
1389 4399 1450 4461 ita·
1526 4418 1529 4423 ’

92 4510 149 4573 que
173 4511 268 4572 vapor
291 4493 438 4553 densatus
463 4491 490 4552 in
515 4501 634 4570 guttam
659 4492 764 4552 statim
788 4491 893 4550 iterum
919 4488 1041 4550 decidit.

163 4616 350 4666 Fabricius:
376 4617 470 4664 Adria
490 4615 698 4664 altitudinem
721 4630 770 4662 uon
790 4614 878 4677 ubique
898 4611 1003 4661 eandem
1022 4626 1076 4661 esse
1095 4618 1162 4676 puto,
1182 4613 1208 4660 iu
1226 4610 1286 4662 locis
1304 4610 1453 4660 australibus

90 4687 257 4820 humiliorerq,
287 4702 361 4751 quam
388 4689 414 4736 in
441 4687 587 4736 borealibus.
626 4684 773 4747 (Rationes,
798 4701 859 4749 quas
885 4683 959 4734 affert
977 4684 1021 4738 F..
1047 4683 1163 4748 leguntur
1181 4685 1205 4731 in
1225 4681 1274 4733 bac
1292 4682 1394 4746 Kepleri
1412 4697 1450 4733 re·

91 4773 231 4823 monnone.
602 4774 613 4783 ‘

183 4856 390 4943 Keplerus:
424 4854 619 4921 Australibus
652 4864 685 4934 et
714 4856 848 4923 torridae
880 4861 981 4917 aerem
1013 4855 1238 4939 profundiorem
1268 4854 1394 4936 probavi
1421 4851 1463 4918 iu'
