3428 5542
703 311 736 365 l·
752 312 826 364 Μ·
845 311 1007 381 neotum
1470 307 1534 376 utu

174 468 273 532 Rheni
296 475 413 532 tractus
436 470 629 533 contremuit:
662 471 764 551 itaque
786 470 853 550 jam
877 490 935 533 non
959 472 1039 551 apud
1060 489 1117 533 vos
1141 470 1252 544 solnm,
1286 471 1340 535 sed
1364 477 1396 534 et
1418 471 1448 534 in
1474 470 1534 534 Al-

176 557 270 633 satia,
295 557 536 638 Luxemburgia,
550 560 749 638 Burgundia,
776 555 896 635 Gallia,
921 559 1064 622 Helvetia
1092 558 1170 621 varii
1192 566 1310 636 motus,
1335 559 1404 623 dum
1427 559 1534 640 religio

174 646 224 708 vel
247 646 467 727 suspicionibus
499 648 548 709 vel
570 668 602 711 re
625 649 693 729 ipsa
722 648 831 728 agitur.
879 646 960 720 Quid
983 649 1128 712 iaciemus
1157 665 1212 710 nos
1235 648 1287 711 illi
1316 648 1451 725 Palladi,
1486 668 1532 723 ne,

175 737 246 798 dnm
278 737 399 798 hastam
430 736 545 810 vibrat,
579 738 693 799 coelum
727 739 909 818 perturbet?
955 736 1080 801 Scilicet
1113 737 1152 799 ad
1175 735 1272 799 Deum
1301 737 1533 818 confugiendum

174 825 282 899 unice,
315 832 348 886 et
379 843 417 887 ex
449 825 497 887 his
519 826 696 906 promiscuis
719 822 801 889 vitae
832 827 953 890 casibus
984 825 1171 890 dediscenda
1199 826 1267 888 vita
1289 827 1376 909 ipsa,
1411 835 1445 890 ut
1468 846 1534 889 eam

175 922 263 976 tauto
288 913 420 994 aequiori
444 914 542 976 animo
566 934 720 996 ponamus,
746 935 813 977 cum
836 935 969 978 summus
991 915 1043 978 ille
1062 914 1191 995 jusserit
1203 914 1380 995 imperator.
1421 915 1534 980 Cetera

176 1022 215 1064 ex
238 1010 286 1065 te:
325 1021 382 1084 quo
406 1002 494 1065 enim·
507 1003 562 1065 tibi
587 1005 724 1084 exemplo
749 1005 929 1067 documenta
962 1004 1035 1066 dare
1058 1022 1196 1084 possem,
1229 1004 1260 1066 id
1284 1005 1348 1085 jam
1383 1013 1415 1067 et
1443 1005 1472 1066 in
1503 1012 1534 1066 te

176 1093 252 1172 proh
277 1092 362 1153 dolor
386 1092 540 1170 experiris,
565 1101 597 1155 et
620 1095 725 1174 cuique
749 1111 807 1154 nou
832 1093 960 1154 alienum
975 1094 1152 1172 exemplum,
1177 1094 1232 1155 sed
1255 1112 1326 1154 suus
1350 1113 1440 1156 casus
1460 1111 1534 1171 gra-

175 1181 328 1243 vissimus.
375 1179 443 1260 Ego
467 1181 504 1244 de
527 1190 572 1257 te,
606 1183 646 1245 mi
676 1181 817 1253 Fabrici,
849 1183 887 1245 ob
916 1183 1062 1246 Ursulum
1095 1190 1229 1245 nostram
1259 1181 1409 1264 privatam
1443 1182 1536 1243 etiam

177 1271 226 1331 alo
251 1268 492 1343 sollicitudinem,
516 1291 604 1351 quarn
627 1279 715 1333 tanto
739 1270 836 1351 magis
860 1272 1028 1346 confirmas,
1054 1279 1166 1351 quanto
1190 1278 1221 1333 te
1246 1269 1535 1350 video‘diligentio·

177 1378 241 1421 rem
262 1358 294 1420 in
319 1358 545 1438 quaestionibus
569 1360 784 1440 proponendis.

267 1445 329 1508 Sed
353 1446 392 1507 ad
416 1467 490 1512 rem.
538 1450 661 1511 Literas
684 1469 784 1523 meas,
805 1468 871 1529 sup.
898 1447 1024 1512 Octobri
1049 1449 1195 1528 scriptas,
1229 1466 1283 1530 per
1306 1447 1476 1510 ministrum
1500 1447 1535 1508 L

175 1538 214 1598 B.
239 1557 258 1597 a
280 1535 496 1599 Dietriclrstein
521 1539 618 1619 (cnjus
643 1558 709 1600 curn
733 1537 802 1612 lilio,
827 1557 921 1620 nuper
944 1538 973 1598 in
997 1537 1134 1616 Ungariu
1157 1536 1338 1599 variolorum
1365 1546 1398 1598 et
1421 1537 1534 1618 dysen-

177 1624 274 1687 teriae
297 1624 386 1685 malis
410 1627 554 1701 extincto,
580 1626 628 1688 hic
652 1627 886 1706 inaniloquium
909 1626 1036 1698 venisti)
1066 1626 1104 1687 ad
1129 1645 1235 1687 manus
1260 1624 1442 1689 cancellarii
1465 1625 1536 1686 iri·
1611 1695 1614 1699 ¹

177 1715 242 1777 saci
267 1715 326 1786 (sic
350 1712 457 1775 habuit
478 1714 649 1795 inscriptio)
672 1715 885 1792 transmissas,
915 1714 970 1778 tibi
994 1732 1065 1777 vero
1088 1715 1267 1794 inscriptas,
1291 1722 1366 1794 puto
1389 1722 1420 1776 te
1445 1730 1535 1774 acce·

176 1803 276 1884 pisse;
314 1802 452 1882 quamvis
477 1801 684 1866 Cancellarius
713 1804 786 1866 mihi
809 1804 1011 1879 recensuerit,
1046 1822 1081 1866 eo
1105 1802 1172 1884 ipso
1196 1809 1330 1882 tempore
1354 1822 1387 1864 se
1412 1801 1535 1876 abiisse,

178 1911 236 1973 quo
260 1892 310 1954 ille
336 1891 511 1967 advenerat,
536 1912 592 1954 nec
615 1893 728 1956 vidisse
751 1894 808 1955 has
833 1895 971 1957 literas·
995 1892 1127 1973 Require
1152 1892 1244 1972 igitur
1267 1891 1306 1954 ab
1321 1893 1385 1973 ejus
1409 1890 1535 1953 familia.

177 1981 234 2043 His
259 1980 355 2042 literis
380 1981 417 2041 ad
442 1990 561 2060 partem
584 1988 713 2052 tuarum,
738 2002 813 2063 quas
838 2003 876 2044 ex
892 1981 1121 2063 Archiepiscopi
1140 1982 1226 2044 domo
1246 1982 1358 2061 accepi,
1383 1978 1536 2060 respondi.

177 2070 226 2132 Ex
255 2088 290 2129 eo
322 2076 456 2148 tempore
490 2071 577 2132 binas
610 2072 688 2133 alias
721 2071 825 2151 accepi
858 2074 962 2134 eodem
996 2079 1130 2151 tempore
1164 2072 1312 2133 aFranc.
1339 2067 1548 2149 Tengnaglio,

178 2178 303 2240 quarum
326 2157 355 2218 in
380 2159 591 2238 praesentibus
615 2160 796 2222 mentionem
822 2162 911 2224 lacis.
957 2160 1024 2239 Ego
1049 2160 1077 2220 in
1109 2160 1170 2221 illis
1195 2158 1254 2221 tuis
1277 2157 1536 2237 Archiepiscopa·

178 2247 257 2310 libus
290 2265 415 2327 pergam
446 2249 548 2323 initio,
579 2258 668 2330 post,
703 2249 729 2310 si
764 2251 833 2329 quid
867 2250 936 2313 novi
972 2247 1121 2328 scripsisti
1151 2249 1181 2310 in
1213 2246 1408 2328 sequentibus
1432 2245 1538 2309 itidem

177 2336 342 2398 ruminabo.

250 2442 434 2492 Fabricius:
473 2441 618 2501 Quaeritur,
648 2458 680 2494 an
703 2445 797 2508 rigna
822 2443 995 2499 coelestia,
1027 2442 1065 2492 rel
1083 2443 1229 2508 magnitudo
1249 2439 1281 2489 12
1301 2443 1426 2507 signorum
1444 2443 1538 2492 conati-

178 2514 275 2564 tuenda
299 2514 332 2562 sit
356 2514 438 2577 potius
463 2520 578 2577 respectu
604 2521 685 2564 motus
709 2515 784 2565 medii
811 2515 850 2564 rel
873 2512 943 2564 reri?
980 2513 1015 2564 Ut
1033 2527 1114 2563 annus
1132 2519 1198 2562 totus
1220 2515 1247 2562 in
1266 2511 1298 2560 12
1319 2513 1436 2577 aequales
1455 2520 1539 2577 partes

179 2584 303 2641 dividitur,
322 2585 360 2633 ita
378 2591 404 2633 et
421 2583 517 2633 coelum
537 2585 693 2636 dividendum
712 2592 779 2636 esset
796 2588 823 2635 in
844 2584 874 2633 12
888 2591 981 2649 partes,
1000 2597 1065 2649 quae
1083 2585 1292 2649 signarccantnr.
1331 2584 1356 2634 Si
1375 2585 1401 2634 in
1419 2584 1538 2649 aequm

179 2663 265 2720 partes
285 2654 380 2705 coelum
399 2655 528 2712 diriditnr,
549 2663 607 2705 tnnc
626 2671 729 2706 necesse
749 2664 795 2714 est,
815 2657 874 2707 illud
893 2657 945 2706 lieri
965 2655 1055 2706 debere
1074 2657 1170 2705 ratione
1188 2655 1263 2704 medii
1281 2661 1361 2704 motus
1380 2661 1407 2705 et
1424 2670 1475 2704 non
1493 2668 1538 2718 ap-

178 2727 305 2791 parentia,
335 2728 377 2790 qui
395 2727 517 2777 interdum
537 2727 634 2792 aequali
651 2729 769 2791 temporis
787 2730 868 2792 spatio
886 2727 992 2784 tardior,
1023 2728 1101 2776 etsie
1127 2726 1238 2792 longiora
1261 2728 1334 2791 rigna
1352 2727 1459 2784 iaceret3
1491 2726 1537 2775 ali·

179 2797 280 2863 quando
300 2797 410 2854 celerior,
430 2803 456 2847 et
474 2800 509 2848 sic
527 2799 638 2849 breviora
656 2799 737 2864 signa
774 2799 848 2849 Hanc
867 2800 1037 2864 quaestionem
1057 2813 1108 2847 non
1126 2811 1216 2848 ranam
1234 2803 1330 2862 putato.

270 2869 473 2948 Keplerus:
512 2870 558 2930 De
583 2871 793 2932 distributione
818 2873 971 2951 signorum
1000 2870 1176 2931 coelestium
1201 2888 1259 2931 non
1284 2889 1362 2930 vana
1384 2868 1483 2949 inquis
1507 2877 1537 2929 te

180 2976 336 3039 quaerere.
385 2956 616 3020 Consideremus
641 2979 723 3021 usus.
771 2958 803 3021 Si
829 2961 866 3022 ob
891 2959 1142 3032 numerationem,
1177 2958 1206 3019 in
1239 2966 1359 3038 promtu
1395 2976 1445 3019 res
1479 2965 1536 3029 est,

180 3066 250 3109 eam
276 3047 433 3126 aequalem
463 3066 530 3108 esse
561 3049 685 3122 debere,
720 3058 752 3111 et
774 3049 979 3128 pulchrorum,
1013 3047 1255 3124 articulatorum,
1289 3054 1379 3126 captu
1407 3046 1540 3108 facilium

181 3153 380 3210 numerorum,
407 3136 471 3197 sine
495 3135 555 3197 ullo
580 3145 680 3198 motus
704 3139 852 3218 respectu,
877 3138 930 3198 sed
955 3155 1025 3198 vere
1050 3135 1231 3210 distributio,
1256 3143 1400 3216 tauquam
1422 3134 1540 3196 itineris

181 3225 211 3286 in
237 3233 346 3285 metas.
395 3222 428 3286 Si
453 3224 490 3285 ob
515 3225 647 3287 dominia
671 3246 707 3287 ea
731 3236 761 3287 et
792 3227 904 3287 limites
929 3225 1172 3305 jurisdictionum
1195 3224 1450 3305 planetariarum,
1484 3243 1540 3303 age

155 3322 217 3375 'ut
243 3312 382 3386 libuerit;
416 3332 471 3389 ego
495 3321 593 3375 totum
617 3315 769 3394 negotium
792 3333 901 3376 vanum
924 3322 1013 3394 puto,
1047 3312 1104 3374 uisi
1134 3321 1282 3393 quatenus
1313 3311 1423 3374 alixis
1447 3319 1479 3375 et
1502 3312 1540 3373 ab

183 3400 346 3463 altitudine
380 3401 493 3463 orbium
517 3403 628 3482 aliquid
662 3403 835 3465 ratiocinari
867 3403 1028 3484 possimus.
1075 3400 1155 3472 Quid
1180 3402 1280 3463 enim?
1326 3400 1381 3464 Sol
1409 3410 1539 3481 quotan-

182 3491 231 3552 nis
263 3509 357 3551 uovas
390 3491 523 3570 planetis
556 3492 692 3567 tabulas,
726 3512 821 3553 novos
855 3492 966 3555 limites
998 3490 1203 3553 describeret?
1249 3491 1298 3553 An
1322 3507 1381 3551 non
1404 3489 1484 3551 idem
1508 3497 1539 3549 et

182 3581 272 3643 Luna
296 3580 432 3641 laceret?
478 3579 561 3641 idem
585 3588 617 3641 et
647 3582 740 3644 ceteri
763 3581 931 3661 planetae?
977 3579 1010 3642 Si
1035 3580 1073 3641 ob
1098 3587 1259 3659 aspectus,
1293 3597 1410 3640 rursum
1433 3575 1540 3639 distri-

183 3667 339 3730 bntionern
361 3676 483 3748 oportet
505 3687 574 3730 esse
599 3670 769 3749 aequalem,
802 3670 907 3732 autin
931 3668 1140 3749 inaequalibus
1163 3667 1200 3728 iis
1226 3665 1425 3748 inaequaliter
1449 3665 1540 3728 etism

183 3756 377 3831 numerandi,
403 3776 457 3818 nec
481 3753 678 3830 a21⁰11in
702 3756 798 3836 wo
822 3758 941 3820 sextilis
966 3758 1033 3832 erit,
1058 3754 1112 3818 sed
1137 3750 1451 3830 a21011in22⁰ti
1475 3754 1539 3817 for-

183 3858 280 3908 tasse.
329 3843 362 3906 Si
386 3845 513 3926 denique
537 3846 574 3908 ob
599 3847 790 3922 directiones,
821 3847 869 3908 hic
893 3867 966 3908 sane
990 3855 1088 3909 tecum
1120 3862 1176 3924 ego
1201 3845 1298 3905 sentio
1323 3844 1352 3905 in
1376 3862 1442 3905 meo
1465 3844 1540 3905 diri·

183 3934 275 4016 gendi
300 3936 398 3997 modo.
444 3936 524 3996 Nam
548 3955 634 3997 arcus
659 3937 833 4017 eclipticas,
868 3932 1162 4017 asignilicatoribus
1186 3932 1336 4004 inchoati,
1370 3932 1543 3994 dividuntur
1624 3941 1631 3967 ¹

184 4025 214 4085 in
240 4023 343 4103 spatia
376 4024 515 4103 aequalia
543 4025 657 4086 diurnis
683 4025 814 4088 motibus
849 4024 930 4087 Solis
959 4026 1022 4106 ejus
1049 4022 1176 4097 mensis,
1205 4023 1234 4085 iu
1259 4041 1316 4102 quo
1341 4029 1390 4083 est
1412 4021 1542 4101 genesis.

186 4113 433 4198 Inuascendente
464 4131 536 4174 vero
571 4121 602 4175 et
633 4115 730 4176 medio
764 4115 839 4176 coeli
872 4127 961 4181 arcus
992 4111 1165 4193 aequaturis
1194 4111 1367 4173 dividuntur
1389 4110 1419 4173 in
1443 4110 1544 4191 spatia

184 4202 325 4281 aequalia
355 4201 581 4264 ascensionibus
612 4205 703 4266 rectis
734 4204 904 4266 diurnorum
933 4202 1026 4265 Solis.
1074 4200 1136 4262 Sed
1164 4199 1350 4273 memineris,
1385 4199 1441 4261 hoc
1465 4194 1543 4261 'esse

186 4291 326 4371 dirigere,
351 4299 384 4352 et
406 4309 463 4351 non
487 4291 667 4353 distribuere
691 4293 865 4355 zodiacum:
891 4293 973 4354 illam
996 4292 1145 4352 rationem
1159 4288 1347 4362 variabilem,
1372 4288 1448 4351 hanc
1470 4307 1543 4368 per·

184 4389 307 4461 petuam
332 4397 399 4440 esse
423 4381 572 4441 convenit.

275 4468 323 4530 Da
348 4469 563 4548 astrologia
587 4488 662 4549 quae
679 4469 785 4549 scripsi
810 4470 847 4530 ad
873 4477 913 4543 te,
938 4466 1019 4529 seria
1042 4465 1161 4545 accipe;
1185 4485 1255 4527 nam
1278 4464 1303 4527 si
1323 4465 1399 4527 bene
1413 4463 1542 4539 memini,

186 4577 203 4618 e
228 4556 422 4636 dogmatibus
447 4566 478 4618 et
501 4558 647 4637 exemplis
672 4559 808 4629 ostendi,
839 4577 886 4619 me
914 4576 972 4617 non
1002 4563 1099 4616 totam
1121 4554 1309 4615 convellere.
1355 4553 1401 4616 Tu
1424 4555 1451 4616 si
1474 4552 1543 4632 quid

187 4647 236 4709 hic
260 4644 463 4725 praestiteris,
486 4646 606 4708 laudem
631 4655 717 4709 tanto
742 4647 896 4726 majorem,
922 4663 1010 4725 quam
1035 4661 1101 4722 ego,
1126 4642 1313 4721 reportabis,
1339 4648 1449 4724 quanto
1472 4660 1544 4723 pro-

186 4736 256 4817 pius
280 4734 447 4813 astrologia
470 4734 509 4795 ad
533 4755 605 4797 usus
628 4736 774 4798 humanos
798 4735 926 4808 accedit,
951 4740 1064 4812 quanto
1088 4730 1163 4792 baec
1187 4729 1326 4792 subtilior
1349 4731 1545 4793 astronomia.

187 4825 304 4887 Verum
341 4823 434 4900 scito,
466 4824 594 4906 primum
628 4832 718 4908 atque
747 4832 780 4887 tu
804 4831 902 4886 metas
930 4821 1082 4901 ἀκριβειας
1105 4826 1137 4880 et
1159 4818 1266 4882 virium
1289 4819 1411 4882 humaui
1434 4818 1545 4900 ingenii
