3428 5542
720 325 882 383 reem
1435 327 1477 399 91

115 482 210 546 οιιιίἰτ
241 483 390 566 siquidem
410 504 538 550 necesse
561 493 611 549 est
639 486 762 551 minima
786 490 965 552 consectari.
1012 488 1179 553 Meministi
1211 491 1241 553 in
1265 489 1363 554 tribus
1386 509 1479 571 supe-

114 572 244 636 rioribus
276 591 324 637 ma
353 574 487 641 dividere
516 576 583 651 illa,
613 594 688 657 quae
718 577 747 638 iu
770 584 879 640 natura
903 599 922 640 a
945 598 977 640 se
1003 587 1105 642 mutuo
1133 579 1283 661 pendent,
1307 588 1481 660 ‚propterea

115 662 195 744 quod
219 663 336 727 animae
358 671 468 727 natura
489 665 678 728 inimitabilis
702 673 759 728 est.
806 667 963 747 Digressio
977 668 1120 751 planetae
1144 666 1250 730 aSole
1272 667 1365 730 efficit
1388 666 1481 730 etiam

114 751 325 816 lentitudinem
349 760 458 816 motus.
503 754 550 817 Αι
572 772 629 833 ego
652 754 861 818 lentitudinem
886 758 934 818 vel
962 757 1212 837 inaequalitatem
1234 766 1333 819 motus
1356 764 1480 836 praesto

114 859 170 922 per
192 839 381 922 inaequalem
405 842 625 909 denticulorum
647 843 884 922 magnitudinem
908 854 939 907 et
957 846 1134 909 distantiam
1157 847 1187 908 iu
1212 845 1288 909 rotis
1311 845 1401 908 trium
1425 865 1479 908 su-

114 929 277 1010 periomm.
324 930 441 993 Deinde
464 931 635 1012 digressum
664 933 806 1012 planetae
830 943 954 1014 praesto
977 954 1030 1016 per
1054 934 1143 996 orbes
1167 942 1204 997 et·
1222 934 1383 997 curvatilia
1404 934 1479 997 bra·

114 1019 204 1091 cbia,
230 1019 336 1100 quibus
360 1019 485 1101 planeta
508 1021 769 1100 circumgestatur.
817 1025 852 1086 ln
868 1024 988 1086 Venere
1012 1033 1044 1086 et
1067 1027 1088 1100 t}
1112 1023 1222 1104 duplex
1236 1031 1285 1086 est
1308 1022 1479 1127 hujusmodi

115 1109 320 1188 inaequalitas
352 1116 386 1171 et
408 1117 507 1171 motus
538 1118 571 1172 et
594 1110 773 1186 distantiae,
808 1131 867 1174 una
889 1112 1001 1190 pendet
1025 1132 1044 1174 a
1067 1111 1177 1187 Terra,
1211 1114 1310 1174 altera
1339 1112 1411 1174 ab
1402 1111 1479 1193 ipsis

115 1196 252 1259 orbibus.
297 1197 457 1274 Dubitari,
482 1199 631 1280 quomodo
655 1209 783 1281 utraque
808 1200 849 1262 sit
871 1201 1066 1282 praestanda.
1111 1159 1202 1276 Dicb,
1230 1219 1285 1281 pro
1309 1200 1479 1291 inaequali-

116 1293 182 1348 tate
202 1294 301 1349 motus
325 1287 480 1368 utrimque
503 1297 662 1368 utrumque
686 1288 780 1351 etiam
805 1288 947 1352 circulum
970 1298 1003 1352 et
1025 1289 1148 1352 actricis
1172 1296 1205 1350 et
1221 1289 1339 1352 rotae
1330 1309 1478 1370 tuaequa-
1501 1296 1504 1315 ‘

117 1375 189 1437 liter
211 1375 413 1438 dividendum.
461 1377 505 1441 Ut
527 1395 600 1440 vero
625 1376 718 1439 etiarn
741 1395 833 1456 supra
857 1379 886 1441 in
912 1378 1012 1458 operis
1037 1377 1114 1440 facie
1138 1378 1259 1458 gemina
1282 1377 1479 1458 digressionis

116 1464 320 1544 inaequalitas
343 1465 536 1546 respoudeat,
560 1465 591 1527 id
615 1465 766 1528 difficilius
790 1473 847 1528 est.
886 1467 1083 1530 Tutissimum
1107 1473 1219 1540 tamem
1243 1474 1277 1528 ιιι
1295 1467 1480 1529 cohaereant

115 1553 218 1615 omnia
241 1571 368 1634 corpora
390 1561 422 1616 et
445 1554 549 1628 orbes,
573 1572 628 1616 uec
651 1555 746 1618 Terra
768 1555 975 1618 circumvebat
988 1555 1167 1630 interiores,
1190 1562 1225 1617 nt
1246 1555 1380 1635 proxime
1405 1574 1477 1618 ceu·

116 1661 246 1704 sueram.
293 1643 328 1705 In
352 1643 503 1706 Mercurio
535 1652 635 1706 autem
659 1644 748 1707 alteri
777 1644 956 1724 digresaiuui
987 1644 1094 1708 malins
1118 1643 1250 1707 succurri
1282 1652 1401 1724 potest,
1434 1662 1478 1707 sc.

114 1749 171 1811 per
194 1731 421 1815 ampliationem
444 1741 478 1795 et
495 1733 733 1795 contractionem
758 1733 849 1795 orbis.
895 1735 1069 1798 Potuissem
1092 1733 1168 1796 haec
1186 1734 1252 1814 jam
1271 1730 1423 1808 omittere',
1447 1740 1482 1794 ut

115 1820 214 1884 adbuc
238 1821 416 1903 imperfecta
442 1831 476 1884 et
502 1822 600 1884 miuus
623 1821 653 1885 iu
678 1840 769 1902 opere
793 1822 860 1901 ipso
883 1824 1072 1887 necessaria:
1102 1823 1157 1886 sed
1176 1824 1299 1904 scripsi,
1332 1831 1365 1885 ut
1388 1821 1480 1885 testi-

115 1910 247 1972 mouium
269 1919 374 1973 esseut
396 1930 482 1974 meae
506 1930 606 1979 curae.

188 2049 222 2113 (s
240 2051 318 2104 uam
336 2037 361 2103 ι’
380 2052 404 2104 ι.
425 2050 468 2102 ar.
488 2053 553 2119 sug.
575 2046 664 2113 rste.)
685 2080 718 2091 -
737 2050 812 2112 nen,
833 2051 856 2103 u.
879 2049 905 2103 s.
924 2050 988 2104 neo.
1010 2049 1088 2114 reue,
1106 2053 1171 2105 uase
1190 2054 1324 2105 musena
1341 2058 1414 2103 suns:

207 2265 377 2328 Mercurius
400 2273 470 2328 tune
493 2265 617 2329 aberrat
635 2273 829 2328 constanter:
854 2283 946 2346 qnare
960 2265 1039 2341 vide,
1065 2284 1123 2345 qno
1143 2272 1234 2345 pacto
1258 2275 1358 2328 motus
1381 2265 1480 2346 lougi-

117 2353 233 2416 tudiuis
256 2354 434 2434 corrigatur.
481 2353 561 2416 Ecce
586 2355 665 2415 enim
688 2355 726 2416 ad
750 2355 854 2417 literas
879 2373 955 2434 quas
977 2351 1007 2417 4.
1027 2353 1100 2417 Julii
1124 2355 1283 2435 scripsisti,
1309 2374 1376 2416 cum
1399 2361 1483 2416 esset

117 2444 260 2523 Angusto
294 2461 397 2505 meuse
428 2443 686 2524 respondendum,
720 2461 824 2505 meuse
847 2443 1007 2505 Decembri
1035 2442 1223 2524 responde03
1255 2463 1331 2523 quas
1355 2443 1481 2506 Octobri

117 2550 221 2594 mense
244 2532 348 2612 procul
371 2531 462 2593 dubio
486 2530 645 2612 scripsisti,
670 2531 709 2593 ad
734 2550 808 2611 quas
827 2531 920 2594 etiam
938 2532 994 2594 hoc
1009 2531 1168 2594 Decembri
1183 2551 1360 2613 responsum
1378 2532 1480 2611 procul

117 2620 209 2683 dubio
233 2628 397 2703 expectas,
431 2620 591 2682 dummodo
615 2620 798 2694 reddantur,
830 2620 1061 2701 respondebitur
1089 2621 1221 2683 fortasse
1253 2620 1294 2694 (si
1316 2619 1383 2682 Deo
1410 2621 1480 2701 pla·

116 2709 214 2772 cuerit
236 2704 283 2773 ine
306 2704 457 2788 tantisper
479 2710 606 2786 vivere),
631 2728 733 2772 meuse
748 2710 874 2772 Martio.
910 2708 1025 2772 Misisti
1048 2708 1079 2773 4.
1095 2706 1169 2772 Julii
1192 2710 1324 2788 scriptas
1347 2709 1479 2772 Ulmum.

116 2797 181 2861 Eas
205 2799 330 2879 pertulit
352 2798 487 2861 Jacobus
510 2807 615 2861 noster
637 2799 770 2879 ignarus,
795 2807 882 2862 eraut
906 2799 985 2861 euim
1009 2799 1181 2880 implicatae
1205 2799 1293 2862 alter
1286 2817 1325 2873 rs
1351 2816 1427 2879 qnae
1450 2797 1480 2860 in

117 2885 307 2950 carinthiam
322 2887 513 2968 spectabant.
547 2888 591 2950 Ut
613 2888 740 2951 venitin
756 2887 991 2958 Corinthiam,
977 2907 1044 2968 Jam
1067 2906 1170 2950 rursus
1193 2887 1264 2949 illac
1277 2904 1479 2965 ascensurus,

117 2976 334 3040 animadvertit
356 2976 498 3052 errorem,
524 2985 630 3057 aperto
654 2977 706 3039 illo
730 2978 882 3040 involucro
904 2995 959 3060 per
983 2996 1060 3052 eum,
1085 2976 1133 3039 cui
1150 2975 1339 3039 mittebatur.
1372 2976 1480 3055 Itaque

118 3065 225 3140 literas
247 3070 318 3128 tuas
341 3065 460 3142 remisit
486 3066 515 3128 iu
540 3063 693 3149 Styriam,
727 3066 791 3147 ipse
819 3067 954 3146 perrexit
981 3066 1011 3130 iu
1035 3064 1199 3129 Sueviam:
1233 3065 1339 3145 opinor
1369 3072 1480 3137 tamen,

118 3153 178 3216 etsi
202 3155 369 3235 legitimum
394 3172 571 3236 responsum
594 3175 652 3217 uon
675 3156 842 3235 pertulerit,
867 3155 1028 3235 pertulisse
1047 3163 1148 3218 tamen
1169 3155 1286 3218 abunde
1310 3153 1479 3216 verborum.

118 3242 153 3305 Si
178 3243 249 3325 quid
273 3242 400 3307 Octobri
423 3261 526 3306 mense
550 3243 598 3305 vel
621 3244 784 3312 Novembri
810 3244 975 3326 scripsisti,
1005 3245 1036 3306 id
1059 3245 1140 3307 scias
1164 3245 1236 3307 mihi
1259 3242 1390 3306 noudum
1413 3260 1481 3305 esse
1534 3238 1536 3242 ’

119 3332 282 3395 redditum.
329 3334 407 3396 Nam
430 3325 626 3413 perlatorem,
652 3352 738 3414 quem
761 3333 895 3396 Jacobus
919 3333 974 3396 tibi
998 3334 1226 3415 designaverat,
1250 3351 1348 3394 rerum
1372 3349 1480 3394 conse-

118 3430 190 3484 cuta
212 3422 407 3499 commutatio
430 3421 598 3485 absterruit
621 3422 679 3497 (uti
703 3423 823 3485 omniuo
846 3424 936 3502 puto)
959 3443 997 3485 ne
1021 3422 1155 3506 Styriam
1178 3423 1415 3503 ingrederetur.

207 3509 241 3571 ln
264 3511 410 3591 principio
435 3508 685 3573 Germanicarum
708 3511 863 3574 literarum
887 3531 1018 3573 errorem
1041 3530 1174 3592 agnosco
1199 3511 1366 3576 verborum.
1401 3508 1481 3572 Seu-

118 3618 171 3661 sus
194 3599 315 3661 omuino
338 3600 438 3662 verbis
460 3601 521 3662 illis
545 3621 564 3661 a
588 3619 634 3662 me
658 3600 812 3681 usurpatis
834 3600 915 3665 inest
937 3601 1028 3663 talis:
1053 3601 1144 3663 Velle
1157 3619 1206 3664 me
1224 3599 1387 3662 defendere
1408 3615 1480 3678 pro-

117 3688 249 3771 positum
277 3706 374 3750 meum
407 3706 509 3752 coram
543 3696 584 3752 te.
631 3688 726 3770 Atqui
755 3688 853 3751 hercle
882 3709 940 3751 nou
970 3690 1001 3752 id
1034 3689 1108 3752 mibi
1139 3690 1197 3752 fnit
1228 3687 1338 3764 animi,
1372 3684 1482 3748 abortii

118 3777 260 3859 quicquid
283 3777 315 3840 id
338 3785 387 3842 est
408 3778 577 3848 verborum.
625 3777 752 3840 Sensum
776 3778 855 3842 enirn
878 3797 946 3840 esse
970 3778 1069 3855 volui,
1099 3777 1294 3860 suppeditare
1317 3795 1365 3839 me
1388 3792 1480 3857 prae-

118 3866 233 3945 ceptori
255 3867 394 3946 exempla
416 3873 522 3929 vetera
544 3868 618 3941 (uon
643 3868 763 3945 quidem
787 3867 873 3948 quasi
897 3886 1047 3942 censeam,
1072 3868 1126 3930 illa
1142 3868 1282 3947 ignorare
1305 3875 1347 3941 te,
1371 3865 1425 3928 sod
1450 3872 1483 3926 ιιι

118 3964 150 4016 te
173 3955 290 4017 illomm
313 3956 618 4031 commonefacerem
641 3955 834 4031 Erinneren.)
859 3956 965 4037 quibus
985 3956 1132 4036 exemplis
1150 3968 1246 4018 meam
1263 3957 1373 4017 lamam
1387 3953 1481 4017 Stnc-

118 4044 239 4107 cardias
263 4053 369 4108 contra
392 4044 629 4119 obtrectatores,
654 4044 680 4106 si
705 4046 754 4126 qni
778 4046 854 4108 forte
880 4045 1026 4120 existant,
1058 4046 1213 4109 defendat.
1260 4045 1365 4125 Itaque
1388 4042 1483 4105 verba

118 4153 156 4196 zu
177 4134 296 4197 mebrar
316 4133 484 4196 Defensiou
507 4131 603 4197 meins
626 4134 803 4198 Fiirbabeus
827 4134 871 4198 sic
895 4133 1099 4215 accipiantur,
1123 4134 1179 4197 das
1203 4134 1256 4197 der
1278 4134 1317 4196 Η.
1342 4133 1377 4195 Ρ.
1401 4131 1481 4195 mein

119 4221 267 4285 ffirbabeu
300 4223 387 4292 desto
420 4222 526 4285 bessar
554 4221 710 4286 deiendim
743 4223 872 4287 kbtude.
919 4222 982 4286 Sed
1014 4223 1091 4286 bene
1124 4223 1244 4297 iecisti,
1280 4223 1330 4303 qui
1360 4221 1482 4285 lituram

119 4310 259 4374 inducere
282 4310 480 4376 incommodis
502 4311 572 4374 istis
594 4311 695 4375 verbis
718 4312 866 4376 statuisti.
913 4312 1037 4384 Utinam
1061 4331 1135 4375 sane
1163 4311 1290 4376 feceris!
1338 4307 1482 4374 Ceterum

118 4400 176 4463 boc
198 4419 256 4463 uuo
280 4403 432 4478 σφαλμαπ
455 4407 597 4480 excepto,
621 4400 708 4464 vides
731 4401 806 4481 ipae,
831 4400 998 4465 consultius
1021 4401 1126 4474 fuisse,
1148 4408 1183 4464 nt
1205 4408 1236 4463 te
1260 4400 1429 4480 alloquerer
1451 4396 1481 4459 iu

117 4489 173 4553 illa
194 4489 334 4570 epistola,
359 4508 447 4571 quem
470 4489 563 4552 etiam
584 4489 724 4570 princeps
740 4490 968 4571 alloquebatur:
993 4489 1200 4571 ut,.quoniam
1225 4508 1281 4570 ego
1304 4509 1324 4549 a
1346 4484 1481 4569 principe

118 4597 173 4659 per
186 4586 218 4646 te
231 4577 450 4643 internuncium
470 4578 690 4659 interrogabar,
713 4578 855 4659 princeps
877 4579 969 4642 etiam
992 4600 1011 4641 a
1031 4599 1078 4643 me
1092 4597 1269 4660 responsum
1282 4595 1337 4658 per
1355 4574 1482 4642 eundem

118 4677 149 4730 te
174 4667 310 4730 baberet.
357 4664 466 4730 Sciunt
488 4685 612 4741 omnes,
640 4685 698 4731 uun
722 4686 791 4730 asse
814 4667 947 4731 literatis
970 4667 1000 4733 in
1024 4687 1107 4737 more
1134 4667 1285 4749 positum,
1318 4663 1482 4728 vernacula

119 4775 204 4820 mera
224 4754 290 4820 uti:
323 4773 380 4820 nen
402 4755 529 4820 obscure
551 4755 733 4836 conjiciunt,
767 4756 895 4837 principi
918 4774 964 4819 me
988 4756 1071 4820 dicta
1094 4756 1193 4830 velle,
1227 4772 1303 4837 quaa
1326 4753 1383 4816 tibi
1406 4751 1478 4814 dixi.

63 4892 73 4901 ,
119 4843 208 4924 Quod
230 4845 391 4915 immotum
411 4862 566 4918 nnmerum
588 4844 802 4916 clericulomm
825 4845 939 4914 attinet
961 4845 991 4914 iu
1014 4844 1245 4921 rebellaretis,
1269 4841 1409 4907 existuno
1431 4858 1479 4905 rue
