3428 5542
757 295 840 349 usas
857 297 974 349 auom.
1308 240 1316 255 ’
1479 295 1557 364 279.

186 458 212 500 ιιι
230 464 373 516 oppugnare
392 456 534 516 attentavit,
552 452 642 504 Scotns
659 455 761 518 qnidam
779 460 880 507 natoue
900 457 953 516 fnit,
973 455 1113 506 medicinae
1132 455 1268 508 Galsnicae
1287 456 1385 516 doctor,
1406 464 1432 506 et
1449 457 1543 507 Aristo

185 522 268 572 teleae
294 521 462 587 philosophiae
486 539 561 589 supra
578 526 677 575 modum
696 527 824 585 addictus,
852 542 925 592 quem
949 527 991 577 bio
1008 526 1136 576 nominare
1161 526 1218 575 nolo
1242 530 1296 590 ejus
1318 526 1404 578 honori
1430 527 1548 590 posent.

186 592 248 640 Vult
266 593 364 657 quidem
388 596 409 644 is
427 609 519 659 genere
537 595 626 645 nobilis
648 596 748 650 haberi.
773 599 810 647 uti
829 598 860 647 de
878 613 905 648 se
928 599 981 660 ipso
1006 597 1142 647 nonnullibi
1159 597 1284 652 insinuat.
1312 597 1356 647 sed
1374 604 1459 647 tamen
1478 596 1543 647 dicto

185 662 327 727 philosopho
346 664 444 714 ethnico
462 667 534 715 nimis
552 665 672 716 serviliter
689 669 784 731 potiore
803 670 840 717 sui
859 675 942 731 parte.
963 667 988 718 h.
1008 681 1030 716 e.
1050 667 1122 731 genio
1141 671 1167 716 et
1185 668 1299 732 ingenio.
1321 668 1347 716 in
1365 666 1413 718 hoc
1429 679 1542 730 praeser-

184 734 228 782 tim
248 734 279 783 de
299 737 400 784 cometis
418 738 527 800 negotio,
546 738 710 799 mancipatus.
748 737 810 787 Cum
829 740 870 788 ille
889 754 919 789 ex
937 739 1113 787 intercessione
1132 738 1260 800 cujusdam
1278 738 1316 786 snl
1334 738 1491 787 conterranei
1502 751 1544 788 me

184 805 224 854 hic
247 805 376 855 invisentis
400 806 487 855 librum
514 814 624 856 nostrum
652 809 788 859 secundnm
807 810 837 859 de
864 809 972 859 aetherei
996 808 1080 857 mundi
1106 808 1295 871 phoenomenis.
1322 809 1363 872 qnl
1388 809 1419 857 de
1438 807 1544 859 Cometa

185 876 244 923 anni
263 872 305 922 77.
326 875 422 926 elisum
441 883 542 934 tractat,
561 879 646 926 statim
665 885 739 941 atque
758 881 778 928 is
796 882 861 944 typis
880 881 1005 930 absolutus
1024 884 1087 935 erat,
1107 880 1251 942 recepisset.
1271 880 1368 941 seriptis
1381 879 1413 927 ad
1431 892 1472 928 me
1483 879 1541 929 lite·

183 947 217 994 ris
236 947 384 996 assertiones
402 955 499 997 nostras
517 947 591 998 isthic
610 949 811 1012 comprehensas,
840 952 985 1014 praesertim
1009 949 1073 1014 qnod
1093 956 1216 999 cometam
1244 950 1312 999 illurn
1334 951 1360 998 in
1384 949 1544 1000 aetherea

184 1017 289 1065 mundi
318 1018 445 1082 regione
473 1025 499 1069 et
516 1032 672 1083 nequaqnam
692 1021 838 1071 elementari
856 1019 956 1083 (contra
978 1035 1052 1086 qnam
1076 1021 1160 1070 docuit
1177 1017 1335 1080 Aristoteles)
1354 1035 1452 1070 cursum
1470 1034 1542 1073 suum

184 1087 317 1136 absolvisse
335 1089 498 1148 ostenderim,
525 1092 552 1139 in
571 1091 672 1140 dubium
691 1106 780 1141 vocare
798 1098 825 1141 et
842 1098 961 1157 quantum
986 1093 1083 1153 inipso
1112 1097 1166 1141 erat
1192 1091 1345 1141 labefactare
1364 1096 1469 1141 conatus
1494 1097 1540 1141 eet

184 1157 361 1207 Existimabam
391 1167 457 1209 certe
476 1161 508 1209 ab
531 1161 610 1218 initio,
637 1162 761 1212 hominem
787 1165 868 1213 amice
894 1169 920 1212 et
944 1163 1050 1212 candide
1073 1162 1182 1211 veritatis
1209 1162 1316 1224 penitius
1340 1161 1541 1210 manifestandae

182 1229 266 1292 gratia
283 1229 309 1277 id
326 1230 405 1292 ipsum
424 1244 507 1294 agere.
545 1230 618 1292 Quod
636 1238 662 1281 et
679 1233 750 1282 multi
770 1233 810 1281 alii
828 1249 878 1283 non
896 1233 1011 1283 ineruditi
1030 1233 1075 1281 riri
1091 1246 1187 1280 mecum
1200 1231 1294 1295 opinati
1306 1238 1377 1285 sunt.
1402 1233 1539 1296 intorques

182 1305 238 1347 erat
255 1299 402 1363 magnificus
427 1301 468 1350 ille
486 1301 502 1350 J
509 1315 551 1350 ac.
573 1302 714 1355 Curtius.
743 1303 838 1367 imperii
862 1303 1069 1367 procancellarius
1088 1299 1133 1351 he.
1171 1305 1205 1351 At
1224 1302 1298 1353 scoto
1320 1301 1390 1358 hnic,
1417 1316 1473 1351 eum
1491 1316 1541 1352 non

182 1370 260 1416 solnm
279 1371 452 1420 Aristoteleam
471 1374 645 1421 anctoritatem
663 1374 766 1422 multum
785 1381 872 1424 contra
889 1389 934 1423 nos
953 1375 1093 1429 venditarit,
1114 1373 1158 1422 sed
1171 1373 1247 1422 etiam
1259 1373 1436 1437 geometricum
1454 1373 1540 1422 nescio

181 1440 239 1503 qnid
258 1454 301 1502 pro
319 1454 366 1490 sna
384 1442 497 1505 opinione
515 1443 665 1492 stabilienda
682 1446 839 1507 pertexuerit,
858 1447 905 1508 ipsi
923 1445 968 1493 soli
986 1444 1096 1494 modeste
1116 1443 1263 1493 obviandum
1282 1445 1384 1499 censui,
1403 1444 1493 1506 partim
1511 1448 1540 1492 ut

182 1513 235 1571 ejus
255 1511 420 1572 objectiones,
447 1527 510 1576 quae
535 1516 643 1576 speciem
661 1516 784 1577 quandam
805 1518 854 1565 veri
874 1529 932 1579 prae
949 1529 977 1565 se
1001 1516 1115 1565 ferebant
1143 1521 1169 1563 et
1186 1516 1299 1563 incantos
1326 1514 1401 1563 facile
1419 1515 1445 1562 in
1465 1513 1540 1563 deria

182 1582 293 1643 abripere
312 1588 436 1644 poterant,
456 1584 586 1635 diluerem.
616 1586 704 1647 partim
729 1594 758 1634 ut
775 1586 895 1635 nonnulla
911 1588 937 1634 in
957 1586 1043 1635 eodem
1061 1585 1093 1634 ll.
1112 1592 1179 1634 tomo
1204 1588 1325 1635 contenta
1341 1584 1438 1647 plenius
1456 1590 1484 1633 et
1500 1583 1537 1633 dl·

181 1651 287 1701 lucidius
314 1653 461 1715 explicarem
487 1659 562 1717 atqn'e
581 1655 612 1704 de
631 1670 657 1704 re
677 1659 798 1706 cometica
816 1658 969 1721 generaliore
993 1656 1098 1719 quodam
1117 1656 1189 1705 modo
1212 1655 1332 1704 nonnulla
1359 1655 1459 1704 ulterius
1479 1667 1537 1703 eon·

181 1724 323 1787 signarem:
348 1737 459 1786 sperans,
479 1740 517 1773 me
536 1726 582 1787 ipsi
601 1733 628 1774 et
645 1727 699 1775 eliis
718 1729 829 1776 veritatis
852 1728 901 1778 hac
919 1728 944 1775 in
969 1735 1040 1790 parte
1058 1727 1234 1776 scrutatoribus
1253 1740 1304 1775 rem
1326 1724 1394 1774 hand
1412 1725 1538 1789 ingratam

183 1795 218 1843 sio
246 1795 428 1856 praestitumm.
471 1794 555 1856 Quare
581 1800 719 1859 conscripta
746 1804 937 1865 extemporanea
962 1798 1069 1862 quadam
1092 1797 1215 1862 Apologia
1241 1810 1297 1845 eam
1324 1797 1350 1844 in
1369 1793 1478 1844 Scotiam
1506 1792 1539 1844 ad

180 1864 366 1927 antagonistam
383 1872 493 1914 nostrum
512 1868 635 1916 transmisi
663 1867 815 1932 eandemque
834 1882 890 1918 cum
908 1869 1053 1933 quibusdam
1082 1868 1137 1918 aliis
1156 1868 1181 1915 in
1201 1867 1336 1916 Germania
1353 1866 1409 1913 viris
1428 1879 1537 1915 commn-

179 1936 269 1990 nicavi,
298 1943 428 1984 uteorum
448 1949 565 1986 censuras
583 1939 676 2001 pariter
695 1941 852 2002 exquirerem.
891 1937 968 2000 (Hinc
988 1945 1042 1987 orta
1060 1952 1115 1988 esse
1134 1937 1229 1987 videtur
1247 1937 1311 1985 falsa
1329 1937 1411 2000 opinio
1429 1949 1535 1998 quorun·

177 2005 238 2054 dam
256 2005 322 2053 hanc
341 2006 480 2071 apologiam
498 2008 588 2070 publici
608 2010 670 2070 juris
688 2009 782 2059 factam
801 2007 877 2067 esse.)
914 2010 943 2059 In
961 2009 1010 2058 hae
1030 2010 1145 2074 apologia
1173 2022 1212 2056 me
1231 2006 1368 2056 modestiae
1386 2006 1476 2054 limites
1495 2019 1535 2055 ne·

179 2076 247 2138 piam
264 2085 445 2141 transgressum
463 2083 507 2126 aut
525 2078 582 2141 quid
601 2081 663 2128 citra
681 2093 732 2128 rem
751 2080 880 2143 protulisse
905 2080 1029 2142 mihiipsi
1054 2095 1104 2128 non
1123 2093 1177 2127 snm
1205 2079 1324 2127 conscius.
1363 2079 1397 2125 At
1416 2074 1537 2141 quomodo

178 2145 335 2209 philosophus
354 2147 394 2196 ille
413 2148 583 2198 aristotelicus
602 2157 712 2198 nostram
729 2149 795 2201 hano
814 2151 947 2200 candidam
966 2157 992 2200 et
1009 2152 1055 2213 ipsi
1073 2151 1111 2198 uti
1128 2149 1260 2212 sperabam
1279 2154 1410 2211 acceptam
1428 2147 1537 2196 futuram

166 2217 341 2278 ‚intentionem
359 2220 489 2281 exceperit,
510 2220 558 2269 dici
571 2221 609 2268 vix
622 2226 710 2282 potest.
748 2221 881 2285 Postquam
900 2223 966 2270 enim
984 2235 1062 2284 usque
1081 2221 1106 2269 in
1125 2221 1225 2268 tertium
1238 2231 1332 2268 annum
1350 2219 1417 2268 hsnc
1430 2217 1537 2267 amicam

178 2287 318 2351 apologiam
335 2302 420 2337 secum
438 2291 580 2339 retinuisset
603 2291 712 2354 nihilque
730 2294 840 2355 responsi
867 2298 938 2341 tanto
957 2297 1069 2354 tempore
1092 2291 1287 2354 perscripsisset‚
1316 2304 1372 2338 eum
1391 2289 1429 2338 vel
1447 2288 1536 2339 nostris

177 2357 344 2407 diluitionibus
369 2361 521 2422 acquievisse
540 2368 566 2410 et
583 2363 609 2411 in
626 2361 673 2410 has
691 2364 834 2412 transivisse
852 2368 935 2425 partes
955 2363 1143 2420 existimabam,
1174 2360 1221 2416 vel,
1240 2360 1304 2422 quod
1324 2359 1536 2408 contradictiones

178 2443 227 2478 non
247 2428 320 2478 facile
339 2429 441 2479 ulterius
461 2438 625 2488 occurrerent,
644 2433 802 2482 continuisse.
839 2433 951 2483 Tandem
969 2447 1040 2487 vero.
1067 2438 1138 2495 rupto
1156 2431 1197 2479 illo
1216 2429 1268 2479 alto
1289 2429 1398 2489 silentio,
1419 2430 1536 2491 scripturn

177 2499 302 2563 quoddam
321 2501 547 2566 antapologeticnm
565 2503 638 2565 paulo
657 2503 811 2552 virulentiore
831 2510 856 2553 et
865 2503 1018 2552 mordaciore
1033 2504 1124 2559 animo,
1144 2515 1219 2565 quam
1238 2501 1302 2562 prins
1315 2514 1359 2563 per
1371 2500 1455 2548 literas
1474 2512 1532 2564 ege·

177 2577 225 2627 rat,
245 2572 271 2618 in
289 2585 333 2618 nos
351 2572 454 2620 vibravit
473 2571 518 2622 dcc.
556 2573 665 2621 'situlum
683 2574 743 2624 fecit
759 2575 817 2625 huic
836 2573 992 2623 stomachose
1013 2581 1038 2622 et
1056 2572 1171 2623 insolenti
1185 2573 1287 2634 scripto:
1308 2569 1535 2635 Gapnnraniae

177 2642 348 2690 restinctio
367 2657 419 2691 sen
439 2650 628 2694 cometarum
651 2645 680 2691 in
701 2644 837 2694 aethere
862 2644 1104 2693 sublimationis
1127 2642 1287 2691 refutatio
1307 2639 1352 2690 dcc.
1390 2639 1533 2690 solidiorem

177 2717 203 2760 et
221 2712 354 2776 specialem
372 2715 425 2774 ejus
443 2714 629 2777 replicationem
646 2717 698 2763 una
716 2730 772 2764 cum
791 2716 946 2765 convenienti
964 2715 1114 2763 refutatione
1133 2713 1207 2762 alicui
1227 2725 1257 2760 ex
1274 2713 1365 2760 nostris
1384 2713 1469 2761 amicis
1488 2715 1535 2760 ant

176 2784 252 2832 etiam
270 2782 394 2845 discipulis
412 2785 500 2834 harum
517 2799 597 2834 rerum
615 2787 698 2849 gnaris
716 2801 760 2834 suo
779 2794 887 2850 tempore
907 2786 1075 2848 exequendam
1093 2783 1279 2844 commendabo,

247 2853 320 2902 ilaec
332 2853 417 2916 Tycho
435 2853 462 2916 (e
479 2856 556 2905 literis
576 2856 600 2905 d.
612 2855 712 2905 Uranib.
733 2857 756 2906 d.
778 2856 816 2905 11.
830 2858 888 2907 lan.
911 2853 979 2904 1595
997 2858 1023 2905 in
1043 2857 1136 2919 ,Epist
1148 2853 1265 2903 Astron.“
1285 2855 1327 2904 lib.
1341 2853 1361 2902 1.
1375 2867 1399 2915 p.
1414 2848 1466 2901 284
1479 2866 1531 2916 sqq.
1560 2860 1563 2864 ·

177 2924 216 2972 ed.
231 2925 344 2973 Francof.
364 2939 388 2973 a.
410 2924 499 2988 1610).
538 2926 680 2976 Gasseudns
698 2929 723 2976 in
742 2930 794 2977 rita
806 2928 930 2990 'l'ychonis
942 2928 1024 2982 refert.
1045 2926 1146 2976 Scotum
1159 2926 1226 2975 huus
1239 2921 1365 2975 Medicum
1382 2923 1467 2978 fuisse.
1486 2938 1531 2971 no·

176 2997 243 3043 mine
262 2993 439 3059 Craigium,
460 3004 489 3046 et
504 2997 802 3062 Longomontanum,
825 2998 948 3062 Tychonis
968 2998 1114 3060 discipulum
1133 2995 1306 3058 conscripsisse
1326 2993 1472 3057 Apologiam
1491 3007 1534 3056 pro

176 3065 306 3128 Tychone,
335 3081 399 3129 quae
417 3069 438 3117 si
456 3070 538 3133 utique
558 3070 697 3132 conscripta
716 3078 783 3126 certe
802 3085 851 3118 non
864 3070 954 3133 publici
963 3071 1025 3131 juris
1038 3069 1107 3118 facte
1117 3074 1163 3117 est.
1178 3065 1275 3129 (Comp.
1290 3064 1386 3114 Molleri
1401 3063 1535 3126 ,Cymbria

175 3136 305 3267 litegrgaai⁴
332 3136 364 3186 11.
388 3154 412 3201 p.
437 3136 493 3186 110.
521 3146 547 3188 et
571 3137 701 3189 Scheibelii
722 3140 881 3205 ,Einleitung
899 3155 941 3189 cur
959 3138 1182 3189 mathematischen
1202 3134 1464 3191 Bircherlrenntniss,“
1486 3133 1533 3190 111.

246 3277 276 3326 In
295 3278 381 3327 eodem
401 3285 484 3327 eutem
502 3280 623 3329 volumine
643 3280 865 3344 Mannscriptorum
879 3281 1130 3343 Petropolitanorum‚
1150 3294 1164 3327 e
1183 3293 1229 3343 qno
1250 3277 1411 3326 desumsimns
1432 3276 1535 3338 Keplerl

176 3350 341 3413 fragmentum
360 3364 510 3398 concernens
530 3350 585 3400 Ursi
603 3351 789 3411 refutationem,
818 3352 1022 3413 deprehendimus
1051 3350 1118 3399 alind
1141 3352 1308 3414 fragmentum
1326 3347 1429 3409 Kepleri
1458 3360 1536 3396 mann

176 3421 294 3483 scriptum
312 3417 347 3479 (c.
366 3421 462 3469 initium
482 3423 540 3470 anni
553 3419 641 3481 1601),
660 3423 815 3486 inscriptum:
842 3421 1014 3471 Refntatio
1033 3420 1151 3477 libelli,
1171 3421 1220 3471 cui
1239 3418 1355 3468 titulus
1375 3417 1534 3481 Gapnnra·

177 3492 252 3540 niae
271 3491 455 3540 restinctio.

247 3560 323 3612 Stetit
348 3576 406 3626 ergo
424 3561 547 3625 Keplerus
575 3562 623 3612 fide
648 3576 721 3626 quam
740 3562 850 3625 Tychoni
875 3562 990 3620 dederat,
1020 3562 1130 3625 quamvis
1155 3560 1330 3610 refutationem
1352 3558 1418 3607 hanc
1444 3557 1537 3619 pariter

177 3641 252 3697 atque
270 3633 338 3683 illem
357 3632 414 3682 Ursi
431 3648 481 3682 non
501 3633 639 3683 absolutam
657 3634 789 3697 reliquerit

248 3754 319 3805 llaec
338 3760 422 3806 antem
441 3760 500 3806 sunt
518 3770 582 3821 qnae
601 3757 667 3806 dicto
686 3756 739 3806 loco
759 3761 872 3805 exstant:

257 3881 284 3935 si
306 3881 484 3951 Capnurania
505 3891 563 3944 tua,
584 3881 626 3935 vir
646 3883 810 3946 doctissime,
832 3883 865 3934 de
887 3880 942 3934 tuis
964 3882 1007 3935 vel
1023 3879 1160 3950 Tychonis
1181 3875 1297 3946 privetis
1319 3874 1405 3927 rebus
1427 3875 1538 3940 ageret,

177 3963 227 4015 abs
250 3968 279 4015 te
300 3969 436 4031 peterem,
458 3962 499 4015 uti
520 3961 585 4016 mihi
606 3962 778 4032 ignosceres,
804 3962 875 4031 quod
896 3960 1008 4031 ignotus
1031 3967 1060 4013 et
1081 3960 1234 4012 Germanus
1256 3962 1284 4009 te
1306 3954 1421 4007 Scotum
1441 3951 1539 4003 adver·

177 4042 280 4095 sarium
306 4041 370 4096 mihi
396 4041 561 4111 delegerim,
588 4048 718 4113 tuumque
744 4043 867 4095 libellum
896 4041 1071 4094 refutandum
1097 4036 1247 4091 sumserim.
1288 4030 1440 4086 Potitionis
1461 4043 1540 4117 meae

176 4138 277 4175 causas
299 4121 430 4174 haberem
450 4129 496 4174 set
516 4122 665 4191 speciosas.
707 4123 752 4175 Ex
773 4139 826 4191 quo
847 4137 965 4188 namque
987 4136 1062 4189 spem
1093 4116 1205 4185 concepi
1227 4115 1286 4168 fore
1306 4119 1340 4166 ut
1359 4117 1540 4166 astronomia,

177 4219 259 4273 quam
279 4201 458 4254 vehementer
478 4217 552 4263 arno,
575 4202 712 4270 Tychonis
734 4218 821 4271 opera
841 4200 1012 4268 perficietur:
1045 4216 1098 4251 non
1119 4212 1230 4266 possum
1252 4211 1306 4247 non
1326 4191 1425 4244 itidem
1447 4200 1542 4239 amare

176 4282 265 4335 virum
287 4287 344 4334 tam
365 4280 502 4334 eximium.
545 4281 621 4335 Unde
643 4282 775 4352 sequitur.
798 4288 830 4334 ut
851 4279 978 4349 quidquid
1000 4279 1086 4349 ipsius
1102 4278 1193 4330 famae
1215 4270 1421 4337 commodisque
1444 4266 1541 4318 adver·
1591 4321 1595 4328 ⁸

178 4368 271 4423 satur,
292 4360 318 4412 ei
339 4377 390 4421 me,
413 4366 544 4430 quantum
565 4361 623 4415 fieri
644 4367 738 4430 potest
758 4369 788 4414 et
808 4361 940 4413 honestas
962 4359 1076 4429 patitur,
1100 4371 1244 4426 opponam.

195 4493 199 4499 .
257 4442 410 4492 Accederet
430 4449 460 4494 et
480 4441 556 4503 illud,
579 4443 657 4511 quod,
680 4458 751 4493 cum>
762 4441 787 4492 iu
802 4442 898 4492 eadem
912 4456 972 4492 cum
986 4440 1032 4509 Ty
1042 4438 1149 4490 chone
1164 4434 1248 4501 culpe
1263 4444 1353 4517 ponas
1369 4430 1401 4507 et
1414 4422 1542 4476 Maest-

177 4521 284 4574 linum
305 4527 513 4589 praeceptorem
534 4537 637 4582 meum,
669 4538 722 4573 non
744 4519 826 4573 venia
846 4519 946 4579 solum.
977 4520 1024 4571 sed
1046 4525 1076 4570 et
1096 4517 1178 4569 leude
1199 4513 1314 4580 dignum
1331 4521 1399 4594 June
1421 4515 1543 4589 1110111111·

178 4600 283 4662 ciares,
306 4599 329 4651 si
351 4599 450 4652 famam
470 4600 540 4667 ejus,
563 4600 615 4653 etsi
638 4608 786 4669 praeterea
807 4598 875 4651 nihil
896 4614 1022 4668 agerem,
1044 4603 1142 4650 contra
1164 4602 1228 4647 tues
1250 4585 1458 4672 criminationes
1480 4579 1544 4630 lite-

176 4680 267 4734 rarias
289 4695 449 4734 assererem.
492 4681 553 4733 Non
573 4681 657 4733 debet
678 4679 748 4732 enim
775 4678 873 4730 mortui
895 4686 925 4730 et
945 4678 1048 4732 ethnici
1069 4669 1261 4745 praeceptoris
1288 4667 1444 4716 auctoritas
1466 4660 1543 4725 apud

178 4768 207 4814 te
228 4766 406 4814 sacrosancte
427 4777 496 4822 esse,
520 4762 592 4829 apud
613 4776 655 4812 me
676 4759 730 4811 vivi
752 4766 781 4809 et
803 4757 952 4810 Christiani
974 4757 1036 4811 vilis
1057 4754 1165 4810 haberi.
