3428 5542
706 338 737 390 tle
755 339 829 391 rebus
846 341 1007 406 uuougtcu.
1469 341 1534 408 325

175 496 268 616 mla·
296 503 324 546 st
348 495 568 547 electionibus
587 496 695 548 mutuis?
732 498 804 548 Multi
830 513 949 565 magnam
974 499 1021 549 illia
1048 501 1188 551 efficaciam
1216 501 1334 552 tribuunt
1371 503 1424 567 Ego
1449 510 1537 553 conus

244 582 266 615 0.

266 654 476 737 Keplerus:
517 654 563 716 De
598 655 851 720 inclinationibus.
904 656 1152 730 Consideremus,
1185 658 1254 740 quid
1288 661 1329 721 sit
1360 661 1514 723 inclinatio
1526 685 1540 724 :.

176 743 335 808 Inclinatio
364 743 613 823 est'promtitudo
643 746 681 806 ad
706 754 819 808 eertum
848 748 969 827 aliquod
1001 747 1152 827 negotium
1180 749 1227 810 vel
1252 749 1410 823 affectum,
1439 760 1473 813 ut
1496 753 1533 812 ad

178 836 269 908 iram,
303 834 447 903 caedem,
482 833 593 895 furtum
618 834 670 896 fro.
717 835 815 896 Vides
840 837 878 899 ad
905 835 972 897 illas
1002 836 1190 899 occasionem
1224 838 1347 917 requiri;
1381 857 1452 918 ergo
1476 859 1535 901 nou

177 932 260 985 totae
285 922 324 983 ab
347 922 480 984 humore.
531 922 572 985 At
597 923 625 984 in
649 943 769 1002 genere,
794 925 818 987 si
845 923 970 986 definias
994 925 1209 1005 promtitndine
1229 925 1267 985 ad
1292 945 1339 987 res
1359 927 1532 989 melancho-

177 1013 251 1074 licas
275 1011 345 1082 fro,
374 1010 453 1084 idern
478 1010 633 1090 peridem
657 1012 844 1093 explicatum
882 1013 954 1075 nihil
989 1033 1094 1094 nempe
1127 1015 1199 1075 firrrrt
1224 1014 1320 1082 aliud,
1357 1035 1445 1097 quarn
1467 1016 1533 1097 ipse

176 1102 292 1163 humor.
339 1098 493 1161 Austriaci
519 1100 639 1161 dicunt:
674 1101 739 1163 Das
763 1101 804 1163 ist
827 1102 890 1163 sein
915 1102 1038 1165 Humor.
1081 1104 1196 1164 Humor
1221 1104 1330 1165 transit
1354 1125 1373 1165 a
1395 1105 1532 1183 parenti-

177 1192 241 1262 bus,
267 1188 463 1268 implantatur
485 1188 760 1268 imaginationibus,
784 1191 922 1269 provenit
937 1191 1026 1253 certis
1042 1191 1126 1264 locis,
1152 1200 1279 1271 augetur
1292 1192 1382 1268 victu,
1408 1201 1442 1254 at
1460 1202 1532 1254 tan-

177 1278 328 1340 tummodo
352 1277 549 1341 materialiter
572 1288 603 1339 et
626 1280 723 1359 magis
745 1279 978 1359 particulariter.
1026 1281 1121 1343 Astra
1139 1300 1209 1342 uero
1229 1299 1336 1342 revera
1354 1291 1533 1344 concurrunt

177 1366 232 1429 sub
255 1365 460 1448 generationis
485 1367 600 1430 formali
626 1368 752 1429 ratione.
799 1368 879 1431 Nam
908 1368 935 1430 si
960 1369 1023 1429 vita
1054 1368 1182 1430 hominis
1207 1370 1275 1431 fusa
1306 1369 1348 1431 sit
1371 1371 1470 1432 Marte
1503 1370 1533 1433 iu

176 1465 245 1519 ortu
269 1462 420 1530 versante,
445 1456 579 1518 facultas
599 1456 710 1531 vitalis,
735 1467 856 1538 recepto
872 1458 928 1519 hoc
948 1457 1132 1531 charactere,
1159 1457 1268 1519 format
1284 1458 1437 1541 consimile
1462 1478 1531 1523 cot-

177 1565 232 1623 pus
256 1554 288 1604 et
309 1544 480 1617 humorem
513 1554 696 1606 nontamen
722 1554 754 1607 ut
781 1546 900 1626 penitus
925 1547 1007 1608 eluat
1031 1554 1186 1626 acceptum
1211 1547 1441 1625 aparentibus,
1467 1549 1532 1622 sed,
1571 1600 1575 1604 .

177 1633 409 1714 qualemcunque
438 1631 480 1694 sit
508 1642 613 1707 nacta,
647 1634 775 1696 inflectit
804 1645 836 1696 et
859 1643 946 1714 aptat
977 1634 1014 1695 ad
1040 1635 1200 1696 coelestem
1225 1635 1439 1698 characterem.
1488 1636 1532 1698 Tu

177 1729 262 1784 astra
285 1720 394 1800 insigni
417 1731 504 1801 parte
524 1722 610 1802 ponis
631 1743 667 1785 ex
687 1723 873 1785 ordinatione
893 1723 1009 1797 diu·ina;
1034 1743 1089 1804 ego
1113 1723 1224 1802 insigni
1246 1732 1332 1803 parte
1358 1745 1396 1785 err
1421 1725 1531 1805 imagi·

176 1810 317 1883 natione,
341 1810 551 1890 impressione,
576 1812 763 1891 receptione,
791 1811 969 1874 formatione
994 1813 1171 1874 facultatum
1192 1811 1375 1887 animalium,
1401 1813 1532 1875 indidem

176 1899 363 1962 ordinatione
389 1899 499 1961 divina.
548 1898 691 1976 Quaeris,
721 1921 773 1963 cur
796 1921 853 1962 non
879 1902 906 1962 in
936 1920 1044 1980 corpus
1069 1900 1274 1983 imprimatur?
1322 1899 1401 1972 Quia
1425 1921 1531 1983 corpus

177 1987 334 2050 materiale
366 1995 397 2049 et
425 1989 557 2050 crassius
590 1997 647 2051 est.
694 1990 806 2070 Figura
836 1991 911 2051 coeli
945 1997 1066 2050 constat
1094 1990 1259 2052 rationibus
1288 1990 1467 2052 hannouicis
1502 1999 1533 2053 et

176 2075 425 2157 intelligibilibus.
473 2075 558 2159 Opus
583 2078 674 2157 igitur
697 2078 739 2140 illi
765 2079 911 2141 consimili
935 2072 1082 2157 subjecto,
1108 2079 1154 2140 cui
1188 2079 1389 2158 imprimatur3
1424 2080 1453 2141 id
1484 2087 1532 2140 est

176 2165 305 2228 facultas
329 2165 466 2228 animalis
491 2166 549 2228 luci
573 2175 604 2228 et
628 2167 790 2229 harmoniis
815 2176 953 2246 cognata.

267 2254 594 2334 interrogationes
618 2257 744 2318 damnas
768 2266 801 2318 ut
825 2274 899 2335 opus
915 2256 1026 2317 lib'erae
1042 2247 1215 2318 voluntatis.
1264 2257 1346 2318 Nota
1361 2257 1437 2318 haue
1453 2275 1528 2318 carr·

176 2364 256 2417 sam,
291 2361 345 2405 nec
369 2363 498 2423 uuquam
522 2352 629 2406 contra
652 2345 729 2407 hauc
754 2345 863 2418 facias3
897 2345 941 2406 sic
964 2363 1079 2405 mecum
1102 2345 1191 2422 plane
1217 2345 1318 2406 facies.
1361 2345 1530 2406 Eleatic-

177 2452 239 2494 nes
264 2450 333 2492 vero
366 2452 403 2493 ne
436 2432 465 2494 in
490 2434 615 2495 eundem
639 2453 760 2495 censum
789 2432 942 2512 conjicias.
990 2431 1106 2513 Scripsi
1132 2434 1169 2493 de
1194 2432 1230 2493 iis
1263 2443 1363 2495 autea.
1411 2435 1456 2493 De
1482 2433 1530 2493 in-

176 2520 331 2600 gressibus
356 2530 386 2582 et
411 2522 613 2584 lunationibus
637 2523 704 2583 vide
728 2541 824 2584 meam
850 2521 1155 2583 dissertatiunculam.

248 2609 455 2659 Fabricius:
485 2609 633 2672 Quaeritur,
657 2625 689 2660 au
708 2611 863 2675 planetarum
883 2611 946 2660 vires
966 2609 996 2658 ab
1016 2609 1066 2659 ulia
1084 2609 1157 2658 stella
1176 2610 1261 2673 augeri
1279 2609 1316 2658 rel
1336 2609 1455 2658 debilitari
1475 2625 1530 2673 pos·
1622 2653 1625 2659 .

177 2679 248 2731 sint?
285 2680 364 2731 Credo
384 2696 468 2730 ornnes
487 2683 572 2731 stellas
592 2688 617 2731 et
635 2681 749 2745 planetas
769 2696 822 2732 esse
842 2681 949 2740 calidas,
976 2685 1001 2729 et
1019 2680 1112 2729 nullum
1131 2679 1245 2745 frigidum
1263 2680 1301 2729 rel
1320 2680 1446 2729 humidum
1465 2696 1529 2737 esse,

177 2751 221 2801 sed
240 2753 424 2801 ueneratione
442 2754 564 2816 respicere
584 2753 691 2816 allquam
709 2752 854 2818 qualitatem
879 2754 905 2802 in
925 2752 1116 2802 elementaribus
1133 2753 1219 2810 rebus,
1247 2765 1321 2815 quam
1341 2752 1427 2800 nstrsll
1445 2752 1468 2800 ri
1487 2766 1530 2800 ex·

177 2825 239 2873 citet
257 2829 283 2873 et
301 2825 403 2880 animet,
421 2831 450 2873 ut
468 2825 591 2888 quaedem
610 2824 709 2884 herbae,
729 2838 793 2888 quae
813 2823 896 2873 Solem
914 2824 1055 2888 respiciunt,
1073 2821 1196 2887 quaedam
1213 2821 1300 2872 Lunae
1319 2829 1413 2871 motum
1431 2823 1530 2872 imitan-

176 2901 218 2944 tur
235 2900 262 2944 et
278 2901 405 2944 mutantur
422 2897 506 2959 quovis
523 2910 617 2951 mense,
648 2902 720 2946 utet
738 2897 801 2960 lapis
819 2896 951 2945 selenites:
975 2893 1074 2945 minime
1094 2893 1226 2943 absurdum
1244 2895 1306 2953 erit,
1333 2893 1427 2943 calidus
1444 2893 1532 2943 stellas

177 2967 288 3027 excitare
307 2972 351 3014 aut
368 2973 485 3031 vegetare
504 2967 661 3030 qualitatem,
690 2982 746 3016 cum
764 2969 789 3016 iu
807 2967 932 3016 medicina
949 2965 1075 3015 rideamus
1095 2964 1178 3014 calida
1206 2966 1411 3028 saepe¹auimare
1429 2964 1530 3029 frigidos

176 3036 298 3085 humores.
335 3035 361 3085 Si
385 3052 446 3100 quas
464 3051 569 3102 geneses
589 3052 644 3087 cum
663 3037 832 3088 accidentibus
851 3037 974 3088 nonnullis
992 3036 1127 3102 collegeris.
1149 3049 1240 3101 quaeso
1258 3035 1318 3084 milri
1337 3036 1392 3085 illas
1411 3035 1444 3084 ed
1463 3050 1529 3084 conr-

176 3120 251 3156 mune
275 3108 365 3156 bouum
388 3109 578 3171 promovendum
602 3111 775 3160 communices·
812 3108 919 3172 Tempus
943 3109 1027 3157 mortis
1046 3107 1154 3157 Gardnni
1182 3108 1244 3156 scire
1268 3106 1388 3157 desidero.
1432 3106 1532 3158 Fratres

177 3178 209 3228 de
227 3176 278 3240 Bry
296 3177 426 3229 ediderunt
443 3179 516 3230 libres
536 3180 630 3244 aliquot
647 3182 745 3232 iconum
763 3181 890 3230 doctorum
917 3181 1037 3231 virorum.
1067 3178 1158 3228 inillis
1186 3179 1248 3227 forte
1266 3187 1363 3241 tempus
1381 3179 1529 3229 invenietur.
1602 3218 1605 3223 .

266 3248 471 3326 Keplerus:
506 3251 564 3313 Vis
588 3253 670 3313 Solis
694 3255 732 3313 ad
757 3270 812 3312 nos
837 3251 977 3312 debiliter
1000 3251 1151 3328 pervenit,
1176 3268 1241 3310 curn
1267 3251 1292 3311 is
1316 3249 1440 3310 declivis
1464 3257 1530 3323 est;

176 3337 224 3399 vis
247 3337 365 3418 quidem
398 3339 479 3417 prior
509 3340 562 3402 illa
592 3340 621 3401 iu
645 3360 714 3402 inea
745 3339 1018 3401 dissertatiuncula.
1068 3339 1124 3399 Vis
1148 3337 1273 3400 Saturni
1296 3339 1394 3399 altera
1424 3337 1479 3398 illa
1501 3339 1535 3398 in·

176 3445 245 3488 mea
267 3427 534 3489 dissertatiuncula
558 3429 699 3492 debiliter
723 3430 761 3488 ad
785 3448 839 3489 uos
864 3428 1010 3506 pervenit,
1034 3446 1101 3487 eum
1116 3445 1182 3498 uon,
1210 3426 1255 3485 vel
1281 3445 1347 3486 curn
1372 3427 1440 3487 laxa
1457 3445 1530 3517 cpn-

177 3517 322 3594 figuratur
346 3516 419 3576 locis
442 3517 617 3595 insignibus.
665 3518 709 3581 Ut
732 3518 861 3578 alterum
885 3516 963 3577 alter
987 3524 1148 3594 oppugnat,
1174 3515 1253 3575 alter
1268 3515 1331 3575 fieri
1347 3521 1532 3592 uouputest,

179 3603 236 3664 nisi
258 3613 292 3666 ut
316 3604 422 3665 ionius
446 3605 542 3666 altero
565 3605 595 3667 in
620 3609 697 3668 idem
721 3607 891 3684 subjectum
915 3614 1055 3683 operetur
1079 3621 1251 3682 quocunque
1270 3601 1414 3680 operandi
1433 3603 1531 3662 modo.

266 3692 387 3755 Nullam
413 3692 552 3772 frigidam
575 3696 695 3758 stellam
711 3696 850 3756 absolute
865 3693 1053 3755 crediderim.
1099 3692 1183 3769 Lege
1203 3709 1301 3751 meam
1316 3690 1531 3751 dissertatiun-

178 3780 285 3842 culam.
333 3783 361 3842 A
386 3782 475 3843 simili
498 3801 571 3844 vero
595 3803 654 3844 non
678 3785 753 3846 bene
780 3783 889 3851 uideris
913 3780 1126 3860 argumentari,
1152 3780 1298 3858 quomodo
1322 3778 1423 3840 calida
1438 3778 1532 3857 frigus

177 3869 321 3932 efficiant.
367 3869 447 3932 Nam
470 3872 500 3933 iu
525 3873 674 3934 medicina
697 3891 763 3934 curn
788 3872 843 3933 hoc
866 3873 909 3942 fit,
939 3889 1032 3931 causa
1056 3867 1208 3949 quaeritur
1232 3878 1263 3929 et
1285 3868 1459 3947 plerumque
1483 3867 1531 3928 in-

178 3958 307 4021 venitur.
355 3957 526 4022 Consimilis
552 3962 610 4023 erit
635 3962 670 4022 de
696 3962 786 4022 astris
803 3959 956 4021 reddenda
980 3968 1034 4020 aut
1047 3957 1231 4020 claudicabit
1251 3956 1424 4018 similitudo.
1462 3956 1532 4018 Fri-

178 4065 234 4126 gus
257 4057 358 4110 tamen
383 4058 517 4111 nostrum
548 4069 633 4112 omne
658 4070 677 4111 a
700 4050 828 4111 materia
851 4068 919 4110 esse
943 4057 1031 4126 puto,
1065 4056 1147 4107 certe
1183 4046 1327 4119 hiemale,
1360 4064 1427 4106 cum
1451 4046 1533 4106 calor

178 4135 261 4201 Solis
284 4156 338 4200 nos
363 4137 484 4200 deserit.
531 4139 630 4201 Nocte
661 4139 787 4201 brumali
817 4139 899 4200 altae
924 4136 1017 4198 aedes
1043 4157 1061 4197 a
1086 4135 1197 4213 frigore
1225 4142 1346 4196 tuentur
1370 4133 1533 4195 avertendo

179 4226 333 4299 ventulos,
365 4227 521 4288 retinendo
546 4235 647 4290 adrem
671 4227 850 4289 halituosum
885 4245 921 4288 ue
945 4225 1130 4305 coaguletur.
1180 4223 1260 4284 idern
1290 4223 1383 4285 nubes
1409 4222 1531 4283 faciunt.

177 4313 285 4378 Hieme
313 4315 408 4394 frigus
437 4315 522 4377 nobis
550 4316 733 4397 proximum,
759 4324 877 4377 aestate
907 4315 1051 4376 remotius
1083 4323 1115 4375 et
1139 4313 1230 4373 altius
1264 4313 1301 4372 ob
1324 4309 1532 4391 profundiores

178 4403 310 4479 halitus,
342 4404 450 4467 caloris
474 4404 556 4467 Solis
582 4406 717 4467 comites.
765 4404 877 4484 Frigidi
911 4404 1020 4464 aestivi
1054 4403 1119 4464 dies
1153 4401 1307 4480 apluviis
1336 4412 1366 4460 et
1395 4399 1534 4460 diuturna
1643 4394 1647 4405 '

179 4491 261 4555 Solis
284 4493 495 4569 occultatione,
521 4514 539 4554 a
563 4494 670 4563 ventis,
695 4493 744 4574 qui
769 4512 806 4554 ex
831 4493 940 4572 frigida
963 4492 1093 4572 regione,
1120 4489 1251 4553 atenaci
1276 4497 1307 4550 et
1324 4487 1448 4567 limpida
1466 4505 1531 4547 ms-

179 4583 265 4651 teria,
290 4601 366 4662 quae
390 4582 620 4660 pulcherrimam
645 4583 738 4644 efficit
760 4582 968 4649 serenitatem,
993 4583 1047 4642 sed
1067 4590 1169 4642 tamen
1195 4578 1364 4640 claritatem
1378 4574 1532 4656 perstriu-

178 4672 234 4751 git,
258 4671 390 4732 calorem
413 4671 529 4745 minuit,
555 4672 653 4751 qualis
677 4673 731 4733 sub
756 4667 905 4745 amicash
931 4669 1002 4737 etQ
1027 4667 1280 4749 configurationes
1304 4684 1387 4726 arne
1412 4665 1534 4742 saepius

179 4761 392 4823 animadversa
417 4771 474 4821 est.
