3428 5542
578 1253 864 1330 PRAEFATIO
891 1254 960 1327 AD
988 1253 1255 1329 merom.

853 1464 982 1477 ——m

325 1609 517 1688 Propositum
533 1618 581 1672 eet
596 1611 688 1682 mibi,¹
698 1612 807 1684 lector,
833 1609 889 1670 boc
905 1610 1005 1672 libello
1021 1612 1244 1684 demonstrare,
1262 1610 1341 1689 quod
1356 1608 1487 1671 Creator
1501 1607 1595 1688 Opti-

238 1715 303 1759 mus
327 1697 492 1772 Maximus,
526 1698 554 1759 in
578 1699 732 1761 creatione
765 1699 866 1760 muudi
890 1699 979 1777 hujus
1007 1700 1125 1761 mobilis
1155 1708 1187 1760 et
1218 1698 1416 1777 dispositione
1444 1699 1597 1759 coelorum

238 1786 277 1846 ad
306 1785 360 1846 illa
388 1789 517 1866 quinque
546 1788 697 1866 regularia
726 1806 864 1867 corpora,
901 1788 968 1848 inde
998 1808 1017 1848 a
1048 1789 1223 1871 Pythagora
1255 1793 1288 1848 et
1313 1787 1441 1849 Platone
1473 1788 1513 1848 ad
1540 1806 1597 1848 nos

238 1892 332 1954 nsque
355 1876 611 1950 celebratissima,
636 1877 818 1956 respexerit,
844 1887 934 1958 atque
959 1877 998 1937 ad
1022 1877 1139 1939 illorum
1163 1886 1301 1938 naturam
1321 1869 1595 1939 coelomm'nume·

237 1980 315 2038 ram,
340 1965 567 2044 proportiones,
603 1976 634 2026 et
657 1974 788 2027 rnotunru
813 1967 961 2028 rationem
986 1966 1300 2039 accomruodaverit.·)
1347 1964 1409 2027 Sed
1431 1974 1595 2045 antequam

238 2062 269 2113 te
292 2053 330 2113 ad
355 2072 418 2114 rem
442 2054 539 2132 ipsam
562 2055 665 2116 venire
689 2054 804 2134 patiar,
832 2075 898 2117 cnm
923 2056 960 2116 de
984 2055 1140 2116 occasione
1166 2056 1251 2134 hujus
1280 2054 1374 2115 libelli
1402 2062 1466 2116 tum
1489 2054 1526 2115 de
1542 2074 1595 2115 ra-

237 2139 318 2203 tiooe
342 2141 400 2202 mei
424 2141 555 2204 instituti
590 2144 691 2222 aliqua
721 2152 820 2205 tecum
854 2163 958 2224 agam,
993 2164 1068 2224 qnae
1101 2152 1133 2205 et
1162 2144 1200 2205 ad
1230 2152 1311 2204 tuum
1344 2143 1531 2205 intellectum
1564 2152 1597 2204 et

235 2229 275 2299 ad
299 2249 396 2292 meam
420 2233 531 2293 lamam
549 2226 701 2313 pertinere
725 2232 889 2294 arbitratus
913 2234 1006 2293 fuero.

325 2318 394 2390 Quo
425 2329 559 2401 ternpore
583 2320 753 2400 Tubingae,
783 2321 890 2383 abhinc
922 2321 1065 2382 sexennio
1093 2319 1262 2383 clarissimo
1294 2318 1358 2381 viro
1381 2320 1424 2381 M.
1449 2320 1595 2382 Michaeli

235 2408 399 2470 Maestlino
424 2428 545 2489 operam
571 2411 694 2484 dabam,
719 2416 819 2471 motus
842 2410 998 2488 multiplici
1018 2410 1264 2471 incommoditate
1279 2409 1413 2471 usitatae
1431 2410 1468 2470 de
1484 2411 1595 2471 mundo

235 2496 397 2576 opinionis,
422 2499 498 2560 adeo
523 2500 692 2560 delectatus
716 2519 780 2560 snm
805 2496 987 2577 Copernico‚
1018 2499 1102 2577 cujus
1125 2498 1175 2560 ille
1200 2499 1227 2560 in
1253 2497 1508 2577 praelectionibus
1533 2499 1596 2558 suis

234 2585 391 2664 plurimam
416 2588 598 2649 mentionem
623 2588 772 2662 iaciebat,
798 2597 912 2648 utnon
938 2595 1054 2649 tantum
1070 2586 1175 2648 erebro
1198 2587 1264 2664 ejus
1288 2586 1402 2666 placita
1417 2586 1446 2646 in
1461 2587 1596 2668 physicis

235 2674 488 2754 disputationibus
513 2678 741 2738 candidatorum
756 2676 965 2749 defenderem,
990 2676 1043 2736 sed
1059 2675 1151 2736 etiam
1166 2682 1341 2737 accuratam
1357 2676 1595 2754 disputationem

235 2762 271 2824 de
296 2774 378 2826 motn
403 2766 514 2844 primo,
541 2767 618 2845 quod
634 2766 747 2826 Terrae
763 2765 915 2827 volutione
931 2763 1105 2837 accidat')‚
1131 2764 1361 2826 conscriberem.
1408 2764 1538 2845 Jamque
1564 2765 1593 2825 in

234 2870 271 2912 eo
295 2873 390 2927 erarn,
421 2866 454 2916 ut
478 2855 575 2916 eidem
599 2853 691 2915 etiam
716 2853 828 2914 Telluri
853 2862 966 2915 motum
990 2852 1180 2926 Solarem⁰)‚
1205 2862 1238 2915 nt
1262 2852 1449 2932 Copernicus
1473 2854 1592 2914 matire-

235 2941 370 3016 maticis,
405 2943 448 3003 sic
477 2963 535 3024 ego
566 2941 713 3023 physicis.
746 2960 799 3003 sen
823 2942 934 3015 mavis,
964 2942 1176 3023 metaphysicis
1205 2941 1372 3003 rationibus
1401 2941 1593 3003 ascriberem.

234 3028 338 3109 Atque
360 3030 389 3090 in
415 3032 490 3092 hunc
515 3050 598 3092 nsnnr
621 3031 732 3110 partim
756 3049 793 3092 ex
817 3048 868 3092 ora
884 3031 1054 3103 Maeatlini,
1079 3031 1188 3109 partim
1213 3049 1279 3091 meo
1294 3031 1410 3101 Marte,
1435 3050 1509 3110 quas
1529 3028 1594 3093 Co-

234 3118 374 3198 pernicus
398 3119 427 3179 in
452 3120 578 3181 mathesi
602 3138 675 3198 prae
699 3120 874 3181 Ptolemaeo
898 3119 992 3182 habet
1015 3119 1258 3194 commoditates,
1292 3119 1440 3197 paulatim
1463 3118 1593 3198 collegi:

234 3224 292 3286 quo
320 3207 424 3269 labore
458 3227 505 3270 me
535 3209 623 3270 facile
655 3208 783 3271 liberare
811 3208 963 3288 potuisset
992 3208 1167 3269 Joaobimus
1195 3208 1357 3281 Rheticus,
1393 3208 1442 3288 qni
1475 3208 1596 3287 singula

232 3294 364 3358 breviter
397 3306 427 3359 et
454 3297 610 3378 perspicue
642 3298 739 3376 prima
767 3316 823 3358 sua
846 3296 1028 3359 Narratione
1057 3306 1233 3375 persecutus
1264 3309 1322 3358 est.
1371 3298 1494 3359 Interea
1524 3297 1593 3358 dum

231 3383 304 3446 illud
320 3405 425 3448 saxum
441 3388 539 3458 volvo,
555 3386 608 3446 sed
624 3408 788 3464 παριργως,
803 3405 890 3447 secus
906 3385 1104 3466 theologiam:
1129 3386 1283 3447 commode
1301 3386 1424 3460 accidit,
1440 3393 1475 3448 nt
1490 3383 1593 3447 Grae·

232 3472 305 3537 tium
335 3475 483 3548 venirem,
518 3484 608 3553 atque
638 3474 677 3536 ibi
703 3472 837 3554 Georgia
861 3475 969 3536 Stadia
993 3494 1022 3555 p.
1048 3470 1143 3548 m.²⁹)
1173 3475 1380 3536 succederem:
1424 3474 1472 3537 ubi
1503 3473 1595 3536 officii

233 3563 313 3626 ratio
348 3585 394 3626 me
428 3565 541 3626 arctius
571 3564 617 3626 his
650 3563 759 3625 studiis
792 3564 963 3625 obstrinxit
1014 3563 1058 3624 Ibi
1093 3564 1121 3625 in
1150 3563 1349 3642 explicatione
1380 3563 1594 3643 principiorum

232 3654 435 3715 astronomiae
459 3672 568 3732 magno
593 3653 662 3714 mibi
686 3652 751 3713 usui
778 3652 898 3714 luerunt
921 3651 1021 3713 omnia
1044 3651 1111 3725 illa,
1141 3672 1216 3733 quae
1244 3662 1335 3714 antea
1358 3652 1406 3714 vel
1430 3673 1450 3713 a
1472 3652 1593 3713 Maest-

232 3741 293 3802 lino
318 3742 505 3816 audiveram,
532 3743 578 3803 vel
595 3742 660 3821 ipse
685 3743 910 3805 affectaveram.
959 3741 1059 3819 Atque
1074 3742 1149 3803 utin
1166 3741 1296 3821 Virgilio
1321 3742 1402 3803 lama
1422 3741 1593 3802 mobilitate

231 3827 315 3905 viget
339 3833 476 3911 viresque
500 3832 627 3911 acquirit
651 3831 765 3892 eundo:
796 3831 840 3892 sic
865 3831 937 3892 mihi
961 3830 1065 3890 irarum
1089 3851 1187 3892 reram
1211 3830 1341 3910 diligens
1365 3829 1511 3910 cogitatio
1536 3849 1591 3892 co-

232 3916 389 3995 gitationis
425 3920 576 3981 ulterioris
610 3939 703 3980 cansa
732 3919 799 3981 luit.
856 3921 959 3981 Donec
996 3919 1118 3981 modern
1148 3939 1225 3980 anno
1263 3917 1360 3995 1595,
1395 3938 1462 3981 cum
1499 3920 1594 3980 otium

233 4024 252 4064 a
272 4005 449 4068 lectionibus
473 4027 610 4086 cuperem
637 4009 711 4069 bene
735 4016 827 4068 etex
852 4007 940 4069 officii
965 4008 1080 4068 ratione
1107 4008 1294 4088 transigere,
1325 4016 1390 4070 toto
1419 4007 1510 4069 animi
1534 4007 1594 4069 im-

233 4099 305 4173 petn
331 4093 359 4155 in
384 4095 460 4156 lranc
484 4097 641 4157 materiam
666 4097 794 4157 incubui.

323 4183 363 4244 Et
382 4184 441 4244 tria
455 4185 643 4262 potissimum
660 4191 762 4258 erant,
788 4200 911 4264 quorum
926 4202 981 4263 ego
997 4203 1119 4256 causas,
1145 4204 1197 4246 cnr
1214 4186 1270 4259 ita,
1296 4204 1353 4245 non
1369 4184 1459 4245 aliter
1478 4194 1593 4258 essent,

232 4270 429 4348 pertinaciter
453 4274 647 4351 quaerebam,
683 4291 862 4343 numerus,
887 4273 1086 4351 quantitas
1111 4282 1143 4333 et
1167 4282 1285 4336 motus
1309 4273 1433 4335 orbium.
1477 4273 1519 4335 t'r
1538 4273 1595 4335 hoc

234 4360 375 4422 auderem
412 4362 510 4423 effecit
549 4363 600 4423 illa
636 4363 762 4442 pulchra
798 4359 1014 4442 quiescentium
1052 4362 1220 4435 harmonia,
1265 4361 1359 4435 Solis,
1402 4364 1527 4425 lixarum
1564 4374 1596 4424 et

234 4448 401 4511 intermedii
447 4470 511 4511 cnm
550 4451 615 4512 Deo
654 4453 763 4523 Patre,
810 4459 841 4510 et
882 4449 959 4511 Filio
1000 4459 1030 4511 et
1068 4450 1100 4511 S.
1140 4451 1274 4529 Spiritu:
1322 4469 1409 4530 quarn
1451 4450 1596 4514 similitu-

234 4535 331 4598 dinem
370 4558 426 4617 ego
465 4539 492 4599 in
527 4539 757 4617 cosmographia
794 4558 958 4619 persequar
997 4539 1173 4619 amplius.⁶)
1220 4539 1295 4602 Cum
1334 4540 1423 4618 igitur
1457 4539 1500 4601 ita
1537 4540 1595 4602 ba·

235 4624 340 4687 berent
364 4627 564 4706 quiescentia,
600 4647 657 4688 non
687 4629 861 4689 dubitabam
890 4628 926 4689 de
957 4628 1129 4702 mobilibus,
1166 4630 1236 4709 quin
1262 4648 1295 4688 se
1323 4628 1499 4711 praebitura
1521 4629 1595 4690 sint.

235 4711 325 4772 initio
349 4735 411 4776 rem
435 4717 565 4777 numeris
589 4736 752 4795 aggressus
777 4736 857 4788 sum,
891 4726 922 4777 et
950 4717 1152 4790 considerari,
1187 4727 1284 4780 utrum
1314 4735 1389 4779 unns
1412 4717 1494 4778 orbis
1518 4717 1597 4780 alins

237 4800 376 4878 duplum,
411 4804 549 4882 triplum,
596 4805 810 4883 quadruplum,
849 4814 901 4866 ant
938 4805 1008 4884 qnid
1046 4806 1168 4868 tandem
1205 4807 1350 4868 baberet:
1393 4814 1596 4891 quantumque
