3428 5542
707 332 738 383 do
751 333 827 384 asur
844 332 1006 401 merome
1206 372 1215 386 .
1471 330 1536 407 m

178 489 260 567 plum
283 494 385 549 tamen
407 488 494 567 ponit
516 507 615 564 unum,
639 489 729 569 idque
752 491 831 552 inter
854 494 969 555 rarlora
992 496 1131 575 prodigis
1149 500 1254 561 refert.
1301 499 1404 579 Nuper
1427 507 1460 560 et
1481 516 1536 562 coo

180 594 245 636 mes
270 576 308 636 ab
332 575 471 638 Hoenloe
490 577 592 655 junior
615 579 796 653 affimavit,
821 599 854 641 se
878 581 977 661 ipsunr
1000 596 1058 645 nou
1082 586 1127 647 ita
1148 585 1264 667 pridem
1287 595 1444 667 expertum
1468 602 1536 650 esne

178 667 415 726 terraemotum
438 665 468 726 in
494 666 666 733 Holleudia.
714 668 759 729 De
783 687 876 730 causa
899 678 1000 732 terrae
1023 678 1155 736 motuum
1180 672 1234 737 tibi
1259 689 1316 737 nou
1336 675 1458 756 ponitus
1480 690 1535 738 cs·-¹

178 753 304 815 sentior.
351 754 461 815 Forma
485 754 554 832 ipsa
577 766 686 828 motus,
711 776 799 836 quam
823 757 991 838 perhibent,
1017 762 1172 824 reclamat.
1219 755 1444 827 Concussiones
1469 777 1537 826 esse

178 842 331 915 dicuntur,
365 861 477 922 eaeque
508 843 694 923 frequentes,
728 847 878 927 etiamque
908 856 1053 911 tremores
1077 850 1228 914 interdum
1252 862 1362 914 annum
1385 853 1536 933 integrum

177 932 331 993 durantes.
379 928 461 992 Sane
486 948 632 994 cavernas
657 935 801 996 accedere
826 936 864 996 nd
887 952 997 997 causas
1025 939 1150 1017 partim,
1185 958 1243 1001 non
1273 948 1324 1002 est
1351 941 1535 1017 incredibile,

179 1019 232 1080 ssd
265 1019 328 1095 ita,
362 1027 395 1081 ut
425 1019 626 1083 cuniculorum
660 1023 874 1085 artelactorum
908 1042 1055 1087 cavernae
1088 1038 1269 1090 concurrunt
1301 1029 1537 1092 conversiones

177 1108 300 1184 noum,
325 1126 384 1169 non
408 1108 487 1188 quod
513 1109 670 1172 materiam
695 1111 774 1173 arcis
798 1113 937 1192 excipere
958 1114 1108 1189 debeant,
1139 1118 1192 1177 sed
1219 1125 1251 1179 ut
1274 1119 1428 1197 pulverent
1452 1118 1535 1180 oculs

177 1195 264 1277 piem
288 1206 320 1259 et
343 1197 542 1259 concludant:
577 1208 677 1261 terrae
704 1207 835 1262 motuum
860 1218 931 1263 rero
956 1212 988 1263 et
1011 1201 1212 1266 cuniculorum
1237 1206 1306 1268 milri
1330 1221 1441 1268 cassas
1464 1220 1537 1287 pm

178 1286 291 1347 similes
314 1286 464 1347 videntur.

249 1391 433 1441 Fabrlcins:
464 1391 501 1441 Ex
518 1393 642 1441 montanis
661 1391 723 1442 lonis
742 1393 797 1456 plns
814 1398 932 1458 raporum
956 1395 989 1444 ad
1013 1396 1091 1446 nubes
1116 1397 1302 1449 constituendus
1325 1396 1439 1462 moduli,
1464 1396 1539 1463 qnlffi

179 1477 210 1513 ex
227 1463 301 1514 mari.
328 1465 354 1512 in
377 1476 408 1512 eo
432 1463 478 1514 tibi
494 1477 545 1512 non
568 1464 699 1514 assentmr.
737 1461 826 1514 Nonne
846 1477 912 1530 equa
930 1466 1003 1516 citius
1020 1467 1046 1517 in
1065 1473 1148 1518 neroni
1166 1467 1282 1532 vapidum
1299 1469 1439 1533 rlsnlritnrj.
1464 1484 1539 1534 qun

178 1533 250 1583 arida
267 1532 312 1584 illa
329 1533 386 1584 loca
403 1534 519 1599 quidquid
537 1533 654 1585 exhalare
673 1534 795 1597 possunt?
832 1536 860 1585 ln
880 1539 1004 1587 montanis
1021 1539 1084 1589 locls
1103 1544 1147 1588 aut
1158 1540 1261 1592 vallibus
1273 1554 1376 1604 vapores
1395 1541 1466 1591 oitirn
1479 1552 1538 1592 con·

177 1610 326 1670 gregantur,
345 1619 419 1670 qnam
438 1605 463 1653 in
483 1619 563 1672 aquae
581 1604 718 1669 superficie.

252 1672 325 1735 Quod
343 1674 369 1725 ln
388 1675 474 1724 Dsnla
493 1681 538 1724 ant
553 1673 614 1725 locis
632 1676 763 1725 maritimis
781 1676 834 1741 plns
853 1679 995 1728 sersnltatls
1014 1681 1054 1736 ιιι,
1074 1689 1148 1745 qnam
1166 1682 1192 1730 ln
1204 1677 1334 1739 Bohernla,
1352 1679 1418 1730 hano
1437 1676 1539 1730 merliu

179 1750 234 1798 esse
250 1750 324 1810 puto,
352 1746 417 1810 qnod
443 1750 488 1796 ant
511 1749 606 1796 eman·
623 1747 716 1796 sublati
738 1755 841 1811 sopores
859 1753 987 1798 ventorum
1012 1751 1241 1814 septentrionalium
1259 1752 1283 1801 ti
1308 1750 1357 1801 allo
1375 1751 1539 1809 abducantur.

178 1823 224 1869 aut
240 1819 262 1867 si
279 1824 354 1867 ncola
381 1833 476 1869 rnrsnrn
499 1817 618 1869 decidant
643 1819 668 1868 in
692 1820 773 1883 ipsam
796 1833 877 1883 mnae
896 1821 1051 1884 superficiem
1070 1822 1191 1872 incidant.
1228 1823 1257 1873 In
1276 1823 1402 1872 montanis
1419 1831 1477 1873 vero
1495 1822 1538 1873 ds·

178 1889 290 1940 uidentes
308 1902 411 1952 vapores
429 1904 474 1952 per
491 1895 639 1939 nocturnum
657 1889 734 1957 frigus
752 1905 802 1938 non
819 1891 938 1941 uniuntur
955 1893 1045 1942 montis
1063 1894 1216 1957 snperfiolei‚
1237 1901 1336 1958 propter
1353 1893 1475 1944 diversum
1492 1907 1538 1945 na·

178 1968 269 2015 turam,
289 1974 347 2025 ergo
365 1960 399 2009 ilri
418 1960 499 2027 colligi
519 1966 546 2009 et
563 1974 665 2010 manere
683 1974 785 2010 necesse
805 1967 850 2010 est.
1161 1991 1164 2009 .

249 2028 356 2093 Deinde,
375 2032 485 2095 quamvls
504 2043 570 2095 aqna
587 2032 667 2096 magis
686 2038 747 2095 apta
766 2031 798 2080 nd
816 2032 902 2089 nabes,
922 2047 996 2096 quarn
1015 2035 1218 2092 montoranto,
1243 2042 1303 2098 puto
1321 2040 1407 2085 tamen
1424 2033 1488 2085 liaeo
1507 2030 1540 2086 ab

178 2101 251 2152 sollis
269 2102 354 2152 lortius
373 2102 453 2160 alfini,
481 2109 555 2166 qnam
579 2113 683 2166 aquam,
715 2103 774 2166 qnia
798 2103 860 2152 radii
880 2103 943 2154 Solis
969 2104 1148 2156 velannorum
1169 2107 1195 2156 in
1219 2114 1287 2156 terra
1311 2104 1403 2156 firmius
1425 2105 1539 2161 hamul.

195 2174 297 2224 namin
384 2208 389 2220 .

179 2190 194 2238 q
268 2187 470 2342 Rsapiiirus:
509 2263 678 2324 Melscra
701 2261 892 2341 potissimum
916 2283 954 2324 ex
978 2262 1130 2325 montanis
1155 2262 1345 2336 deduxeram,
1371 2262 1488 2325 ratione
1507 2269 1540 2324 ot

179 2351 366 2432 experientia
399 2352 653 2413 concurrentibus.
700 2351 814 2430 Negas.
861 2352 984 2413 Montes
1017 2353 1064 2413 ais
1090 2351 1245 2432 lapident:
1272 2349 1412 2430 ·accipio;
1450 2358 1538 2413 tanto

181 2441 313 2521 aptiores
347 2440 437 2519 igitur
470 2441 507 2501 ad
541 2440 671 2501 calorem
705 2439 879 2519 demiurgon
904 2441 1134 2514 continendum,
1169 2458 1257 2519 quam
1292 2439 1398 2500 molles
1430 2459 1537 2520 aquae.
1629 2437 1632 2442 ’

180 2531 259 2590 Nam
283 2530 347 2591 sins
371 2530 471 2591 calore
495 2529 600 2609 opilloe
625 2544 681 2589 non
698 2527 836 2590 elicietur
851 2530 1020 2592 essedario.
1051 2527 1195 2591 Concedo
1220 2528 1275 2589 tibi
1299 2546 1387 2601 saus,
1414 2529 1442 2589 si
1467 2547 1534 2589 mo·

181 2617 281 2679 dulum
314 2637 457 2697 vapomur
490 2618 736 2689 consideramus,
770 2635 856 2696 quem
880 2617 933 2680 Sol
958 2617 1053 2691 elicit,
1087 2618 1155 2696 plus
1188 2616 1297 2677 elicere
1329 2617 1357 2677 iu
1381 2615 1537 2696 superficie

180 2706 283 2768 utaris.
331 2706 394 2780 Aa,
429 2713 662 2786 quantumst,
700 2704 895 2786 perexiguum
920 2715 985 2781 est,
1019 2723 1077 2767 non
1107 2706 1223 2785 tangit,
1260 2705 1316 2766 uisi
1340 2702 1536 2784 superficiem.

182 2792 271 2866 Quod
295 2813 366 2857 vero
392 2796 502 2856 sudant
527 2800 662 2868 montes,
700 2802 766 2856 toto
790 2809 915 2874 corpore
946 2794 1075 2865 sudant,
1110 2793 1284 2855 stimulante
1309 2793 1403 2855 totius
1421 2794 1539 2875 'Temno

177 2883 297 2962 corpori
323 2885 424 2945 calore
448 2883 562 2957 innato,
589 2883 688 2944 omnia
711 2883 896 2963 pervadente
921 2883 1107 2965 penetralia,
1134 2892 1191 2944 uon
1215 2891 1250 2944 nt
1273 2882 1354 2944 Solis
1379 2883 1462 2944 calor
1484 2896 1537 2944 su·

180 2971 330 3052 perficiem
355 2972 567 3052 depopulante.
616 2972 697 3033 Nihil
724 2971 771 3033 hic
796 2979 898 3046 astra,
933 2973 991 3035 nisi
1025 2971 1104 3051 quod
1134 2972 1327 3033 modulantur
1357 2970 1539 3033 cantilenam

181 3069 283 3141 aptam
307 3060 376 3123 lruic
400 3060 517 3122 animae
541 3061 694 3135 terrestri,
720 3061 811 3122 talem
836 3067 950 3135 mmeu,
976 3069 1018 3134 ut,
1045 3061 1103 3123 lrisi
1127 3061 1228 3122 anima
1253 3061 1320 3140 ipsa
1344 3059 1402 3121 uim
1427 3060 1540 3130 habeat

180 3150 220 3210 ad
243 3150 320 3211 hanc
345 3149 527 3212 cantilenam
553 3167 621 3210 sese
650 3151 874 3218 commovendi,
908 3149 1021 3211 liustra
1054 3152 1121 3212 eam
1155 3150 1193 3210 ab
1227 3149 1319 3211 astris
1352 3155 1537 3230 expectaret.

179 3238 285 3301 Neue
310 3259 452 3319 quaeras,
487 3240 563 3300 unde
589 3247 677 3300 tanta
702 3238 770 3308 jllis
794 3239 945 3299 montibus
978 3238 1064 3317 copia
1089 3239 1252 3318 aquarum?
1299 3238 1385 3299 Unde
1410 3250 1538 3318 namque

178 3338 267 3408 oopa
290 3322 350 3389 illis
374 3327 413 3388 ad
435 3327 581 3408 perennia
604 3322 751 3388 flumina?

268 3413 382 3491 Citius,
416 3415 529 3496 inquis,
563 3436 642 3496 aqua
666 3415 826 3479 resolvitur
854 3415 882 3476 in
909 3434 1063 3495 vaporem,
1096 3433 1185 3495 quam
1215 3412 1316 3474 terrai
1367 3411 1430 3473 Imo
1455 3431 1536 3486 vero,

177 3503 311 3579 Fabrici,
338 3513 421 3567 terra
444 3524 593 3585 nunquam
616 3506 778 3566 resolvitur
803 3505 830 3564 iu
855 3523 998 3584 vapores,
1034 3504 1088 3565 sed
1112 3521 1199 3583 aqua,
1225 3510 1257 3562 et
1281 3500 1460 3582 ecquidem
1487 3501 1536 3562 iu·

176 3594 296 3656 ternum
319 3595 482 3670 sulfurats,
508 3595 680 3674 purulenta,
705 3594 786 3655 ranis
812 3601 865 3654 aut
888 3592 1024 3671 frugibus
1040 3601 1102 3653 ‘aut
1126 3590 1274 3670 lapidibus
1298 3594 1424 3662 onusta,
1459 3607 1535 3677 quae

177 3679 351 3763 prodigiosa
375 3692 453 3745 sunt.
502 3681 591 3755 Quod
623 3684 647 3744 si
681 3684 772 3743 maris
807 3682 900 3742 moles
935 3682 964 3742 in
995 3680 1152 3761 complexu
1184 3678 1265 3740 illius
1298 3677 1418 3739 animae
1443 3680 1535 3767 esset,

177 3769 279 3832 nescio
304 3791 341 3832 arr
366 3771 432 3852 plus
457 3768 498 3834 sit
522 3771 715 3845 exhalatura,
746 3790 834 3851 quam
853 3769 919 3849 jam
943 3768 1067 3831 exhalat
1090 3767 1208 3830 marina
1232 3787 1321 3848 aqua,
1347 3783 1535 3849 perucaver-
1586 3833 1592 3841 ,

177 3880 232 3922 nse
256 3867 355 3922 terrae
380 3861 544 3924 sublimata
574 3861 657 3922 etin
683 3861 835 3922 fluminum
858 3859 1004 3939 originem
1035 3858 1212 3920 constillare
1233 3864 1352 3936 parata.
1402 3854 1446 3915 Tu
1470 3855 1535 3936 ipse

176 3949 332 4032 conuictus
351 3949 468 4023 lateris,
494 3949 595 4012 nubila
619 3950 831 4029 utplurimum
857 3948 886 4008 in
906 3949 1057 4010 montibus
1077 3967 1156 4008 esse.
1206 3940 1340 4007 Causam
1364 3960 1423 4006 uon
1440 3963 1537 4025 quae·

176 4037 218 4102 ris
242 4037 434 4101 necessario:
467 4039 566 4119 potuit
590 4037 669 4099 enim
691 4038 745 4098 tibi
770 4037 908 4099 sufficere
931 4038 1006 4099 haec
1030 4034 1218 4119 hypothesis.
1266 4032 1400 4102 Montes,
1425 4032 1534 4113 inquis,

177 4124 269 4190 calidi
293 4137 373 4191 sunt.
419 4128 519 4206 Euge!
553 4118 732 4197 Memorem,
756 4136 790 4188 ut
813 4127 869 4187 hoc
893 4145 1030 4207 negares.
1077 4124 1188 4186 Addo:
1224 4143 1296 4205 ergo
1320 4121 1432 4185 humidi
1456 4128 1536 4184 suut.

176 4214 305 4295 Negas?
342 4216 430 4280 Unde
455 4235 526 4297 ergo
551 4213 693 4277 flumina?
732 4212 849 4285 Quodsi
873 4223 905 4275 et
927 4211 1019 4277 calidi
1043 4223 1074 4276 el
1088 4211 1210 4287 humidi,
1235 4232 1287 4275 cur
1303 4231 1371 4285 non,
1396 4208 1533 4285 abollae,

178 4324 306 4386 vapores
331 4306 492 4369 exhalent?
540 4301 620 4376 Quid
645 4303 691 4365 vis
715 4303 867 4384 amplius?
915 4303 977 4366 Sed
1005 4304 1066 4377 dio,
1103 4303 1179 4382 agel
1219 4300 1289 4383 quid
1313 4299 1386 4380 ipsis
1409 4299 1537 4384 prodest

176 4389 279 4458 calor?
327 4392 434 4470 Calor,
470 4394 584 4475 inquis,
619 4413 725 4456 crassa
748 4392 850 4455 nubila
874 4392 1002 4456 attrahit
1026 4394 1063 4455 ad
1089 4410 1176 4465 sese3
1212 4391 1255 4452 ita
1279 4384 1425 4470 loqueris,
1450 4407 1485 4449 ac
1509 4388 1534 4450 si
1563 4418 1566 4424 ,

176 4480 280 4546 ubila
301 4500 356 4565 per
381 4471 444 4547 100
469 4483 609 4546 milliaria
633 4504 652 4543 a
675 4482 824 4544 montibus
849 4491 968 4553 exorta
977 4480 1239 4562 peregrinationes
1263 4481 1292 4541 in
1314 4478 1536 4541 mediterranea

176 4573 354 4648 instituunt,
388 4581 537 4654 noctuque
577 4573 656 4651 apud
690 4572 844 4633 convalles
880 4573 908 4632 in
942 4573 1099 4651 complexu
1128 4570 1272 4630 montium
1296 4568 1380 4629 relat
1403 4565 1535 4644 bospitio

178 4656 375 4742 excipiantur.
422 4658 479 4724 Dic
503 4669 592 4742 ergo,
619 4668 693 4742 quot
714 4658 828 4724 dierum
853 4659 980 4722 nubibus
1005 4660 1063 4722 iter
1087 4664 1135 4719 est
1158 4671 1196 4718 er
1220 4656 1325 4737 Belglo
1350 4656 1378 4716 in
1404 4652 1534 4716 Sueviae

177 4751 318 4814 montes?
349 4769 419 4830 ergo
445 4760 477 4813 et
499 4759 562 4814 tam
587 4749 635 4811 diu
661 4748 821 4812 sitiendum
845 4744 995 4824 sueviae,
1019 4749 1114 4811 donec
1139 4747 1212 4809 haec
1237 4744 1342 4828 hydria
1366 4763 1402 4805 ex
1427 4741 1533 4822 Belgio

175 4839 302 4903 suisli
347 4839 442 4902 Plane
477 4840 573 4902 nudus
605 4848 671 4900 stas
703 4838 744 4900 mi
766 4839 908 4912 l‘abricir
945 4856 1074 4919 vapores
1108 4836 1190 4898 iutra
1216 4835 1303 4897 unius
1325 4851 1421 4914 saepe
1442 4832 1534 4896 horae
