3428 5542
1451 316 1513 367 Xlll

154 489 220 536 mm
242 471 369 554 Kepleri
391 491 481 535 manu
504 471 683 553 scriptorum
706 471 901 544 collectione,
936 491 1026 554 quae,
1057 492 1145 554 quum
1170 479 1261 537 autea
1282 473 1438 555 Petropoli
1461 475 1510 538 la·

154 580 256 656 tuerit,
280 600 357 643 nuuc
381 580 532 643 Pulcovae
557 586 706 642 servatur.

241 686 360 750 Editori
385 687 504 768 quidem
527 705 703 767 persuasum
736 691 802 760 est,
838 703 889 748 eos
923 704 991 748 esse
1022 684 1145 765 Kepleri
1177 686 1290 762 libros,
1320 688 1426 770 quibus
1450 706 1509 751 uou

155 798 347 856 astronomus
370 800 489 855 tanturn
508 793 654 874 capiatur,
676 791 729 853 sed
747 797 872 872 propter
889 791 1070 854 varietatem
1091 795 1269 872 argumenti,
1294 795 1372 875 quod
1391 794 1430 855 ad
1449 794 1511 857 alia

153 917 269 981 quoque
292 899 447 962 literamm
471 918 584 980 genera
606 899 753 979 pertinet,
778 898 869 960 etiam
893 897 1105 979 philosophus,
1130 899 1305 970 historicus,
1330 900 1510 981 philologus,

153 1005 280 1087 denique
304 1025 390 1068 neruo
410 1025 469 1068 nou
492 1005 646 1067 literarum
669 1023 774 1066 amans
800 1005 959 1080 doceatur,
992 1004 1102 1086 aliique
1125 1005 1282 1085 proposita
1304 1005 1395 1085 prisci
1418 1006 1510 1068 moris

153 1119 186 1172 et
208 1109 435 1174 consuetudinis
466 1110 597 1192 imagine
625 1111 822 1174 delectentur.
867 1111 955 1173 Hanc
982 1129 1053 1173 vero
1086 1110 1272 1191 ingeniorum
1301 1111 1509 1176 diversitatem

152 1222 328 1297 spectantes
352 1218 588 1298 colligendorum
610 1217 735 1297 Kepleri
759 1217 899 1279 librorum
923 1216 1071 1279 rationem
1095 1216 1306 1296 disposuimus.

240 1322 365 1404 Kepleri
388 1324 504 1405 scripta
526 1343 584 1385 uou
605 1329 732 1397 mutata,
757 1323 1004 1403 quemadmodum
1023 1323 1088 1403 ipse
1108 1322 1188 1405 typis
1208 1325 1401 1402 exprimenda
1420 1343 1510 1388 cura·

150 1416 206 1504 vit,
225 1434 408 1511 repetentur,
432 1438 572 1507 servato,
593 1450 650 1511 quo
666 1429 748 1492 edita
763 1436 842 1499 sunt,
863 1436 1029 1509 temporum
1046 1429 1159 1506 ordine,
1176 1430 1233 1491 nisi
1249 1431 1327 1510 quod
1343 1432 1510 1512 argumenti
1590 1514 1594 1522 Ι

150 1533 316 1598 similitudo
339 1537 483 1599 nonnulla
505 1536 603 1599 suasit
626 1536 781 1599 mutanda.
835 1535 1047 1598 Praefatioues
1072 1535 1199 1616 singulis
1220 1536 1303 1598 libris
1323 1536 1508 1618 praemissae

150 1641 256 1722 paucis
278 1643 414 1706 refemut
437 1641 666 1723 uniuscujusque
691 1642 759 1704 libri
783 1649 1000 1722 argumentum,
1037 1649 1069 1704 et
1092 1626 1199 1724 quibus
1220 1643 1256 1704 de
1277 1642 1376 1704 causis
1394 1661 1510 1724 quoque

136 1748 296 1825 ¹consilio,
330 1757 474 1832 quantum
508 1768 546 1812 err
569 1747 690 1809 auxiliis
713 1746 743 1808 iu
767 1757 884 1828 promtu
908 1748 1017 1828 positis
1041 1755 1095 1810 aut
1118 1767 1156 1810 ex
1179 1748 1255 1811 libro
1278 1748 1345 1829 ipso
1368 1748 1509 1828 cognosci

150 1861 268 1936 potest,
293 1854 371 1918 liber
394 1855 435 1918 sit
458 1853 660 1936 conscriptus,
685 1864 838 1917 enarrant.
863 1853 980 1915 -Ad
1007 1854 1082 1916 haec
1109 1854 1295 1916 enucleanda
1318 1875 1384 1918 curn
1408 1857 1509 1935 magui

151 1961 297 2023 momenti
316 1962 377 2023 sint
396 1962 517 2036 multae,
539 1980 614 2041 quae
634 1961 731 2022 adhuc
751 1968 866 2035 extant,
887 1959 1011 2042 Kepleri
1031 1959 1189 2040 epistolae,
1214 1961 1347 2023 hasnon
1371 1960 1512 2023 continua

152 2067 240 2142 serie,
261 2068 340 2148 quod
359 2067 388 2129 iu
409 2068 477 2129 aliis
496 2066 666 2146 hujusmodi
682 2067 908 2128 collectionibus
924 2068 1036 2128 factum
1051 2074 1107 2142 est,
1131 2066 1349 2147 proponendas,
1372 2067 1435 2141 sed,
1454 2085 1509 2147 pro

153 2191 209 2234 suo
223 2173 365 2254 cujusque
380 2180 566 2254 argumento,
588 2172 681 2247 libris,
702 2191 777 2252 qnos
792 2179 940 2251 spectant,
961 2173 1198 2252 praemittendas
1209 2172 1421 2252 judicavimus.
1451 2171 1511 2233 Pro

154 2279 323 2357 argumenti
346 2277 439 2359 igitur
461 2279 639 2340 diversitate
663 2279 808 2340 diremtae
825 2286 896 2339 sunt
915 2279 1061 2359 ejusmodi
1084 2278 1239 2359 epistolae,
1263 2279 1309 2340 ita
1331 2284 1442 2347 tamen,
1467 2284 1510 2352 ut,

153 2383 204 2467 qui
227 2382 371 2466 epistolas
395 2386 495 2464 legere
518 2385 668 2446 volueriut
691 2385 856 2457 continuas,
877 2391 990 2446 certum
1015 2385 1054 2446 ad
1078 2386 1107 2447 id
1128 2386 1232 2447 ducem
1252 2404 1310 2447 nou
1329 2384 1511 2446 desiderent.

240 2491 464 2554 Aunotationes
488 2490 613 2571 editoris
638 2500 669 2552 et
690 2489 897 2571 praefationes
921 2489 1015 2552 latina
1039 2491 1141 2572 lingna
1164 2491 1356 2572 adjicientur,
1389 2508 1454 2552 curn
1479 2496 1511 2550 et

151 2596 304 2678 Keplerus
334 2597 363 2658 in
387 2596 472 2660 libris
497 2606 529 2659 et
553 2597 691 2677 epistolis
714 2596 771 2656 hac
795 2595 896 2674 lingua
920 2615 992 2657 usus
1016 2596 1075 2671 sit,
1104 2606 1136 2658 et
1166 2596 1265 2659 editor
1287 2616 1371 2677 spem
1396 2597 1509 2670 foveat,

151 2701 215 2765 fore
239 2709 345 2765 utres
369 2703 407 2764 ab
431 2702 496 2782 ipso
521 2711 663 2784 suscepta
686 2721 744 2763 uon
768 2702 856 2763 modo
881 2699 1062 2776 Germanis,
1097 2701 1152 2765 sed
1183 2703 1276 2763 etiam
1300 2701 1412 2765 exteris
1434 2720 1508 2782 pro-

150 2807 247 2869 betur.
280 2807 520 2872 Aunotatiouum
540 2818 639 2873 autern
660 2809 738 2871 aliae
762 2827 861 2871 rerum
885 2815 1108 2889 temporumque
1132 2815 1165 2870 et
1187 2809 1340 2870 literarum
1364 2808 1512 2869 rationem

151 2913 321 2991 habebunt,
351 2915 430 2976 aliae
454 2917 548 2977 verba
572 2924 604 2978 et
625 2916 771 2976 dictiones
801 2914 1033 2976 mathematicas
1062 2922 1094 2977 et
1118 2915 1336 2977 astronomicas
1360 2913 1510 2993 interpre-

153 3018 310 3096 tabuntur,
335 3040 410 3103 quae
434 3030 488 3084 aut
509 3022 634 3102 Kepleri
658 3029 760 3084 aetate
785 3022 934 3083 diversam
958 3020 997 3083 ab
1021 3041 1075 3099 ea,
1099 3040 1176 3102 quae
1199 3040 1277 3084 nuno
1300 3029 1360 3095 est,
1385 3021 1511 3082 formam

152 3125 336 3203 retulerunt,
361 3136 433 3203 aut,
466 3133 501 3188 ut
522 3126 595 3190 viris
619 3127 648 3189 iu
672 3128 728 3189 hoc
751 3146 859 3207 genere
883 3128 1014 3190 versatis
1037 3128 1067 3191 iu
1091 3148 1147 3191 usu
1170 3136 1259 3202 sunt,
1291 3129 1337 3190 ita
1369 3127 1407 3188 ab
1431 3125 1509 3201 aliis,

152 3229 210 3292 uisi
235 3231 291 3293 tali
313 3232 572 3313 interpretatione,
598 3232 725 3313 intelligi
748 3251 807 3295 uon
830 3243 967 3314 possunt.

241 3337 398 3418 Epistulas
422 3339 546 3420 Kepleri
570 3342 841 3423 responsionesque
872 3340 1034 3404 amicorum
1062 3359 1122 3402 nou
1145 3340 1183 3403 ob
1207 3358 1273 3403 earn
1297 3356 1401 3414 unam,
1434 3356 1510 3419 quae

153 3443 241 3505 modo
256 3444 339 3508 dicta
353 3454 411 3522 est,
427 3466 551 3509 causam
566 3464 602 3508 ex
617 3454 705 3526 parte
720 3446 864 3527 integras,
881 3466 919 3509 ex
933 3446 1041 3527 maj0ri
1055 3466 1126 3509 vero
1142 3455 1229 3528 parte
1246 3463 1321 3526 „pro
1336 3463 1389 3506 suo
1404 3444 1508 3523 cujus-

153 3567 210 3630 que
232 3553 429 3632 argumento“
451 3552 639 3616 membratim
659 3553 813 3616 addendas
833 3554 1011 3629 censuimus,
1035 3553 1088 3615 sed
1103 3553 1166 3633 ejus
1185 3551 1229 3615 rei
1247 3552 1380 3632 potiores
1400 3570 1510 3613 causae
1553 3603 1562 3615 .

154 3655 284 3730 fuerunt,
308 3659 414 3735 altera,
440 3659 519 3739 quod
538 3659 609 3722 illae
623 3659 774 3739 longiores
790 3668 860 3722 suut
879 3662 996 3734 (insunt
1014 3660 1150 3722 collectis
1165 3658 1371 3737 Stuttgartiae
1390 3665 1422 3719 et
1435 3657 1509 3720 Pul·

155 3780 248 3824 covae
272 3764 409 3845 epistolis
443 3765 607 3845 quaedam,
642 3785 718 3847 quae
752 3773 930 3829 excrescunt
957 3765 994 3827 ad
1024 3765 1152 3846 paginas
1175 3761 1219 3828 40
1243 3773 1274 3828 et
1295 3765 1363 3847 plus
1387 3762 1510 3826 minutis

154 3867 250 3931 literis
273 3869 429 3950 scriptas),
455 3871 560 3945 altera,
587 3873 666 3952 quod
689 3872 856 3952 disputavit
879 3873 908 3934 iu
932 3872 992 3934 illis
1014 3872 1164 3952 Keplerus
1188 3872 1225 3933 de
1249 3871 1339 3933 rebus
1362 3867 1509 3931 diversis·

154 3973 248 4046 simis,
274 3995 332 4037 nou
356 3977 498 4040 contiuua
521 3979 657 4041 oratioue
681 3979 846 4060 conjunctis
872 3981 913 4052 (e.
938 3998 968 4059 g.
992 3978 1022 4040 in
1046 3977 1143 4041 literis
1167 3977 1206 4039 ad
1228 3976 1377 4039 Davidem
1400 3973 1509 4038 Fabri-

153 4080 232 4142 cium
256 4081 285 4144 d.
315 4080 362 4144 il.
388 4083 457 4147 Oct.
488 4080 581 4148 1605.
611 4087 691 4148 datis
715 4087 753 4148 ad
777 4085 908 4149 Fabricii
939 4085 1131 4167 quaestiones
1154 4084 1318 4164 respondet
1348 4082 1507 4162 Keplerus,

152 4187 378 4269 responsionem
406 4174 542 4253 dividens
560 4192 595 4271 iu
619 4193 827 4274 paragraphus
851 4210 971 4254 numero
996 4187 1064 4266 74).
1098 4189 1185 4262 Quae
1210 4210 1299 4272 quum
1321 4187 1441 4267 integra
1458 4188 1509 4249 vix
1548 4195 1550 4198 ⁴

154 4293 311 4373 quisquam
330 4295 462 4359 lecturus
482 4297 600 4372 fuisset,
624 4317 788 4379 speramus,
813 4317 859 4375 ea,
883 4316 960 4379 quae
983 4297 1070 4360 uobis
1093 4297 1217 4378 placuit,
1245 4296 1363 4359 ratione
1382 4296 1455 4370 fore,
1476 4301 1510 4355 ut

153 4398 317 4463 incitentur
334 4402 472 4479 lectores,
497 4411 531 4465 ut
553 4405 675 4485 propius
699 4405 861 4487 inspiciant
881 4424 925 4480 ea,
957 4424 1034 4486 quae
1053 4404 1202 4484 Keplerus
1226 4403 1288 4483 egit
1307 4420 1372 4464 cum
1392 4398 1508 4462 amicis.

152 4504 303 4586 Keplerus
327 4506 446 4589 quidem
469 4509 533 4590 ipse
557 4510 634 4573 viam
654 4511 795 4592 praeivit,
820 4510 869 4592 qui
889 4511 918 4574 in
936 4512 1016 4574 libro
1033 4509 1252 4590 chronologico,
1278 4507 1327 4590 qui
1346 4504 1508 4585 inscriptus

155 4619 204 4672 est
228 4611 382 4694 „Eclogae
408 4613 604 4693 Chronicae“‚
634 4638 671 4680 ea
693 4636 769 4698 quae
792 4617 890 4680 literis
914 4618 953 4680 ad
985 4616 1121 4680 diversos
1149 4617 1231 4678 datis
1262 4615 1435 4693 illorumque
1458 4630 1509 4675 re-

153 4716 364 4796 sponsionibus
393 4720 513 4785 iueraut
540 4725 751 4804 chronologica
774 4725 960 4805 excerpserit
982 4732 1015 4787 et
1037 4725 1118 4808 typis
1142 4720 1336 4803 exprimenda
1360 4716 1510 4783 curaverit

154 4821 252 4887 forma
275 4824 470 4910 dialogorum.
1338 4831 1341 4836 '
