3428 5542
689 309 772 374 capue
789 310 932 365 vr—vm.

698 502 819 601 Caput
844 503 927 579 VII.
1080 606 1083 611 .

405 659 462 722 De
483 660 748 723 secundariorum
771 661 885 724 ordine
905 669 936 724 et
954 664 1212 745 proprietatibus.

220 799 408 876 Secundaria
425 800 504 882 quod
518 800 638 876 attinet,
664 820 731 864 cum
753 803 915 866 octaedron
940 804 981 866 sit
1004 804 1087 884 prius
1110 798 1408 879 ieosaedru'mtrum
1430 806 1491 869 ali-

131 891 178 952 cui
192 890 286 953 videri
300 889 409 970 possit,
434 908 487 951 cur
506 890 585 971 quod
600 890 702 951 ordine
723 899 848 953 naturae
863 892 1015 971 posterius
1035 901 1091 966 est,
1116 892 1145 954 iu
1170 895 1279 955 mundo
1303 893 1491 973 praecedat?

130 980 210 1042 Nam
234 978 305 1059 quia
326 980 412 1039 Mars
437 978 644 1039 dodecaddron
669 981 794 1040 sortitus
818 990 866 1041 est
889 1000 956 1041 cum
978 981 1108 1055 Tellure,
1133 981 1267 1061 sequitur
1291 1001 1328 1042 ex
1352 983 1390 1043 iis
1414 1002 1491 1063 quae

133 1067 281 1141 diximus,
314 1066 393 1128 inter
416 1067 567 1128 Tellurem
594 1074 626 1128 et
648 1067 800 1128 Venerem
828 1069 973 1130 interesse
1003 1070 1190 1132 icosaddron.
1242 1070 1285 1130 Et
1312 1070 1394 1149 prins
1424 1091 1492 1133 esse

131 1157 295 1218 occaedron
326 1156 484 1217 icosaedro
517 1156 613 1217 multa
645 1155 784 1234 probant.
837 1156 969 1220 Primum
1002 1158 1080 1218 enim
1113 1158 1274 1220 octaedrou
1308 1169 1412 1220 natum
1444 1166 1493 1221 est

131 1249 205 1316 (non
230 1263 301 1306 vere
325 1244 455 1324 quidem,
480 1243 534 1305 sed
557 1243 602 1305 ite
625 1244 710 1324 quasi
734 1255 838 1307 natum
861 1246 917 1318 sit)
941 1246 1077 1308 excubo
1102 1254 1134 1308 et
1156 1246 1310 1326 pyramide
1333 1246 1438 1327 primis
1461 1247 1490 1308 in
1561 1271 1569 1282 ·

131 1352 186 1394 suo
200 1333 322 1394 ordine:
348 1351 472 1412 quorum
486 1332 569 1395 illius
584 1351 738 1395 nnmerum
753 1335 891 1406 latemm,
915 1334 1004 1412 hujus
1019 1335 1106 1396 basiu
1125 1334 1307 1413 triangulam
1326 1344 1490 1397 mutuatur.

132 1422 314 1484 lcosaedrou
338 1440 410 1482 vero
435 1421 623 1503 apyramide
644 1429 675 1481 et
690 1421 877 1483 dodecaedro
902 1423 1064 1501 postremis
1086 1423 1116 1483 in
1142 1441 1194 1483 suo
1219 1423 1321 1484 ordine
1346 1423 1490 1485 nascitur.

130 1509 263 1572 Rursum
278 1509 357 1571 enim
376 1529 413 1570 ex
436 1509 490 1570 illa
512 1509 609 1583 basin,
635 1528 672 1570 ex
687 1510 743 1570 hoc
758 1530 910 1572 numerum
926 1511 1053 1572 laterum
1068 1518 1232 1580 mutuatur.
1266 1509 1302 1585 2)
1318 1510 1492 1574 Octatdron

131 1608 164 1660 et
186 1597 364 1660 icosabdron
388 1597 415 1659 si
438 1616 476 1659 ex
499 1597 618 1677 angulis
642 1597 808 1676 adspicias,
840 1598 1005 1661 illudcubi
1029 1598 1116 1659 basin
1141 1600 1321 1679 quadratam
1344 1606 1490 1674 ostentat,

131 1688 188 1748 hoc
212 1686 393 1750 dodecaedri
417 1685 679 1766 quinquangulum.
723 1683 758 1759 3)
783 1684 968 1748 Octatdmm
992 1686 1068 1748 cubo
1090 1687 1280 1767 aequealtum
1304 1696 1361 1763 est,
1385 1696 1420 1750 nt
1442 1687 1492 1750 vi-

131 1774 286 1850 debimus,
320 1783 353 1837 et
373 1774 551 1837 icosabdrou
575 1774 774 1837 dodecaedro.
821 1771 858 1850 4)
883 1773 1057 1837 Octaedron
1089 1795 1156 1837 curn
1184 1775 1278 1850 cubo,
1313 1776 1492 1839 icosaedron

130 1883 198 1927 cum
221 1863 410 1944 dodecaedro
433 1870 606 1943 permutant
628 1882 782 1925 numerum
805 1864 923 1925 basium
938 1873 970 1926 et
985 1864 1171 1944 angulorum.
1206 1864 1286 1925 Nam
1310 1866 1377 1928 cubi
1401 1865 1492 1926 bases

130 1961 162 2014 et
186 1951 321 2015 octaedri
345 1952 447 2032 anguli
470 1960 540 2015 sunt
568 1971 640 2025 sex,
677 1951 758 2013 illius
788 1952 890 2031 anguli
914 1961 946 2015 et
969 1953 1056 2032 hujus
1081 1952 1170 2014 bases
1194 1961 1274 2014 octo.
1321 1952 1373 2016 Sic
1397 1946 1492 2015 dode·
1528 1954 1532 1963 '

130 2041 233 2103 caedri
257 2041 347 2103 bases
370 2049 402 2102 et
424 2040 572 2102 ieosaedrt
597 2040 699 2119 anguli
722 2048 792 2102 sunt
815 2041 952 2120 utrinqne
972 2041 1148 2103 duodecim:
1173 2041 1308 2104 vicissim
1330 2042 1411 2104 illius
1434 2058 1492 2104 au·

130 2130 194 2210 guli
218 2137 250 2191 et
272 2129 362 2210 hujus
385 2128 476 2191 bases
500 2136 570 2190 sunt
592 2124 709 2209 viginti.
756 2127 792 2202 5)
817 2127 990 2191 Octaddron
1020 2129 1087 2190 cubi
1117 2138 1232 2192 rectum
1256 2132 1399 2210 angulum
1422 2130 1491 2193 imi-

129 2226 231 2292 tatur,
258 2218 437 2281 icosatdron
466 2217 647 2280 dodecaedri
675 2219 824 2280 obtusum.
871 2217 920 2279 Ex
953 2216 1059 2297 quibus
1090 2226 1177 2298 patet
1209 2221 1372 2281 octaedrou
1401 2226 1493 2300 caput

131 2326 200 2369 esse
223 2307 270 2369 sni
293 2306 419 2379 ordinis,
444 2306 523 2369 sicut
545 2307 638 2368 cubus
661 2305 823 2386 primorum
847 2314 894 2367 est
916 2306 1066 2386 princeps.

718 2541 877 2555 n--.>--.‹-..
904 2550 907 2554 -

690 2726 811 2825 Caput
836 2725 937 2800 VIII.

355 2903 449 2982 Quod
472 2903 642 2965 octaedron
663 2903 705 2966 eit
727 2904 813 2966 iutra
842 2903 989 2967 Venerem
1014 2913 1043 2967 et
1065 2905 1272 2968 Mercurium.

224 3061 313 3134 Quod
336 3072 441 3127 auteur
462 3070 625 3142 propterea
648 3063 751 3124 statim
781 3064 818 3124 ad
847 3063 1055 3124 dodecaedrou
1079 3065 1108 3125 in
1133 3064 1242 3126 mundo
1266 3061 1348 3142 sequi
1372 3061 1492 3137 debeat,

133 3173 193 3216 non
216 3151 361 3234 sequitur.
402 3151 435 3226 l)
458 3152 539 3215 Nam
562 3153 632 3232 quia
655 3170 760 3212 revera
785 3152 842 3213 duo
867 3152 978 3212 diversi
1002 3162 1073 3215 suut
1096 3154 1226 3226 ordines,
1250 3160 1378 3231 Possunt
1400 3151 1494 3213 etiam

133 3244 164 3305 in
178 3243 315 3304 diversas
334 3241 435 3303 mundi
458 3241 566 3320 plagas
590 3247 729 3319 spectare
753 3241 815 3302 suis
834 3238 992 3318 capitibus.
1031 3240 1067 3315 2)
1089 3242 1188 3320 Atque
1204 3243 1288 3315 adeo,
1314 3239 1383 3320 quia
1401 3239 1494 3301 cubus

133 3330 330 3410 dignissimae
354 3330 456 3392 mundi
475 3328 589 3408 regioni
603 3338 692 3390 extra
706 3329 830 3391 Terram
845 3330 1074 3408 appropinquat,
1100 3330 1357 3391 circumferentiae
1377 3329 1495 3389 scilicet

134 3421 198 3481 sive
221 3419 309 3490 lixis,
336 3436 392 3497 par
416 3427 501 3492 erat,
531 3426 565 3479 nt
593 3425 624 3478 et
647 3417 772 3479 alterius
797 3417 909 3478 ordinis
933 3427 1024 3495 caput
1048 3419 1176 3497 digniori
1200 3420 1265 3480 loco
1290 3416 1390 3478 mundi
1415 3418 1495 3477 intra

134 3507 265 3571 Telluris
292 3507 395 3570 orbem
426 3506 592 3568 accederet.
638 3506 720 3568 Nihil
749 3513 851 3567 autem
882 3505 999 3584 dignius
1029 3516 1132 3568 centro
1162 3515 1193 3568 et
1216 3506 1297 3568 Sole.
1345 3503 1380 3575 3)
1405 3503 1494 3573 Quod

134 3597 161 3658 si
184 3597 278 3658 etiam
301 3595 455 3675 utriusque
479 3595 592 3656 ordinis
616 3595 707 3655 situm
730 3613 784 3673 pro
814 3613 871 3655 uno
899 3613 1095 3668 censeamus,
1130 3595 1199 3674 quid
1232 3593 1401 3671 elegantius
1429 3590 1494 3652 fieri

133 3692 274 3765 poterat,
307 3703 396 3765 qnam
428 3691 463 3745 ut
485 3683 535 3745 ille
562 3683 699 3762 utrinque
729 3682 875 3744 similibus
905 3690 936 3742 et
957 3683 1062 3760 primis
1085 3682 1259 3761 corporibus
1283 3677 1493 3741 clauderetur?

133 3772 171 3849 4)
194 3773 353 3835 Pulchrius
377 3773 470 3834 etiam
492 3779 554 3844 est,
584 3771 752 3832 multifaciu
775 3789 900 3850 corpora
923 3770 1091 3831 adinvicem
1115 3770 1200 3850 sequi
1223 3771 1252 3831 in
1276 3767 1388 3838 medio,
1420 3776 1493 3828 eta

133 3863 311 3942 pluralitate
335 3860 452 3923 basium
476 3859 614 3938 utrinque
638 3859 750 3920 sensim
774 3860 812 3919 ad
826 3859 1008 3938 paucitatem
1026 3859 1150 3932 discedi,
1175 3857 1201 3920 si
1219 3857 1290 3919 uilril
1316 3856 1396 3916 aliud
1418 3873 1491 3934 pro-

134 3951 247 4024 hibeat,
273 3948 412 4030 quamsi
436 3949 475 4010 ad
499 3947 658 4010 multarum
678 3947 795 4008 basium
810 3967 917 4026 corpus
937 3956 1112 4026 sequeretur
1136 3964 1225 4007 unum
1248 3963 1409 4024 paucarum
1434 3946 1492 4005 ba-

134 4040 222 4112 sium,
247 4046 279 4099 et
302 4036 429 4117 denique
447 4036 631 4098 succederet
653 4055 768 4097 rursum
794 4036 875 4098 aliud
899 4036 987 4115 longe
1011 4036 1147 4114 plurium,
1173 4053 1262 4113 quam
1281 4042 1348 4095 erat
1371 4042 1489 4094 utrum-

134 4146 201 4209 que.
241 4123 277 4197 5)
300 4125 403 4204 Atque
427 4144 495 4187 cum
518 4124 728 4202 dodecaddron
753 4134 836 4188 esset
859 4124 887 4185 in
912 4144 966 4185 suo
991 4124 1094 4185 ordine
1113 4123 1258 4195 ultimum,
1283 4121 1491 4192 conveniebat,

133 4225 168 4278 ut
190 4215 236 4276 illi
258 4213 436 4277 succederet
463 4231 500 4275 ex
529 4213 624 4273 altero
652 4212 770 4286 ordine,
801 4214 878 4293 qnod
908 4220 991 4273 esset
1019 4213 1064 4273 sui
1088 4212 1195 4273 simile.
1243 4207 1279 4284 6)
1309 4210 1411 4270 Etiam
1436 4209 1492 4270 hoc

134 4305 174 4366 ad
197 4303 328 4367 Telluris
352 4300 531 4382 dignitatern
554 4302 701 4380 pertinet,
727 4311 761 4362 ut
784 4301 921 4382 utrinque
946 4301 1097 4375 similiter,
1123 4308 1265 4380 quantum
1288 4298 1352 4359 fieri
1375 4303 1490 4376 posset,

135 4393 310 4473 stiparetur.
352 4388 430 4454 Cum
452 4390 545 4470 igitur
566 4389 612 4450 ita
634 4389 806 4464 cecidisset,
832 4400 865 4452 ut
888 4389 1021 4452 exterius
1044 4390 1177 4469 proxime
1202 4387 1365 4449 ambiretur
1387 4385 1490 4447 multi-

134 4482 223 4556 facio‚
247 4499 303 4560 par
326 4474 402 4554 erat,
427 4487 461 4540 ut
483 4477 610 4540 interius
635 4477 728 4539 etiam
751 4479 885 4559 proxime
910 4479 1158 4557 complecteretur
1181 4474 1386 4538 multifacium.
1423 4474 1491 4535 Duo

134 4570 227 4650 igitur
248 4569 281 4631 hi
303 4568 424 4630 ordines
448 4567 576 4647 quinque
600 4567 705 4628 horum
729 4586 886 4647 corporum
915 4568 959 4627 ita
986 4575 1056 4628 sunt
1083 4587 1102 4627 a
1126 4564 1348 4645 sapientissimo
1374 4561 1489 4625 Condi

134 4666 201 4720 tere
225 4658 255 4720 iu
277 4675 369 4720 unum
391 4655 526 4725 redacti,'
543 4662 578 4717 ut
601 4655 734 4717 calcibus
753 4656 880 4716 invicem
900 4656 937 4717 ad
953 4655 1114 4728 Tellurem,
1138 4674 1213 4734 quae
1237 4651 1382 4714 maceries
1407 4649 1490 4729 ipso-

134 4765 198 4810 rum
222 4753 281 4822 est,
306 4745 542 4819 obverterentur,
568 4743 718 4826 capitibus
742 4744 771 4805 in
796 4744 932 4806 diverses
956 4743 1057 4805 mundi
1079 4743 1187 4835 plagas
1212 4740 1410 4879 di9spedereut.
1427 4739 1455 4811 ⁸)
