3428 5542
648 261 651 271 ⁵
680 307 763 360 uocas
782 307 898 363 caess
1379 307 1445 375 655

85 430 174 522 Μὴ,
197 463 241 515 der
258 461 323 516 Hsrr
344 465 425 517 verde
450 463 594 517 schnerliclr
618 465 678 517 oder
696 481 743 532 gar
760 467 798 517 nit
816 482 847 517 an
866 473 952 532 gntern
969 466 1021 517 und
1038 465 1220 518 verhoffendem
1240 467 1378 533 Anssehlag
1395 467 1446 519 und

86 536 211 588 endlieher
229 537 371 602 Atheltung
389 537 440 588 und
455 537 622 602 Verriehtung
642 538 722 588 dieser
740 541 823 589 solnm
840 539 976 604 Handlung
994 539 1127 603 gelangec,
1147 552 1219 588 vanu
1238 554 1265 589 er
1282 540 1320 588 nit
1337 540 1446 590 selbstec

27 667 33 677 ,
85 607 201 664 morene,
220 607 272 657 und
289 608 337 657 den
356 607 456 659 Sachare
474 608 584 659 eelbetan
602 608 736 659 uachsetaa
756 610 808 659 und
827 608 962 659 beivchne.
999 608 1058 658 Nun
1075 609 1120 658 hat
1138 623 1165 659 er
1182 610 1235 659 sich
1254 609 1318 660 auch
1337 611 1448 665 erbcten,
1538 634 1544 646 ·

85 691 157 728 vena
176 678 220 727 der
237 677 302 728 Herr
319 679 369 727 ihm
388 681 443 729 sins
462 677 633 743 Supplicaticn
652 694 694 728 nm
713 680 860 744 lirlaubucg
883 679 1096 736 hincinrureisen,
1120 694 1152 729 an
1171 680 1213 730 Jre
1232 681 1322 729 Fitrstl.
1341 679 1444 730 Durehl.

85 748 239 805 verlautend,
257 748 405 799 zuschicken
423 750 512 809 werde,
533 750 590 799 dass
609 764 637 799 er
655 750 710 799 dem
723 749 805 800 Herm
819 765 865 814 gar
883 764 942 813 geru
962 750 1026 799 darn
1044 749 1126 798 hellen
1144 750 1222 808 welle,
1242 750 1300 801 dass
1318 751 1352 800 Er
1368 751 1445 800 licen-

84 821 155 877 tiarn,
173 820 227 869 sich
243 820 277 868 im
296 820 369 869 Laud
387 821 432 870 eui
448 821 488 870 ain
507 820 564 871 Zeit
581 821 641 884 lang
660 821 741 872 dieser
759 821 888 871 Ursachen
906 819 992 870 halber
1010 820 1180 878 aulznhalten,
1198 821 1336 873 belomme.

173 890 269 942 Datum
286 889 414 940 Milnchen
434 891 457 939 d.
481 889 520 940 17.
538 892 597 942 Jun.
622 888 696 941 1603.

245 959 333 1010 Damit
350 961 391 1011 bin
411 960 454 1011 ich
473 960 516 1012 des
535 962 621 1012 Herm
640 960 824 1026 dienstrilliger
841 961 931 1011 Henna
949 961 1018 1025 Ydrg
1034 961 1150 1011 Hernart
1166 978 1189 1012 r.
1209 961 1369 1028 Hchenburg.

172 1047 332 1110 Keplerue
350 1048 489 1113 respondit:

175 1120 324 1191 Magnifice
348 1129 379 1175 et
398 1121 574 1177 Nobilissime
594 1123 654 1177 Vir.
677 1123 781 1176 Fautcr
802 1122 931 1176 colende.
973 1120 1057 1176 Binas
1088 1122 1138 1175 abs
1159 1121 1236 1193 Mag.
1262 1124 1323 1177 'lua
1353 1124 1447 1194 accepi

87 1200 200 1262 literas,
229 1200 342 1254 ultimas
368 1201 413 1255 17.
435 1203 523 1266 Junii,
555 1218 626 1273 quae
648 1203 784 1256 derebus
805 1201 872 1255 meis
894 1201 1049 1256 domesticis
1070 1208 1178 1256 sonant.
1229 1203 1332 1272 Scripsi
1353 1205 1447 1257 statim

85 1281 121 1332 ad
142 1295 258 1333 uxorem
278 1296 375 1342 meam,
397 1297 432 1334 ne
453 1282 526 1336 hanc
546 1282 716 1335 occasionem
738 1281 767 1334 in
788 1282 910 1335 futurum
931 1298 1008 1336 suum
1031 1281 1191 1352 negligeret
1211 1289 1240 1335 et
1256 1283 1290 1336 D.
1307 1283 1446 1339 Caealium

85 1359 284 1429 alloqueretur.
325 1360 372 1414 Me
394 1362 464 1431 quod
487 1361 589 1416 attinet
610 1378 753 1431 meumque
774 1361 843 1426 iter,
865 1361 983 1432 optarim
1003 1360 1079 1432 prius
1101 1378 1160 1415 cum
1180 1362 1258 1433 Mag.
1280 1363 1341 1416 'lua
1361 1363 1445 1420 collo·

85 1436 140 1509 qui.
181 1438 254 1493 Nam
274 1440 328 1493 duc
350 1440 467 1511 negotia
487 1447 553 1495 sunt
573 1442 653 1495 uxori
675 1458 771 1504 meae,
802 1442 920 1495 alterum
948 1441 976 1495 in
1004 1447 1123 1511 paterna
1152 1441 1344 1505 haereditate,
1373 1442 1444 1517 quod

83 1517 257 1572 mediocriter
277 1521 410 1589 procedit,
431 1529 537 1575 utnon
559 1520 687 1575 videatur
708 1521 833 1592 indigere
854 1521 952 1589 majori
973 1537 1071 1591 opera;
1100 1521 1219 1576 alterurn
1240 1521 1267 1573 in
1289 1521 1367 1575 bonis
1389 1522 1443 1591 pri-

87 1598 200 1668 vignae,
222 1600 255 1652 de
277 1599 374 1669 quibus
396 1615 432 1653 an
446 1601 543 1671 Magn.
559 1601 619 1655 Tua
639 1617 699 1655 cum
714 1601 825 1655 (lasalic
846 1601 883 1654 sit
903 1601 1005 1664 locuta,
1030 1617 1084 1653 non
1104 1617 1215 1669 possum
1236 1619 1272 1654 ex
1294 1600 1382 1656 literis
1403 1602 1443 1658 ia·

84 1677 226 1748 telligere.
270 1679 347 1740 Quod
376 1680 400 1732 si
429 1696 492 1734 mea
520 1680 684 1750 praesentia
702 1679 748 1734 hic
769 1680 872 1750 aliquid
893 1679 1017 1733 salutare
1037 1680 1140 1748 possim
1161 1682 1270 1734 allicere
1281 1679 1295 1743 ,'
1318 1681 1443 1751 equidem

86 1774 141 1811 non
165 1757 349 1813 detrectarem
369 1758 432 1814 iter.
474 1759 559 1830 Atqui
589 1761 731 1831 negotium
760 1760 820 1813 tale
841 1766 898 1822 est,
928 1766 961 1812 ut
985 1774 1074 1828 parva
1098 1759 1164 1813 milri
1193 1760 1220 1813 in
1247 1776 1291 1813 me
1311 1776 1375 1829 spes
1397 1760 1442 1823 sit,

85 1852 147 1891 cum
169 1837 219 1891 sim
240 1836 353 1892 vitricus
374 1856 426 1892 nec
446 1839 569 1910 regionis
590 1840 697 1901 incola;
725 1856 778 1894 non
803 1846 847 1893 est
874 1839 969 1909 itaque
988 1837 1151 1903 verisimile,
1174 1840 1239 1893 milri
1260 1840 1391 1895 collatum
1412 1839 1444 1896 iri

84 1917 212 1980 tutelam,
233 1916 285 1970 nisi
307 1918 379 1972 forte
400 1917 487 1989 aliqui
507 1919 689 1990 magistratus
711 1925 847 1973 certorum
867 1919 994 1982 locorum,
1017 1917 1044 1970 in
1066 1934 1137 1989 quae
1152 1920 1341 1973 translaturus
1355 1934 1446 1972 essem

84 1997 168 2059 bona
190 2012 240 2065 pro
260 1997 314 2051 hac
335 1998 427 2051 tutela
447 1997 657 2070 magistratibus
679 1997 813 2069 Styriacis
835 1999 970 2068 spondere
986 1996 1074 2067 juxta
1095 2015 1137 2052 me
1158 1999 1254 2054 velint.
1294 2003 1339 2052 An
1360 1999 1444 2053 etiam

85 2076 114 2129 in
133 2075 187 2130 hae
207 2093 237 2130 re
251 2076 389 2131 Casalium
411 2085 594 2147 promotorem
615 2077 681 2132 mihi
701 2077 868 2149 pollicearis,
891 2077 1009 2132 audiam.
1040 2078 1111 2131 Nam
1132 2079 1185 2132 hoc
1205 2079 1267 2144 iter,
1290 2080 1358 2134 satis
1373 2096 1445 2136 sum·

88 2161 206 2228 tuosum,
227 2155 279 2209 nisi
301 2157 406 2227 optima
425 2174 475 2227 spe
496 2158 690 2212 nou-libenter
710 2174 892 2228 capesserem.

175 2237 252 2298 Quod
274 2236 378 2290 attinet
398 2237 506 2292 veniam
527 2237 707 2308 ingrediendi,
732 2255 792 2291 cum
812 2237 921 2291 vocatio
942 2253 1005 2290 mea
1024 2236 1116 2291 aulica
1136 2244 1201 2291 aute
1222 2237 1445 2292 reformationem

85 2315 163 2369 illam
183 2323 313 2384 suscepta
333 2323 363 2369 et
383 2316 521 2381 inchoata,
544 2333 745 2388 consensusque
761 2317 888 2371 Caesaris
909 2317 1073 2385 impetratus
1092 2316 1136 2379 sit,
1159 2333 1230 2386 quae
1248 2317 1364 2386 denique
1379 2335 1443 2370 con·

85 2396 197 2448 firmata
217 2411 267 2448 seu
287 2395 427 2449 ratificata
447 2397 500 2450 iirit
520 2396 638 2466 penitus,
660 2414 811 2466 persuasus
832 2396 891 2449 iere
912 2411 980 2457 sum,
1002 2396 1162 2464 exspirasse
1184 2397 1259 2449 illam
1282 2396 1445 2464 ejectionem

85 2482 116 2528 et
135 2474 335 2543 provinciarum
356 2474 577 2545 prohibitionem,
599 2493 649 2529 nec
670 2494 732 2531 esse
752 2475 935 2531 refricandam
950 2473 1010 2543 ejus
1026 2475 1180 2529 memoriam
1195 2476 1330 2545 petitione
1346 2476 1445 2531 veniae

87 2553 267 2625 ingrediendi.
1038 2621 1041 2626 Ι

174 2633 228 2688 Sed
249 2650 343 2689 renim
364 2640 425 2699 cst,
448 2641 573 2689 amantes
595 2635 637 2690 sui
660 2636 781 2707 ipsorum
802 2633 855 2704 ipsi
875 2632 928 2688 sihi
947 2634 1057 2705 fingunt
1076 2634 1177 2689 dulcia.
1220 2633 1248 2689 Si
1270 2635 1443 2706 periculosae

87 2719 153 2768 sunt
173 2713 228 2767 hae
248 2730 328 2768 meae
349 2714 542 2785 cogitationes,
565 2722 698 2786 exspecto
720 2714 940 2770 admonitionem.

176 2789 248 2852 Quae
271 2798 402 2856 supersunt
423 2792 511 2843 harum
533 2793 666 2854 literarum,
692 2809 753 2858 quas
772 2794 871 2857 scripsit
888 2789 1012 2854 Keplerus
1030 2789 1130 2855 Pragae
1149 2791 1173 2841 d.
1194 2792 1218 2842 t.
1237 2793 1287 2843 Jul.
1308 2789 1385 2851 1603,
1411 2794 1446 2845 ls-

87 2869 180 2928 guntur
196 2863 223 2912 in
242 2861 335 2926 Optica
352 2869 378 2913 et
395 2864 421 2912 ln
439 2863 518 2928 praei.
543 2864 575 2914 ad
595 2862 732 2914 comment.
752 2865 848 2914 Martis.
886 2862 991 2926 Spectat
1008 2861 1132 2925 Keplerna
1157 2865 1237 2913 verbis
1261 2864 1311 2913 suis
1340 2867 1447 2928 ,electio

86 2941 113 2984 et
129 2934 308 2998 provinciarum
326 2934 473 2997 prohibitic“
493 2942 663 2999 tempusque
682 2950 737 2985 cum
756 2935 811 2985 aliis
830 2936 924 2985 Grastii
944 2933 1035 2983 civibus
1054 2931 1156 2983 Lutheri
1176 2933 1234 2985 fidei
1253 2935 1359 2985 addictis
1377 2935 1444 2996 ejecss

86 3011 127 3055 tua
145 3018 159 3054 e
178 3003 262 3067 Styria
278 3005 304 3054 in
322 3005 478 3069 Hungariam
495 3006 609 3066 excunte,
629 3015 656 3056 et
673 3008 739 3057 brari
756 3014 812 3071 post
829 3006 957 3057 Grastium
974 3018 1085 3054 resenas
1104 3003 1162 3055 hinc
1181 3006 1213 3056 ad
1227 3005 1370 3070 Tychoncm
1382 3004 1442 3058 Pra-

86 3089 190 3142 gemae
209 3075 320 3126 eontulit
340 3074 436 3140 (Comp.
455 3093 480 3140 p.
501 3072 543 3126 ³9.
563 3074 606 3126 69.
625 3075 671 3140 ss.)

70 3155 75 3170 ¹
174 3145 215 3196 ad
232 3146 278 3195 hae
296 3146 381 3198 literas
399 3162 449 3196 ncn
467 3148 592 3211 respoudit
604 3148 757 3205 Hervartus,
777 3147 817 3197 die
835 3148 934 3198 demum
954 3143 996 3195 1³.
1010 3144 1072 3195 Nor.
1091 3146 1116 3194 h.
1138 3158 1161 3195 a
1181 3146 1291 3210 Keplerc
1309 3149 1446 3198 nuncians:

89 3216 162 3276 ,dass
189 3216 230 3266 ich
252 3215 341 3281 'wegen
360 3217 558 3284 angestandener
575 3216 855 3284 Leibsungelegecheit,
880 3219 945 3268 auch
970 3216 1076 3267 auderet
1094 3215 1195 3275 Uultll,
1220 3221 1366 3282 praesertim
1391 3235 1449 3270 vero

86 3294 185 3353 propter
196 3287 296 3348 obitum
314 3291 425 3354 conjugis
444 3302 524 3343 meae.
541 3289 653 3339 seidhem
672 3292 710 3339 nit
727 3289 791 3339 Weil
809 3290 910 3353 gehabt,
930 3289 979 3338 den
997 3287 1084 3337 studiis
1103 3287 1343 3340 nachzulrommen.“
1382 3290 1448 3340 Dein

86 3359 184 3423 pergit,
203 3357 306 3421 Kepleri
323 3367 441 3423 spectans
460 3359 584 3424 querelae:
611 3375 654 3418 ,es
676 3361 722 3410 hat
743 3362 790 3408 mir
812 3361 838 3408 iu
856 3360 989 3424 Augsburg
1018 3359 1084 3407 mein
1102 3356 1191 3408 Vetter
1208 3358 1325 3409 Matheus
1344 3360 1448 3416 Welser.

87 3428 578 3494 angshender-Reiclsspianningmaistsr
603 3429 727 3491 (aerarius
745 3427 852 3494 imperii)
881 3429 1032 3485 sermeldst‚
1061 3429 1107 3476 vie
1133 3442 1163 3477 es
1186 3429 1241 3478 dem
1260 3431 1341 3480 llerrn
1360 3432 1385 3480 in
1405 3431 1449 3480 der

87 3498 254 3564 Entriolrtuug
280 3500 324 3549 der
350 3501 544 3564 versprochenen
563 3501 706 3566 Beseldung
731 3501 829 3566 crgehe.
867 3499 922 3551 Das
944 3499 993 3549 hab
1018 3497 1059 3548 ich
1077 3497 1158 3562 gleich
1178 3500 1284 3565 aniangs
1304 3500 1367 3550 wohl
1385 3500 1449 3567 Scrg

79 3568 191 3636 'gehabt
228 3569 306 3620 Kann
324 3569 365 3621 ich
383 3572 409 3620 in
428 3571 520 3621 diesem
539 3586 590 3621 vas
609 3577 693 3637 gnetra
712 3571 782 3629 thum
801 3572 842 3622 bin
861 3565 903 3620 ich
920 3584 986 3635 gans
1004 3568 1103 3634 villig.“

177 3641 206 3690 lu
226 3640 301 3690 literis
311 3641 436 3706 Keplerus
453 3642 511 3693 hinc
529 3643 587 3692 inde
604 3658 681 3707 nsque
700 3643 733 3693 ad
751 3657 843 3692 annum
865 3638 940 3690 1606.
960 3655 1011 3691 rem
1029 3640 1220 3690 haereditariam
1239 3655 1288 3690 ccn
1306 3641 1373 3691 ultra
1390 3649 1447 3692 tan·

89 3711 136 3778 git,
157 3725 204 3762 nec
222 3712 296 3776 plane
315 3719 426 3770 constat.
452 3721 573 3777 quantum
590 3715 721 3777 profecerit
739 3713 853 3764 Casalius
873 3712 967 3763 Grastii
985 3710 1023 3760 rel
1040 3711 1164 3774 Keplerus
1182 3711 1280 3776 Pragac
1300 3712 1366 3777 apud
1383 3713 1448 3763 Bar·

87 3783 181 3832 tritium
200 3783 224 3831 in
243 3781 281 3831 hie
299 3784 377 3832 turbis
396 3783 544 3834 domesticis.
570 3785 643 3836 Brevi
659 3792 751 3844 autem,
770 3785 881 3849 quamvis
901 3797 975 3848 aegre
994 3788 1124 3839 extortum,
1142 3781 1260 3831 salarium
1278 3784 1324 3848 ipsi
1342 3784 1448 3833 solutum

89 3859 143 3911 est;
163 3852 226 3903 icrte
244 3855 320 3903 etiam
339 3868 399 3904 uxor
427 3862 453 3904 et
477 3857 590 3920 privigna
616 3863 668 3905 tum
697 3857 762 3906 bona
788 3855 813 3903 in
842 3853 926 3917 Styria
949 3853 1055 3903 liberata
1082 3858 1243 3916 acceperunt.
1271 3861 1299 3903 ut
1324 3854 1448 3919 Keplerus

89 3922 148 3973 hine
166 3925 225 3973 inde
243 3925 337 3973 mellcri
356 3939 415 3974 usus
433 3927 466 3974 sit
484 3927 597 3985 fortuna,
623 3927 699 3976 turbis
723 3926 821 3991 quidem
840 3926 945 3989 politicis
963 3925 1062 3987 saepius
1079 3924 1105 3973 in
1124 3924 1223 3974 dublum
1242 3933 1338 3976 rocam.
1375 3927 1448 3975 Anno

56 4033 58 4042 ι
91 3999 169 4053 1608,
190 4000 245 4066 (13.
260 4000 331 4064 lan.)
350 4002 473 4068 Keplerns
492 4007 578 4070 paucis
596 4006 634 4054 his
652 4008 727 4057 reiert
739 4004 883 4057 Herrartc:
907 4013 976 4068 „per
1006 3995 1024 4050 3
1055 4014 1162 4052 meuses
1190 3996 1268 4051 abfui
1295 3998 1323 4053 in
1343 3999 1448 4070 Styriss.

88 4075 330 4227 pplilplilqugrapem
350 4078 386 4133 D.
410 4077 514 4133 Casalii
535 4079 758 4134 benevolentiam
778 4085 912 4149 expertus
933 4094 1005 4141 sum,
1028 4093 1109 4148 quam
1130 4077 1181 4132 tibi
1202 4077 1328 4133 adscribo
1349 4095 1447 4148 accep·

179 4249 208 4312 i)
228 4268 251 4315 p.
272 4248 332 4301 356.
368 4252 479 4304 loannes
498 4254 635 4306 Eriksen
655 4253 723 4318 (ride
741 4268 815 4320 supra
832 4270 857 4319 p.
878 4249 942 4313 304)
965 4254 1030 4303 inter
1052 4252 1174 4302 studiosos
1192 4254 1333 4304 nominatur
1351 4251 1448 4316 Tychc·

90 4322 145 4381 nia,
173 4324 214 4388 qul
242 4337 298 4374 enm
316 4339 330 4374 e
348 4323 435 4375 Dacia
459 4327 486 4374 ln
504 4325 651 4376 Bchemianr
676 4328 788 4377 comitati
815 4332 881 4376 aaut.
919 4323 1136 4375 observationibus
1172 4324 1291 4375 intererat
1315 4323 1447 4388 Tychcnls,

88 4393 189 4460 Pragae
208 4400 234 4444 et
251 4395 407 4446 Banathicae
433 4394 541 4456 habitis,
570 4397 603 4447 ad
627 4410 689 4462 quas
707 4397 830 4461 Keplerns
849 4410 915 4446 anno
934 4391 1012 4444 1600.
1032 4409 1049 4445 a
1068 4393 1185 4458 Tyehcne
1203 4402 1305 4445 vocatur
1333 4397 1446 4446 accemlt

90 4462 159 4517 Hinc
177 4471 239 4516 nata
258 4473 297 4515 est
315 4468 426 4517 amicitia
438 4468 503 4516 inter
516 4482 572 4517 scm
585 4475 611 4518 et
623 4468 728 4534 reliquos
741 4467 864 4532 'tychonis
876 4467 1023 4516 domesticos
1036 4480 1248 4530 amanuenseeque
1261 4466 1300 4515 Fr.
1314 4465 1446 4533 'l'engnag-

90 4536 159 4594 Ram,
178 4536 218 4586 Jc.
240 4536 473 4604 lcugcmcntanum
490 4535 635 4599 (Severini),
655 4539 739 4589 Ambe.
758 4538 896 4596 Rhodium,
915 4536 1059 4587 Scillartum
1077 4543 1193 4602 atquem
1212 4537 1317 4587 diximus
1335 4537 1447 4594 Erikeen.

91 4619 194 4671 quornm
217 4608 265 4659 duc
290 4610 436 4673 posteriores
463 4609 580 4672 menone
605 4617 700 4660 mortuo
717 4610 817 4676 Pragae
841 4610 1017 4674 aliquautleper
1042 4615 1212 4666 remanentes,
1232 4608 1367 4673 Keplerurn
1384 4622 1446 4657 ncn-

90 4679 162 4729 nulia
178 4693 209 4729 ex
225 4685 298 4743 parts
315 4680 463 4744 &premnt
478 4682 505 4730 ln
522 4680 731 4732 observatlcnlbtu
750 4682 936 4741 mmcncmlcis,
956 4680 1014 4731 dum
1032 4680 1136 4745 reliqui,
1164 4679 1207 4730 alii
1234 4679 1267 4729 ad
1295 4679 1347 4730 alia
1364 4678 1449 4728 stadia

91 4755 120 4800 et
135 4762 242 4801 rum
257 4756 416 4802 mantes
440 4753 484 4802 elil
506 4751 631 4802 mummia
654 4752 756 4803 ulterius
776 4753 899 4810 colentes,
923 4750 981 4801 hinc
998 4750 1066 4801 illinc
1084 4765 1128 4815 per
1144 4751 1251 4816 patriam
1270 4751 1372 4815 dispersl
1390 4757 1449 4800 sunt

93 4818 328 4887 mmmm
346 4822 461 4876 meone
477 4825 504 4874 ia
522 4821 641 4886 Dantem,
659 4823 772 4877 nucum
789 4819 978 4889 thetsrgan).
1015 4821 1120 4874 Erine·
1136 4821 1242 4888 posthac
1259 4823 1391 4874 sonim
1410 4825 1448 4872 sat
