<?xml version="1.0" encoding="UTF-8"?>
<!DOCTYPE html PUBLIC "-//W3C//DTD XHTML 1.0 Transitional//EN"
    "http://www.w3.org/TR/xhtml1/DTD/xhtml1-transitional.dtd">
<html xmlns="http://www.w3.org/1999/xhtml" xml:lang="en" lang="en">
 <head>
  <title>
</title>
<meta http-equiv="Content-Type" content="text/html;charset=utf-8" />
  <meta name='ocr-system' content='tesseract 3.04.00' />
  <meta name='ocr-capabilities' content='ocr_page ocr_carea ocr_par ocr_line ocrx_word'/>
</head>
<body>
  <div class='ocr_page' id='page_1' title='image "./joanniskepleria10frisgoog/joanniskepleria10frisgoog_0056.png"; bbox 0 0 3428 5542; ppageno 0'>
   <div class='ocr_carea' id='block_1_1' title="bbox 784 304 1537 378">
    <p class='ocr_par' dir='ltr' id='par_1_1' title="bbox 784 304 1537 378">
     <span class='ocr_line' id='line_1_1' title="bbox 784 304 1537 378; baseline -0.004 2"><span class='ocrx_word' id='word_1_1' title='bbox 784 304 946 362; x_wconf 59' lang='lat' dir='ltr'><strong>samem</strong></span> <span class='ocrx_word' id='word_1_2' title='bbox 1496 304 1537 378; x_wconf 82' lang='grc'><strong>35</strong></span> 
     </span>
    </p>
   </div>
   <div class='ocr_carea' id='block_1_2' title="bbox 183 462 1538 1260">
    <p class='ocr_par' dir='ltr' id='par_1_2' title="bbox 183 462 1538 1260">
     <span class='ocr_line' id='line_1_2' title="bbox 185 462 1537 540; baseline 0.005 -13"><span class='ocrx_word' id='word_1_3' title='bbox 185 475 235 528; x_wconf 88' lang='lat' dir='ltr'><strong>est</strong></span> <span class='ocrx_word' id='word_1_4' title='bbox 267 484 346 529; x_wconf 89' lang='lat' dir='ltr'><strong>anno</strong></span> <span class='ocrx_word' id='word_1_5' title='bbox 381 462 465 531; x_wconf 80' lang='lat'>1569</span> <span class='ocrx_word' id='word_1_6' title='bbox 493 466 612 529; x_wconf 90' lang='lat' dir='ltr'><strong>biennio</strong></span> <span class='ocrx_word' id='word_1_7' title='bbox 635 475 706 530; x_wconf 87' lang='lat' dir='ltr'><strong>ante</strong></span> <span class='ocrx_word' id='word_1_8' title='bbox 729 487 775 530; x_wconf 90' lang='lat' dir='ltr'><strong>me</strong></span> <span class='ocrx_word' id='word_1_9' title='bbox 800 478 911 530; x_wconf 91' lang='lat' dir='ltr'><strong>natum.</strong></span> <span class='ocrx_word' id='word_1_10' title='bbox 954 469 1054 531; x_wconf 84' lang='lat' dir='ltr'><strong>Autor</strong></span> <span class='ocrx_word' id='word_1_11' title='bbox 1076 467 1191 530; x_wconf 88' lang='lat' dir='ltr'><strong>Ramus</strong></span> <span class='ocrx_word' id='word_1_12' title='bbox 1215 478 1267 540; x_wconf 85' lang='lat' dir='ltr'><strong>est</strong></span> <span class='ocrx_word' id='word_1_13' title='bbox 1285 471 1315 531; x_wconf 96' lang='lat' dir='ltr'><strong>in</strong></span> <span class='ocrx_word' id='word_1_14' title='bbox 1340 470 1451 532; x_wconf 91' lang='lat' dir='ltr'><strong>scholis</strong></span> <span class='ocrx_word' id='word_1_15' title='bbox 1476 472 1537 534; x_wconf 91' lang='lat' dir='ltr'><strong>suis</strong></span> 
     </span>
     <span class='ocr_line' id='line_1_3' title="bbox 183 553 1538 638; baseline 0.004 -22"><span class='ocrx_word' id='word_1_16' title='bbox 183 559 260 630; x_wconf 88' lang='lat' dir='ltr'><strong>(non</strong></span> <span class='ocrx_word' id='word_1_17' title='bbox 281 553 472 628; x_wconf 89' lang='lat' dir='ltr'><strong>Geometria)</strong></span> <span class='ocrx_word' id='word_1_18' title='bbox 497 553 696 618; x_wconf 87' lang='lat' dir='ltr'><strong>Geometricis</strong></span> <span class='ocrx_word' id='word_1_19' title='bbox 720 557 791 620; x_wconf 92' lang='lat' dir='ltr'><strong>folio</strong></span> <span class='ocrx_word' id='word_1_20' title='bbox 813 553 855 620; x_wconf 88' lang='grc'><strong>49</strong></span> <span class='ocrx_word' id='word_1_21' title='bbox 876 566 908 619; x_wconf 91' lang='lat' dir='ltr'><strong>et</strong></span> <span class='ocrx_word' id='word_1_22' title='bbox 921 555 974 620; x_wconf 86' lang='lat'><strong>50.</strong></span> <span class='ocrx_word' id='word_1_23' title='bbox 1021 555 1088 627; x_wconf 87' lang='lat' dir='ltr'><strong>Quo</strong></span> <span class='ocrx_word' id='word_1_24' title='bbox 1112 557 1178 620; x_wconf 93' lang='lat' dir='ltr'><strong>loco</strong></span> <span class='ocrx_word' id='word_1_25' title='bbox 1200 556 1316 620; x_wconf 83' lang='lat' dir='ltr'><strong>Ranius</strong></span> <span class='ocrx_word' id='word_1_26' title='bbox 1338 559 1538 638; x_wconf 91' lang='lat' dir='ltr'><strong>praemium</strong></span> 
     </span>
     <span class='ocr_line' id='line_1_4' title="bbox 184 643 1537 727; baseline 0.004 -21"><span class='ocrx_word' id='word_1_27' title='bbox 184 643 439 707; x_wconf 77' lang='lat' dir='ltr'><strong>conformatae</strong></span> <span class='ocrx_word' id='word_1_28' title='bbox 476 645 613 726; x_wconf 89' lang='lat' dir='ltr'><strong>absque</strong></span> <span class='ocrx_word' id='word_1_29' title='bbox 655 645 923 727; x_wconf 85' lang='lat' dir='ltr'>hypothesibus</span> <span class='ocrx_word' id='word_1_30' title='bbox 964 646 1203 725; x_wconf 77' lang='lat' dir='ltr'><strong>astrologiae</strong></span> <span class='ocrx_word' id='word_1_31' title='bbox 1247 647 1406 726; x_wconf 84' lang='lat' dir='ltr'><strong>spondet</strong></span> <span class='ocrx_word' id='word_1_32' title='bbox 1451 667 1537 711; x_wconf 91' lang='lat' dir='ltr'><strong>snae</strong></span> 
     </span>
     <span class='ocr_line' id='line_1_5' title="bbox 183 728 1536 818; baseline 0.004 -24"><span class='ocrx_word' id='word_1_33' title='bbox 183 733 436 813; x_wconf 82' lang='lat' dir='ltr'><strong>professionis</strong></span> <span class='ocrx_word' id='word_1_34' title='bbox 460 736 678 796; x_wconf 87' lang='lat' dir='ltr'><strong>cessionem.</strong></span> <span class='ocrx_word' id='word_1_35' title='bbox 725 732 759 796; x_wconf 89' lang='lat' dir='ltr'><strong>Si</strong></span> <span class='ocrx_word' id='word_1_36' title='bbox 781 734 896 796; x_wconf 86' lang='lat' dir='ltr'><strong>Ramus</strong></span> <span class='ocrx_word' id='word_1_37' title='bbox 920 734 990 796; x_wconf 93' lang='lat' dir='ltr'><strong>illas</strong></span> <span class='ocrx_word' id='word_1_38' title='bbox 1013 728 1230 797; x_wconf 72' lang='lat' dir='ltr'><strong>exterminatas</strong></span> <span class='ocrx_word' id='word_1_39' title='bbox 1249 736 1332 814; x_wconf 90' lang='lat' dir='ltr'><strong>cupit</strong></span> <span class='ocrx_word' id='word_1_40' title='bbox 1345 736 1536 818; x_wconf 83' lang='lat' dir='ltr'><strong>hypotheses,</strong></span> 
     </span>
     <span class='ocr_line' id='line_1_6' title="bbox 184 823 1534 906; baseline 0.003 -23"><span class='ocrx_word' id='word_1_41' title='bbox 184 840 262 902; x_wconf 88' lang='lat' dir='ltr'><strong>qnae</strong></span> <span class='ocrx_word' id='word_1_42' title='bbox 287 830 320 883; x_wconf 93' lang='lat' dir='ltr'><strong>nt</strong></span> <span class='ocrx_word' id='word_1_43' title='bbox 342 823 503 884; x_wconf 82' lang='lat' dir='ltr'><strong>credantur</strong></span> <span class='ocrx_word' id='word_1_44' title='bbox 524 824 724 904; x_wconf 84' lang='lat' dir='ltr'><strong>postulantur,</strong></span> <span class='ocrx_word' id='word_1_45' title='bbox 748 842 806 885; x_wconf 92' lang='lat' dir='ltr'><strong>nou</strong></span> <span class='ocrx_word' id='word_1_46' title='bbox 828 825 1000 902; x_wconf 89' lang='lat' dir='ltr'><strong>probantur,</strong></span> <span class='ocrx_word' id='word_1_47' title='bbox 1027 830 1058 884; x_wconf 88' lang='lat' dir='ltr'><strong>et</strong></span> <span class='ocrx_word' id='word_1_48' title='bbox 1081 823 1107 884; x_wconf 91' lang='lat' dir='ltr'><strong>si</strong></span> <span class='ocrx_word' id='word_1_49' title='bbox 1130 823 1206 884; x_wconf 87' lang='lat' dir='ltr'><strong>hano</strong></span> <span class='ocrx_word' id='word_1_50' title='bbox 1230 825 1343 904; x_wconf 90' lang='lat' dir='ltr'><strong>absque</strong></span> <span class='ocrx_word' id='word_1_51' title='bbox 1358 824 1534 906; x_wconf 85' lang='lat' dir='ltr'><strong>hypothesi-</strong></span> 
     </span>
     <span class='ocr_line' id='line_1_7' title="bbox 183 910 1536 993; baseline 0.003 -20"><span class='ocrx_word' id='word_1_52' title='bbox 183 910 241 973; x_wconf 89' lang='lat' dir='ltr'><strong>bus</strong></span> <span class='ocrx_word' id='word_1_53' title='bbox 273 911 488 974; x_wconf 85' lang='lat' dir='ltr'><strong>astronomiam</strong></span> <span class='ocrx_word' id='word_1_54' title='bbox 520 911 640 986; x_wconf 88' lang='lat' dir='ltr'><strong>laudat,</strong></span> <span class='ocrx_word' id='word_1_55' title='bbox 670 931 745 993; x_wconf 90' lang='lat' dir='ltr'><strong>quae</strong></span> <span class='ocrx_word' id='word_1_56' title='bbox 778 913 872 975; x_wconf 88' lang='lat' dir='ltr'><strong>solius</strong></span> <span class='ocrx_word' id='word_1_57' title='bbox 903 922 1028 974; x_wconf 87' lang='lat' dir='ltr'><strong>naturae</strong></span> <span class='ocrx_word' id='word_1_58' title='bbox 1052 920 1201 992; x_wconf 87' lang='lat' dir='ltr'><strong>apparatu</strong></span> <span class='ocrx_word' id='word_1_59' title='bbox 1224 913 1339 975; x_wconf 91' lang='lat' dir='ltr'><strong>orbium</strong></span> <span class='ocrx_word' id='word_1_60' title='bbox 1362 914 1536 977; x_wconf 89' lang='lat' dir='ltr'><strong>coelestium</strong></span> 
     </span>
     <span class='ocr_line' id='line_1_8' title="bbox 183 1001 1535 1081; baseline 0.003 -20"><span class='ocrx_word' id='word_1_61' title='bbox 183 1007 329 1062; x_wconf 88' lang='lat' dir='ltr'><strong>contenta</strong></span> <span class='ocrx_word' id='word_1_62' title='bbox 352 1008 409 1072; x_wconf 91' lang='lat' dir='ltr'><strong>est,</strong></span> <span class='ocrx_word' id='word_1_63' title='bbox 433 1001 511 1081; x_wconf 87' lang='lat' dir='ltr'><strong>quod</strong></span> <span class='ocrx_word' id='word_1_64' title='bbox 534 1001 652 1081; x_wconf 88' lang='lat' dir='ltr'><strong>quidem</strong></span> <span class='ocrx_word' id='word_1_65' title='bbox 674 1011 744 1062; x_wconf 90' lang='lat' dir='ltr'><strong>ante</strong></span> <span class='ocrx_word' id='word_1_66' title='bbox 768 1008 799 1062; x_wconf 89' lang='lat' dir='ltr'><strong>et</strong></span> <span class='ocrx_word' id='word_1_67' title='bbox 821 1009 891 1080; x_wconf 91' lang='lat' dir='ltr'><strong>post</strong></span> <span class='ocrx_word' id='word_1_68' title='bbox 913 1001 1032 1063; x_wconf 92' lang='lat' dir='ltr'><strong>omnino</strong></span> <span class='ocrx_word' id='word_1_69' title='bbox 1055 1001 1175 1063; x_wconf 87' lang='lat' dir='ltr'><strong>inuuere</strong></span> <span class='ocrx_word' id='word_1_70' title='bbox 1191 1001 1322 1064; x_wconf 87' lang='lat' dir='ltr'><strong>videtur:</strong></span> <span class='ocrx_word' id='word_1_71' title='bbox 1348 1002 1471 1065; x_wconf 88' lang='lat' dir='ltr'><strong>vicimus</strong></span> <span class='ocrx_word' id='word_1_72' title='bbox 1487 1004 1535 1065; x_wconf 90' lang='lat' dir='ltr'><strong>vel</strong></span> 
     </span>
     <span class='ocr_line' id='line_1_9' title="bbox 183 1087 1533 1170; baseline 0.002 -20"><span class='ocrx_word' id='word_1_73' title='bbox 183 1089 251 1168; x_wconf 87' lang='lat' dir='ltr'><strong>Ego</strong></span> <span class='ocrx_word' id='word_1_74' title='bbox 274 1089 323 1151; x_wconf 84' lang='lat' dir='ltr'><strong>vel</strong></span> <span class='ocrx_word' id='word_1_75' title='bbox 347 1087 550 1169; x_wconf 84' lang='lat' dir='ltr'><strong>Oopernicns,</strong></span> <span class='ocrx_word' id='word_1_76' title='bbox 577 1091 623 1152; x_wconf 89' lang='lat' dir='ltr'><strong>vel</strong></span> <span class='ocrx_word' id='word_1_77' title='bbox 647 1099 771 1170; x_wconf 91' lang='lat' dir='ltr'><strong>uterque</strong></span> <span class='ocrx_word' id='word_1_78' title='bbox 795 1090 897 1159; x_wconf 91' lang='lat' dir='ltr'><strong>simul,</strong></span> <span class='ocrx_word' id='word_1_79' title='bbox 922 1088 1065 1170; x_wconf 90' lang='lat' dir='ltr'><strong>nobisque</strong></span> <span class='ocrx_word' id='word_1_80' title='bbox 1088 1090 1236 1170; x_wconf 85' lang='lat' dir='ltr'><strong>professio</strong></span> <span class='ocrx_word' id='word_1_81' title='bbox 1260 1091 1386 1153; x_wconf 89' lang='lat' dir='ltr'><strong>debetur</strong></span> <span class='ocrx_word' id='word_1_82' title='bbox 1407 1092 1533 1154; x_wconf 88' lang='lat' dir='ltr'><strong>Ramea.</strong></span> 
     </span>
     <span class='ocr_line' id='line_1_10' title="bbox 183 1176 1534 1260; baseline 0.003 -21"><span class='ocrx_word' id='word_1_83' title='bbox 183 1176 239 1240; x_wconf 87' lang='lat' dir='ltr'><strong>Sin</strong></span> <span class='ocrx_word' id='word_1_84' title='bbox 263 1187 364 1239; x_wconf 85' lang='lat' dir='ltr'><strong>autem</strong></span> <span class='ocrx_word' id='word_1_85' title='bbox 386 1177 501 1240; x_wconf 82' lang='lat' dir='ltr'><strong>Remus</strong></span> <span class='ocrx_word' id='word_1_86' title='bbox 525 1196 629 1242; x_wconf 89' lang='lat' dir='ltr'><strong>ornnes</strong></span> <span class='ocrx_word' id='word_1_87' title='bbox 652 1180 771 1240; x_wconf 88' lang='lat' dir='ltr'><strong>omnino</strong></span> <span class='ocrx_word' id='word_1_88' title='bbox 795 1179 978 1260; x_wconf 86' lang='lat' dir='ltr'><strong>hypotheses</strong></span> <span class='ocrx_word' id='word_1_89' title='bbox 1001 1179 1101 1258; x_wconf 88' lang='lat' dir='ltr'><strong>rejicit</strong></span> <span class='ocrx_word' id='word_1_90' title='bbox 1123 1197 1175 1240; x_wconf 91' lang='lat' dir='ltr'><strong>seu</strong></span> <span class='ocrx_word' id='word_1_91' title='bbox 1198 1197 1285 1241; x_wconf 88' lang='lat' dir='ltr'><strong>veras</strong></span> <span class='ocrx_word' id='word_1_92' title='bbox 1315 1189 1345 1241; x_wconf 90' lang='lat' dir='ltr'><strong>et</strong></span> <span class='ocrx_word' id='word_1_93' title='bbox 1372 1182 1534 1256; x_wconf 82' lang='lat' dir='ltr'><strong>naturales,</strong></span> 
     </span>
    </p>
   </div>
   <div class='ocr_carea' id='block_1_3' title="bbox 182 1264 1626 1350">
    <p class='ocr_par' dir='ltr' id='par_1_3' title="bbox 182 1264 1626 1350">
     <span class='ocr_line' id='line_1_11' title="bbox 182 1264 1626 1350; baseline 0.002 -22"><span class='ocrx_word' id='word_1_94' title='bbox 182 1286 237 1328; x_wconf 88' lang='lat' dir='ltr'><strong>seu</strong></span> <span class='ocrx_word' id='word_1_95' title='bbox 261 1267 368 1340; x_wconf 90' lang='lat' dir='ltr'><strong>falsas,</strong></span> <span class='ocrx_word' id='word_1_96' title='bbox 391 1275 454 1329; x_wconf 92' lang='lat' dir='ltr'><strong>tum</strong></span> <span class='ocrx_word' id='word_1_97' title='bbox 477 1267 508 1329; x_wconf 91' lang='lat' dir='ltr'><strong>id</strong></span> <span class='ocrx_word' id='word_1_98' title='bbox 531 1277 588 1343; x_wconf 91' lang='lat' dir='ltr'><strong>est,</strong></span> <span class='ocrx_word' id='word_1_99' title='bbox 612 1269 690 1348; x_wconf 92' lang='lat' dir='ltr'><strong>quod</strong></span> <span class='ocrx_word' id='word_1_100' title='bbox 713 1267 902 1347; x_wconf 83' lang='lat' dir='ltr'><strong>supradixi:</strong></span> <span class='ocrx_word' id='word_1_101' title='bbox 928 1268 1038 1329; x_wconf 91' lang='lat' dir='ltr'><strong>stultus</strong></span> <span class='ocrx_word' id='word_1_102' title='bbox 1061 1286 1176 1347; x_wconf 87' lang='lat' dir='ltr'><strong>nempe,</strong></span> <span class='ocrx_word' id='word_1_103' title='bbox 1202 1264 1290 1350; x_wconf 91' lang='lat' dir='ltr'><strong>idque</strong></span> <span class='ocrx_word' id='word_1_104' title='bbox 1313 1278 1347 1330; x_wconf 92' lang='lat' dir='ltr'><strong>nt</strong></span> <span class='ocrx_word' id='word_1_105' title='bbox 1367 1271 1472 1349; x_wconf 91' lang='lat' dir='ltr'><strong>opinor</strong></span> <span class='ocrx_word' id='word_1_106' title='bbox 1485 1270 1533 1331; x_wconf 90' lang='lat' dir='ltr'><strong>vel</strong></span> <span class='ocrx_word' id='word_1_107' title='bbox 1625 1274 1626 1280; x_wconf 77' lang='grc'>’</span> 
     </span>
    </p>
   </div>
   <div class='ocr_carea' id='block_1_4' title="bbox 104 1355 1534 4821">
    <p class='ocr_par' dir='ltr' id='par_1_4' title="bbox 181 1355 1533 1526">
     <span class='ocr_line' id='line_1_12' title="bbox 183 1355 1533 1437; baseline 0.002 -19"><span class='ocrx_word' id='word_1_108' title='bbox 183 1366 214 1418; x_wconf 89' lang='lat' dir='ltr'><strong>te</strong></span> <span class='ocrx_word' id='word_1_109' title='bbox 229 1355 342 1437; x_wconf 89' lang='lat' dir='ltr'><strong>judice.</strong></span> <span class='ocrx_word' id='word_1_110' title='bbox 389 1355 504 1418; x_wconf 87' lang='lat' dir='ltr'><strong>Verum</strong></span> <span class='ocrx_word' id='word_1_111' title='bbox 526 1364 560 1417; x_wconf 94' lang='lat' dir='ltr'><strong>ut</strong></span> <span class='ocrx_word' id='word_1_112' title='bbox 581 1357 735 1437; x_wconf 89' lang='lat' dir='ltr'><strong>utriusque</strong></span> <span class='ocrx_word' id='word_1_113' title='bbox 759 1357 863 1418; x_wconf 92' lang='lat' dir='ltr'><strong>honori</strong></span> <span class='ocrx_word' id='word_1_114' title='bbox 885 1358 1067 1432; x_wconf 91' lang='lat' dir='ltr'><strong>consulatur,</strong></span> <span class='ocrx_word' id='word_1_115' title='bbox 1091 1357 1170 1417; x_wconf 89' lang='lat' dir='ltr'><strong>malo</strong></span> <span class='ocrx_word' id='word_1_116' title='bbox 1193 1376 1240 1419; x_wconf 90' lang='lat' dir='ltr'><strong>me</strong></span> <span class='ocrx_word' id='word_1_117' title='bbox 1263 1357 1464 1437; x_wconf 85' lang='lat' dir='ltr'><strong>professorem</strong></span> <span class='ocrx_word' id='word_1_118' title='bbox 1484 1378 1533 1421; x_wconf 91' lang='lat' dir='ltr'><strong>re-</strong></span> 
     </span>
     <span class='ocr_line' id='line_1_13' title="bbox 181 1444 1168 1526; baseline 0.001 -19"><span class='ocrx_word' id='word_1_119' title='bbox 181 1446 264 1526; x_wconf 91' lang='lat' dir='ltr'><strong>gium</strong></span> <span class='ocrx_word' id='word_1_120' title='bbox 288 1464 377 1526; x_wconf 91' lang='lat' dir='ltr'><strong>quam</strong></span> <span class='ocrx_word' id='word_1_121' title='bbox 400 1444 529 1507; x_wconf 82' lang='lat' dir='ltr'><strong>Remum</strong></span> <span class='ocrx_word' id='word_1_122' title='bbox 552 1448 677 1508; x_wconf 90' lang='lat' dir='ltr'><strong>stultum</strong></span> <span class='ocrx_word' id='word_1_123' title='bbox 700 1447 862 1525; x_wconf 88' lang='lat' dir='ltr'><strong>appellare.</strong></span> <span class='ocrx_word' id='word_1_124' title='bbox 908 1445 974 1507; x_wconf 88' lang='lat' dir='ltr'><strong>Hoc</strong></span> <span class='ocrx_word' id='word_1_125' title='bbox 997 1464 1087 1506; x_wconf 92' lang='lat' dir='ltr'><strong>uuum</strong></span> <span class='ocrx_word' id='word_1_126' title='bbox 1111 1454 1168 1508; x_wconf 88' lang='lat' dir='ltr'><strong>est.</strong></span> 
     </span>
    </p>

    <p class='ocr_par' dir='ltr' id='par_1_5' title="bbox 176 1533 1534 3751">
     <span class='ocr_line' id='line_1_14' title="bbox 270 1533 1530 1616; baseline 0.002 -20"><span class='ocrx_word' id='word_1_127' title='bbox 270 1534 342 1596; x_wconf 89' lang='lat' dir='ltr'><strong>Jam</strong></span> <span class='ocrx_word' id='word_1_128' title='bbox 363 1552 461 1613; x_wconf 89' lang='lat' dir='ltr'><strong>porro,</strong></span> <span class='ocrx_word' id='word_1_129' title='bbox 485 1542 520 1596; x_wconf 92' lang='lat' dir='ltr'><strong>nt</strong></span> <span class='ocrx_word' id='word_1_130' title='bbox 541 1533 654 1614; x_wconf 84' lang='lat' dir='ltr'><strong>Regius</strong></span> <span class='ocrx_word' id='word_1_131' title='bbox 667 1535 825 1596; x_wconf 89' lang='lat' dir='ltr'><strong>Professor</strong></span> <span class='ocrx_word' id='word_1_132' title='bbox 849 1534 962 1614; x_wconf 88' lang='lat' dir='ltr'><strong>aliquid</strong></span> <span class='ocrx_word' id='word_1_133' title='bbox 985 1533 1077 1595; x_wconf 88' lang='lat' dir='ltr'><strong>etiam</strong></span> <span class='ocrx_word' id='word_1_134' title='bbox 1101 1552 1153 1595; x_wconf 91' lang='lat' dir='ltr'><strong>suo</strong></span> <span class='ocrx_word' id='word_1_135' title='bbox 1177 1533 1265 1596; x_wconf 90' lang='lat' dir='ltr'><strong>titulo</strong></span> <span class='ocrx_word' id='word_1_136' title='bbox 1289 1535 1410 1616; x_wconf 87' lang='lat' dir='ltr'><strong>dignum</strong></span> <span class='ocrx_word' id='word_1_137' title='bbox 1433 1544 1530 1616; x_wconf 83' lang='lat' dir='ltr'><strong>gerat,</strong></span> 
     </span>
     <span class='ocr_line' id='line_1_15' title="bbox 180 1620 1530 1704; baseline 0 -19"><span class='ocrx_word' id='word_1_138' title='bbox 180 1623 324 1704; x_wconf 88' lang='lat' dir='ltr'><strong>proponit</strong></span> <span class='ocrx_word' id='word_1_139' title='bbox 346 1622 401 1684; x_wconf 91' lang='lat' dir='ltr'><strong>tibi</strong></span> <span class='ocrx_word' id='word_1_140' title='bbox 426 1621 599 1686; x_wconf 86' lang='lat' dir='ltr'><strong>Clarissimo</strong></span> <span class='ocrx_word' id='word_1_141' title='bbox 622 1623 659 1685; x_wconf 89' lang='lat' dir='ltr'><strong>D.</strong></span> <span class='ocrx_word' id='word_1_142' title='bbox 683 1631 860 1703; x_wconf 91' lang='lat' dir='ltr'><strong>praeceptor</strong></span> <span class='ocrx_word' id='word_1_143' title='bbox 881 1623 1035 1703; x_wconf 89' lang='lat' dir='ltr'><strong>problema</strong></span> <span class='ocrx_word' id='word_1_144' title='bbox 1059 1620 1289 1685; x_wconf 86' lang='lat' dir='ltr'><strong>Geometricum.</strong></span> <span class='ocrx_word' id='word_1_145' title='bbox 1315 1657 1356 1666; x_wconf 95' lang='lat'><strong>—</strong></span> <span class='ocrx_word' id='word_1_146' title='bbox 1380 1625 1530 1704; x_wconf 73' lang='lat' dir='ltr'><strong>Triangu.</strong></span> 
     </span>
     <span class='ocr_line' id='line_1_16' title="bbox 180 1711 1532 1792; baseline 0 -17"><span class='ocrx_word' id='word_1_147' title='bbox 180 1713 244 1775; x_wconf 92' lang='lat' dir='ltr'><strong>lum</strong></span> <span class='ocrx_word' id='word_1_148' title='bbox 267 1712 473 1791; x_wconf 89' lang='lat' dir='ltr'><strong>rectangulum</strong></span> <span class='ocrx_word' id='word_1_149' title='bbox 496 1713 691 1787; x_wconf 88' lang='lat' dir='ltr'><strong>constituere,</strong></span> <span class='ocrx_word' id='word_1_150' title='bbox 720 1712 803 1792; x_wconf 89' lang='lat' dir='ltr'><strong>cujus</strong></span> <span class='ocrx_word' id='word_1_151' title='bbox 831 1712 931 1773; x_wconf 94' lang='lat' dir='ltr'><strong>omnia</strong></span> <span class='ocrx_word' id='word_1_152' title='bbox 961 1711 1020 1773; x_wconf 90' lang='lat' dir='ltr'><strong>tria</strong></span> <span class='ocrx_word' id='word_1_153' title='bbox 1042 1712 1139 1773; x_wconf 90' lang='lat' dir='ltr'><strong>latera</strong></span> <span class='ocrx_word' id='word_1_154' title='bbox 1162 1712 1224 1773; x_wconf 92' lang='lat' dir='ltr'><strong>sint</strong></span> <span class='ocrx_word' id='word_1_155' title='bbox 1246 1712 1372 1775; x_wconf 89' lang='lat' dir='ltr'><strong>invicem</strong></span> <span class='ocrx_word' id='word_1_156' title='bbox 1395 1714 1532 1776; x_wconf 91' lang='lat' dir='ltr'><strong>continue</strong></span> 
     </span>
     <span class='ocr_line' id='line_1_17' title="bbox 180 1799 1531 1883; baseline 0.001 -22"><span class='ocrx_word' id='word_1_157' title='bbox 180 1799 425 1883; x_wconf 89' lang='lat' dir='ltr'><strong>proportionalia,</strong></span> <span class='ocrx_word' id='word_1_158' title='bbox 451 1809 485 1862; x_wconf 92' lang='lat' dir='ltr'><strong>nt</strong></span> <span class='ocrx_word' id='word_1_159' title='bbox 503 1801 581 1862; x_wconf 88' lang='lat' dir='ltr'><strong>sicut</strong></span> <span class='ocrx_word' id='word_1_160' title='bbox 603 1801 700 1862; x_wconf 93' lang='lat' dir='ltr'><strong>minus</strong></span> <span class='ocrx_word' id='word_1_161' title='bbox 723 1802 802 1863; x_wconf 91' lang='lat' dir='ltr'><strong>latus</strong></span> <span class='ocrx_word' id='word_1_162' title='bbox 827 1801 866 1861; x_wconf 91' lang='lat' dir='ltr'><strong>ad</strong></span> <span class='ocrx_word' id='word_1_163' title='bbox 889 1800 985 1880; x_wconf 87' lang='lat' dir='ltr'><strong>majus</strong></span> <span class='ocrx_word' id='word_1_164' title='bbox 1008 1800 1088 1862; x_wconf 88' lang='lat' dir='ltr'><strong>circa</strong></span> <span class='ocrx_word' id='word_1_165' title='bbox 1111 1809 1234 1874; x_wconf 91' lang='lat' dir='ltr'><strong>rectum,</strong></span> <span class='ocrx_word' id='word_1_166' title='bbox 1258 1802 1303 1863; x_wconf 93' lang='lat' dir='ltr'><strong>sic</strong></span> <span class='ocrx_word' id='word_1_167' title='bbox 1327 1803 1382 1865; x_wconf 92' lang='lat' dir='ltr'><strong>hoc</strong></span> <span class='ocrx_word' id='word_1_168' title='bbox 1404 1802 1442 1863; x_wconf 93' lang='lat' dir='ltr'><strong>ad</strong></span> <span class='ocrx_word' id='word_1_169' title='bbox 1458 1802 1531 1864; x_wconf 92' lang='lat' dir='ltr'><strong>snb·</strong></span> 
     </span>
     <span class='ocr_line' id='line_1_18' title="bbox 180 1889 1534 1970; baseline -0.001 -17"><span class='ocrx_word' id='word_1_170' title='bbox 180 1901 302 1953; x_wconf 88' lang='lat' dir='ltr'><strong>tensam</strong></span> <span class='ocrx_word' id='word_1_171' title='bbox 324 1898 416 1953; x_wconf 90' lang='lat' dir='ltr'><strong>recto.</strong></span> <span class='ocrx_word' id='word_1_172' title='bbox 453 1889 626 1952; x_wconf 88' lang='lat' dir='ltr'><strong>Utilitatem</strong></span> <span class='ocrx_word' id='word_1_173' title='bbox 641 1890 822 1951; x_wconf 82' lang='lat' dir='ltr'><strong>inventionis</strong></span> <span class='ocrx_word' id='word_1_174' title='bbox 836 1890 984 1970; x_wconf 85' lang='lat' dir='ltr'><strong>insignem</strong></span> <span class='ocrx_word' id='word_1_175' title='bbox 998 1890 1108 1962; x_wconf 89' lang='lat' dir='ltr'><strong>nescio,</strong></span> <span class='ocrx_word' id='word_1_176' title='bbox 1133 1889 1190 1952; x_wconf 90' lang='lat' dir='ltr'><strong>uisi</strong></span> <span class='ocrx_word' id='word_1_177' title='bbox 1205 1891 1284 1970; x_wconf 91' lang='lat' dir='ltr'><strong>quod</strong></span> <span class='ocrx_word' id='word_1_178' title='bbox 1297 1891 1393 1970; x_wconf 90' lang='lat' dir='ltr'><strong>magis</strong></span> <span class='ocrx_word' id='word_1_179' title='bbox 1409 1900 1534 1953; x_wconf 84' lang='lat' dir='ltr'><strong>exornat</strong></span> 
     </span>
     <span class='ocr_line' id='line_1_19' title="bbox 179 1977 1532 2059; baseline 0 -17"><span class='ocrx_word' id='word_1_180' title='bbox 179 1979 389 2058; x_wconf 88' lang='lat' dir='ltr'><strong>geometriam.</strong></span> <span class='ocrx_word' id='word_1_181' title='bbox 430 1977 511 2040; x_wconf 91' lang='lat' dir='ltr'><strong>Nam</strong></span> <span class='ocrx_word' id='word_1_182' title='bbox 524 1978 551 2041; x_wconf 91' lang='lat' dir='ltr'><strong>si</strong></span> <span class='ocrx_word' id='word_1_183' title='bbox 570 1979 714 2059; x_wconf 79' lang='lat' dir='ltr'><strong>pensiles,</strong></span> <span class='ocrx_word' id='word_1_184' title='bbox 739 1978 863 2052; x_wconf 87' lang='lat' dir='ltr'><strong>videbis,</strong></span> <span class='ocrx_word' id='word_1_185' title='bbox 889 1997 978 2041; x_wconf 87' lang='lat' dir='ltr'><strong>uuam</strong></span> <span class='ocrx_word' id='word_1_186' title='bbox 997 1980 1204 2041; x_wconf 88' lang='lat' dir='ltr'><strong>tantummodo</strong></span> <span class='ocrx_word' id='word_1_187' title='bbox 1224 1979 1351 2042; x_wconf 89' lang='lat' dir='ltr'><strong>formam</strong></span> <span class='ocrx_word' id='word_1_188' title='bbox 1375 1981 1449 2058; x_wconf 87' lang='lat' dir='ltr'><strong>ejus,</strong></span> <span class='ocrx_word' id='word_1_189' title='bbox 1474 1999 1532 2042; x_wconf 94' lang='lat' dir='ltr'><strong>non</strong></span> 
     </span>
     <span class='ocr_line' id='line_1_20' title="bbox 179 2067 1532 2149; baseline 0 -19"><span class='ocrx_word' id='word_1_190' title='bbox 179 2070 284 2149; x_wconf 90' lang='lat' dir='ltr'><strong>plures</strong></span> <span class='ocrx_word' id='word_1_191' title='bbox 306 2087 373 2130; x_wconf 91' lang='lat' dir='ltr'><strong>esse</strong></span> <span class='ocrx_word' id='word_1_192' title='bbox 396 2085 497 2146; x_wconf 88' lang='lat' dir='ltr'><strong>posse.</strong></span> <span class='ocrx_word' id='word_1_193' title='bbox 543 2067 679 2129; x_wconf 90' lang='lat' dir='ltr'><strong>Iuventio</strong></span> <span class='ocrx_word' id='word_1_194' title='bbox 703 2068 822 2146; x_wconf 84' lang='lat' dir='ltr'><strong>Magire</strong></span> <span class='ocrx_word' id='word_1_195' title='bbox 846 2068 987 2144; x_wconf 89' lang='lat' dir='ltr'><strong>debetur,</strong></span> <span class='ocrx_word' id='word_1_196' title='bbox 1021 2086 1079 2148; x_wconf 92' lang='lat' dir='ltr'><strong>qua</strong></span> <span class='ocrx_word' id='word_1_197' title='bbox 1102 2068 1178 2128; x_wconf 87' lang='lat' dir='ltr'><strong>adeo</strong></span> <span class='ocrx_word' id='word_1_198' title='bbox 1201 2067 1298 2147; x_wconf 91' lang='lat' dir='ltr'><strong>ipsum</strong></span> <span class='ocrx_word' id='word_1_199' title='bbox 1322 2069 1453 2131; x_wconf 87' lang='lat' dir='ltr'><strong>officiose</strong></span> <span class='ocrx_word' id='word_1_200' title='bbox 1478 2089 1532 2130; x_wconf 90' lang='lat' dir='ltr'><strong>sa-</strong></span> 
     </span>
     <span class='ocr_line' id='line_1_21' title="bbox 181 2156 1532 2238; baseline -0.001 -18"><span class='ocrx_word' id='word_1_201' title='bbox 181 2158 261 2233; x_wconf 92' lang='lat' dir='ltr'><strong>luto,</strong></span> <span class='ocrx_word' id='word_1_202' title='bbox 290 2165 465 2238; x_wconf 89' lang='lat' dir='ltr'><strong>gratumque</strong></span> <span class='ocrx_word' id='word_1_203' title='bbox 488 2176 536 2218; x_wconf 88' lang='lat' dir='ltr'><strong>me</strong></span> <span class='ocrx_word' id='word_1_204' title='bbox 564 2156 607 2218; x_wconf 91' lang='lat' dir='ltr'><strong>illi</strong></span> <span class='ocrx_word' id='word_1_205' title='bbox 640 2156 780 2229; x_wconf 87' lang='lat' dir='ltr'><strong>exhibeo,</strong></span> <span class='ocrx_word' id='word_1_206' title='bbox 810 2166 970 2237; x_wconf 85' lang='lat' dir='ltr'><strong>propterea</strong></span> <span class='ocrx_word' id='word_1_207' title='bbox 999 2157 1076 2237; x_wconf 89' lang='lat' dir='ltr'><strong>quod</strong></span> <span class='ocrx_word' id='word_1_208' title='bbox 1100 2175 1153 2217; x_wconf 90' lang='lat' dir='ltr'><strong>suo</strong></span> <span class='ocrx_word' id='word_1_209' title='bbox 1172 2157 1388 2236; x_wconf 81' lang='lat' dir='ltr'><strong>jucundissimo</strong></span> <span class='ocrx_word' id='word_1_210' title='bbox 1411 2159 1532 2221; x_wconf 88' lang='lat' dir='ltr'><strong>theore-</strong></span> 
     </span>
     <span class='ocr_line' id='line_1_22' title="bbox 180 2245 1531 2330; baseline 0.001 -22"><span class='ocrx_word' id='word_1_211' title='bbox 180 2256 264 2308; x_wconf 89' lang='lat' dir='ltr'><strong>mate</strong></span> <span class='ocrx_word' id='word_1_212' title='bbox 295 2265 373 2330; x_wconf 81' lang='lat' dir='ltr'><strong>pova</strong></span> <span class='ocrx_word' id='word_1_213' title='bbox 403 2246 557 2325; x_wconf 89' lang='lat' dir='ltr'><strong>voluptate</strong></span> <span class='ocrx_word' id='word_1_214' title='bbox 581 2246 766 2326; x_wconf 86' lang='lat' dir='ltr'><strong>geometrica</strong></span> <span class='ocrx_word' id='word_1_215' title='bbox 787 2265 834 2307; x_wconf 91' lang='lat' dir='ltr'><strong>me</strong></span> <span class='ocrx_word' id='word_1_216' title='bbox 858 2263 973 2326; x_wconf 90' lang='lat' dir='ltr'><strong>quoque</strong></span> <span class='ocrx_word' id='word_1_217' title='bbox 996 2245 1075 2306; x_wconf 89' lang='lat' dir='ltr'><strong>inter</strong></span> <span class='ocrx_word' id='word_1_218' title='bbox 1099 2253 1215 2307; x_wconf 88' lang='lat' dir='ltr'><strong>ceteros</strong></span> <span class='ocrx_word' id='word_1_219' title='bbox 1240 2247 1351 2309; x_wconf 88' lang='lat' dir='ltr'><strong>beavit.</strong></span> <span class='ocrx_word' id='word_1_220' title='bbox 1397 2247 1531 2310; x_wconf 91' lang='lat' dir='ltr'><strong>Demon-</strong></span> 
     </span>
     <span class='ocr_line' id='line_1_23' title="bbox 178 2334 1531 2415; baseline 0.001 -18"><span class='ocrx_word' id='word_1_221' title='bbox 178 2334 290 2403; x_wconf 87' lang='lat' dir='ltr'><strong>stratio</strong></span> <span class='ocrx_word' id='word_1_222' title='bbox 322 2334 421 2397; x_wconf 91' lang='lat' dir='ltr'><strong>facilis</strong></span> <span class='ocrx_word' id='word_1_223' title='bbox 455 2342 503 2395; x_wconf 92' lang='lat' dir='ltr'><strong>est</strong></span> <span class='ocrx_word' id='word_1_224' title='bbox 534 2353 572 2396; x_wconf 81' lang='lat' dir='ltr'><strong>ex</strong></span> <span class='ocrx_word' id='word_1_225' title='bbox 602 2334 695 2413; x_wconf 90' lang='lat' dir='ltr'><strong>ipsius</strong></span> <span class='ocrx_word' id='word_1_226' title='bbox 728 2334 869 2396; x_wconf 89' lang='lat' dir='ltr'><strong>invento:</strong></span> <span class='ocrx_word' id='word_1_227' title='bbox 904 2334 981 2414; x_wconf 90' lang='lat' dir='ltr'><strong>quod</strong></span> <span class='ocrx_word' id='word_1_228' title='bbox 1014 2334 1132 2415; x_wconf 86' lang='lat' dir='ltr'><strong>quidem</strong></span> <span class='ocrx_word' id='word_1_229' title='bbox 1164 2334 1209 2395; x_wconf 92' lang='lat' dir='ltr'><strong>ita</strong></span> <span class='ocrx_word' id='word_1_230' title='bbox 1237 2335 1269 2397; x_wconf 95' lang='lat' dir='ltr'><strong>in</strong></span> <span class='ocrx_word' id='word_1_231' title='bbox 1293 2336 1383 2397; x_wconf 90' lang='lat' dir='ltr'><strong>aliam</strong></span> <span class='ocrx_word' id='word_1_232' title='bbox 1407 2336 1531 2399; x_wconf 90' lang='lat' dir='ltr'><strong>formam</strong></span> 
     </span>
     <span class='ocr_line' id='line_1_24' title="bbox 179 2422 1531 2505; baseline -0.001 -17"><span class='ocrx_word' id='word_1_233' title='bbox 179 2424 311 2500; x_wconf 81' lang='lat' dir='ltr'><strong>mutavi,</strong></span> <span class='ocrx_word' id='word_1_234' title='bbox 346 2432 379 2485; x_wconf 90' lang='lat' dir='ltr'><strong>ut</strong></span> <span class='ocrx_word' id='word_1_235' title='bbox 402 2423 585 2499; x_wconf 80' lang='lat' dir='ltr'><strong>existimem,</strong></span> <span class='ocrx_word' id='word_1_236' title='bbox 609 2442 655 2485; x_wconf 90' lang='lat' dir='ltr'><strong>me</strong></span> <span class='ocrx_word' id='word_1_237' title='bbox 680 2422 768 2484; x_wconf 88' lang='lat' dir='ltr'><strong>facile</strong></span> <span class='ocrx_word' id='word_1_238' title='bbox 792 2424 839 2484; x_wconf 87' lang='lat' dir='ltr'><strong>vel</strong></span> <span class='ocrx_word' id='word_1_239' title='bbox 863 2422 960 2502; x_wconf 89' lang='lat' dir='ltr'><strong>ipsum</strong></span> <span class='ocrx_word' id='word_1_240' title='bbox 983 2422 1135 2502; x_wconf 88' lang='lat' dir='ltr'><strong>Magirum</strong></span> <span class='ocrx_word' id='word_1_241' title='bbox 1157 2422 1188 2483; x_wconf 91' lang='lat' dir='ltr'><strong>in</strong></span> <span class='ocrx_word' id='word_1_242' title='bbox 1206 2423 1282 2485; x_wconf 90' lang='lat' dir='ltr'><strong>hanc</strong></span> <span class='ocrx_word' id='word_1_243' title='bbox 1305 2425 1531 2505; x_wconf 88' lang='lat' dir='ltr'><strong>persuasionem</strong></span> 
     </span>
     <span class='ocr_line' id='line_1_25' title="bbox 179 2511 1532 2594; baseline -0.001 -17"><span class='ocrx_word' id='word_1_244' title='bbox 179 2515 385 2588; x_wconf 89' lang='lat' dir='ltr'><strong>inducturum,</strong></span> <span class='ocrx_word' id='word_1_245' title='bbox 416 2521 450 2574; x_wconf 92' lang='lat' dir='ltr'><strong>nt</strong></span> <span class='ocrx_word' id='word_1_246' title='bbox 481 2520 569 2592; x_wconf 92' lang='lat' dir='ltr'><strong>putet</strong></span> <span class='ocrx_word' id='word_1_247' title='bbox 600 2531 679 2574; x_wconf 88' lang='lat' dir='ltr'><strong>mere</strong></span> <span class='ocrx_word' id='word_1_248' title='bbox 706 2530 803 2573; x_wconf 89' lang='lat' dir='ltr'><strong>meum</strong></span> <span class='ocrx_word' id='word_1_249' title='bbox 827 2530 905 2573; x_wconf 90' lang='lat' dir='ltr'><strong>esse.</strong></span> <span class='ocrx_word' id='word_1_250' title='bbox 952 2512 1121 2591; x_wconf 90' lang='lat' dir='ltr'><strong>Propositio</strong></span> <span class='ocrx_word' id='word_1_251' title='bbox 1144 2511 1189 2572; x_wconf 90' lang='lat' dir='ltr'><strong>ita</strong></span> <span class='ocrx_word' id='word_1_252' title='bbox 1212 2523 1320 2575; x_wconf 93' lang='lat' dir='ltr'><strong>sonet:</strong></span> <span class='ocrx_word' id='word_1_253' title='bbox 1359 2513 1396 2576; x_wconf 88' lang='lat' dir='ltr'><strong>Si</strong></span> <span class='ocrx_word' id='word_1_254' title='bbox 1425 2533 1532 2594; x_wconf 90' lang='lat' dir='ltr'><strong>super</strong></span> 
     </span>
     <span class='ocr_line' id='line_1_26' title="bbox 183 2597 1529 2682; baseline -0.001 -17"><span class='ocrx_word' id='word_1_255' title='bbox 183 2604 321 2665; x_wconf 87' lang='lat' dir='ltr'><strong>lineam</strong></span> <span class='ocrx_word' id='word_1_256' title='bbox 354 2610 518 2664; x_wconf 85' lang='lat' dir='ltr'><strong>extrema</strong></span> <span class='ocrx_word' id='word_1_257' title='bbox 547 2609 583 2663; x_wconf 92' lang='lat' dir='ltr'><strong>et</strong></span> <span class='ocrx_word' id='word_1_258' title='bbox 613 2597 731 2663; x_wconf 90' lang='lat' dir='ltr'><strong>media</strong></span> <span class='ocrx_word' id='word_1_259' title='bbox 753 2600 896 2662; x_wconf 89' lang='lat' dir='ltr'><strong>ratione</strong></span> <span class='ocrx_word' id='word_1_260' title='bbox 921 2609 1061 2662; x_wconf 90' lang='lat' dir='ltr'><strong>sectam</strong></span> <span class='ocrx_word' id='word_1_261' title='bbox 1079 2602 1341 2680; x_wconf 89' lang='lat' dir='ltr'><strong>rectangulum</strong></span> <span class='ocrx_word' id='word_1_262' title='bbox 1363 2602 1529 2682; x_wconf 87' lang='lat' dir='ltr'><strong>triangu-</strong></span> 
     </span>
     <span class='ocr_line' id='line_1_27' title="bbox 185 2689 1530 2769; baseline -0.001 -16"><span class='ocrx_word' id='word_1_263' title='bbox 185 2693 249 2753; x_wconf 93' lang='lat' dir='ltr'><strong>lnm</strong></span> <span class='ocrx_word' id='word_1_264' title='bbox 281 2691 540 2754; x_wconf 84' lang='lat' dir='ltr'><strong>constituatur</strong></span> <span class='ocrx_word' id='word_1_265' title='bbox 567 2690 621 2752; x_wconf 91' lang='lat' dir='ltr'><strong>sic</strong></span> <span class='ocrx_word' id='word_1_266' title='bbox 649 2697 687 2750; x_wconf 92' lang='lat' dir='ltr'><strong>ut</strong></span> <span class='ocrx_word' id='word_1_267' title='bbox 714 2698 836 2752; x_wconf 89' lang='lat' dir='ltr'><strong>rectus</strong></span> <span class='ocrx_word' id='word_1_268' title='bbox 860 2689 1019 2769; x_wconf 90' lang='lat' dir='ltr'><strong>angulus</strong></span> <span class='ocrx_word' id='word_1_269' title='bbox 1042 2696 1179 2768; x_wconf 92' lang='lat' dir='ltr'><strong>puncto</strong></span> <span class='ocrx_word' id='word_1_270' title='bbox 1204 2691 1387 2753; x_wconf 89' lang='lat' dir='ltr'><strong>sectionis</strong></span> <span class='ocrx_word' id='word_1_271' title='bbox 1411 2691 1463 2752; x_wconf 90' lang='lat' dir='ltr'><strong>sit</strong></span> <span class='ocrx_word' id='word_1_272' title='bbox 1487 2691 1530 2752; x_wconf 89' lang='lat' dir='ltr'><strong>ad</strong></span> 
     </span>
     <span class='ocr_line' id='line_1_28' title="bbox 183 2778 1530 2861; baseline -0.002 -17"><span class='ocrx_word' id='word_1_273' title='bbox 183 2780 502 2861; x_wconf 89' lang='lat' dir='ltr'><strong>perpendiculum,</strong></span> <span class='ocrx_word' id='word_1_274' title='bbox 538 2780 639 2842; x_wconf 89' lang='lat' dir='ltr'><strong>latus</strong></span> <span class='ocrx_word' id='word_1_275' title='bbox 670 2778 786 2840; x_wconf 93' lang='lat' dir='ltr'><strong>miuus</strong></span> <span class='ocrx_word' id='word_1_276' title='bbox 810 2778 908 2839; x_wconf 88' lang='lat' dir='ltr'><strong>circa</strong></span> <span class='ocrx_word' id='word_1_277' title='bbox 939 2786 1081 2839; x_wconf 92' lang='lat' dir='ltr'><strong>rectum</strong></span> <span class='ocrx_word' id='word_1_278' title='bbox 1109 2778 1338 2856; x_wconf 87' lang='lat' dir='ltr'><strong>aequabitur</strong></span> <span class='ocrx_word' id='word_1_279' title='bbox 1369 2779 1530 2858; x_wconf 89' lang='lat' dir='ltr'><strong>portioni</strong></span> 
     </span>
     <span class='ocr_line' id='line_1_29' title="bbox 179 2866 1530 2953; baseline -0.003 -20"><span class='ocrx_word' id='word_1_280' title='bbox 179 2871 313 2950; x_wconf 89' lang='lat' dir='ltr'><strong>majori</strong></span> <span class='ocrx_word' id='word_1_281' title='bbox 338 2876 471 2930; x_wconf 88' lang='lat' dir='ltr'><strong>sectae</strong></span> <span class='ocrx_word' id='word_1_282' title='bbox 495 2868 636 2930; x_wconf 94' lang='lat' dir='ltr'><strong>lineae.</strong></span> <span class='ocrx_word' id='word_1_283' title='bbox 683 2867 977 2929; x_wconf 88' lang='lat' dir='ltr'><strong>Demonstrationem</strong></span> <span class='ocrx_word' id='word_1_284' title='bbox 999 2866 1127 2946; x_wconf 90' lang='lat' dir='ltr'><strong>Magiri,</strong></span> <span class='ocrx_word' id='word_1_285' title='bbox 1152 2884 1239 2946; x_wconf 87' lang='lat' dir='ltr'><strong>quam</strong></span> <span class='ocrx_word' id='word_1_286' title='bbox 1263 2867 1292 2928; x_wconf 94' lang='lat' dir='ltr'><strong>in</strong></span> <span class='ocrx_word' id='word_1_287' title='bbox 1316 2869 1394 2930; x_wconf 90' lang='lat' dir='ltr'><strong>valle</strong></span> <span class='ocrx_word' id='word_1_288' title='bbox 1419 2868 1530 2953; x_wconf 85' lang='lat' dir='ltr'><strong>Luste-</strong></span> 
     </span>
     <span class='ocr_line' id='line_1_30' title="bbox 178 2956 1530 3035; baseline -0.001 -14"><span class='ocrx_word' id='word_1_289' title='bbox 178 2959 271 3021; x_wconf 83' lang='lat' dir='ltr'><strong>navia</strong></span> <span class='ocrx_word' id='word_1_290' title='bbox 294 2958 366 3021; x_wconf 88' lang='lat' dir='ltr'><strong>mihi</strong></span> <span class='ocrx_word' id='word_1_291' title='bbox 389 2957 622 3027; x_wconf 86' lang='lat' dir='ltr'><strong>demonstrasti,</strong></span> <span class='ocrx_word' id='word_1_292' title='bbox 657 2957 775 3018; x_wconf 90' lang='lat' dir='ltr'><strong>omniuo</strong></span> <span class='ocrx_word' id='word_1_293' title='bbox 799 2956 885 3018; x_wconf 90' lang='lat' dir='ltr'><strong>amisi</strong></span> <span class='ocrx_word' id='word_1_294' title='bbox 908 2975 963 3017; x_wconf 90' lang='lat' dir='ltr'><strong>nec</strong></span> <span class='ocrx_word' id='word_1_295' title='bbox 987 2956 1156 3016; x_wconf 85' lang='lat' dir='ltr'><strong>meminisse</strong></span> <span class='ocrx_word' id='word_1_296' title='bbox 1180 2975 1321 3035; x_wconf 88' lang='lat' dir='ltr'><strong>possum:</strong></span> <span class='ocrx_word' id='word_1_297' title='bbox 1350 2957 1416 3019; x_wconf 91' lang='lat' dir='ltr'><strong>ideo</strong></span> <span class='ocrx_word' id='word_1_298' title='bbox 1440 2956 1530 3019; x_wconf 91' lang='lat' dir='ltr'><strong>aliam</strong></span> 
     </span>
     <span class='ocr_line' id='line_1_31' title="bbox 179 3045 920 3125; baseline -0.005 -15"><span class='ocrx_word' id='word_1_299' title='bbox 179 3047 308 3110; x_wconf 88' lang='lat' dir='ltr'><strong>institui.</strong></span> <span class='ocrx_word' id='word_1_300' title='bbox 346 3047 423 3109; x_wconf 87' lang='lat' dir='ltr'><strong>Esto</strong></span> <span class='ocrx_word' id='word_1_301' title='bbox 444 3046 524 3108; x_wconf 88' lang='lat' dir='ltr'><strong>linea</strong></span> <span class='ocrx_word' id='word_1_302' title='bbox 538 3045 605 3122; x_wconf 77' lang='lat' dir='ltr'><strong>All,</strong></span> <span class='ocrx_word' id='word_1_303' title='bbox 631 3054 716 3106; x_wconf 89' lang='lat' dir='ltr'><strong>secta</strong></span> <span class='ocrx_word' id='word_1_304' title='bbox 728 3045 920 3125; x_wconf 84' lang='lat' dir='ltr'><strong>proportione</strong></span> 
     </span>
     <span class='ocr_line' id='line_1_32' title="bbox 180 3131 920 3215; baseline -0.004 -16"><span class='ocrx_word' id='word_1_305' title='bbox 180 3137 264 3199; x_wconf 86' lang='lat' dir='ltr'><strong>dicta</strong></span> <span class='ocrx_word' id='word_1_306' title='bbox 286 3138 316 3198; x_wconf 90' lang='lat' dir='ltr'><strong>in</strong></span> <span class='ocrx_word' id='word_1_307' title='bbox 339 3137 365 3198; x_wconf 92' lang='lat' dir='ltr'><strong>F</strong></span> <span class='ocrx_word' id='word_1_308' title='bbox 387 3131 498 3215; x_wconf 78' lang='lat' dir='ltr'><strong>perdo</strong></span> <span class='ocrx_word' id='word_1_309' title='bbox 521 3135 600 3198; x_wconf 82' lang='lat' dir='ltr'><strong>sexti</strong></span> <span class='ocrx_word' id='word_1_310' title='bbox 624 3134 808 3208; x_wconf 84' lang='lat' dir='ltr'><strong>(Euclidis);</strong></span> <span class='ocrx_word' id='word_1_311' title='bbox 832 3152 920 3213; x_wconf 90' lang='lat' dir='ltr'><strong>super</strong></span> 
     </span>
     <span class='ocr_line' id='line_1_33' title="bbox 179 3223 919 3305; baseline -0.005 -18"><span class='ocrx_word' id='word_1_312' title='bbox 179 3246 239 3305; x_wconf 91' lang='lat' dir='ltr'><strong>qua</strong></span> <span class='ocrx_word' id='word_1_313' title='bbox 269 3225 455 3289; x_wconf 86' lang='lat' dir='ltr'><strong>describatur</strong></span> <span class='ocrx_word' id='word_1_314' title='bbox 482 3224 702 3296; x_wconf 86' lang='lat' dir='ltr'><strong>semicirculus,</strong></span> <span class='ocrx_word' id='word_1_315' title='bbox 738 3223 767 3284; x_wconf 92' lang='lat' dir='ltr'><strong>in</strong></span> <span class='ocrx_word' id='word_1_316' title='bbox 796 3242 852 3303; x_wconf 91' lang='lat' dir='ltr'><strong>quo</strong></span> <span class='ocrx_word' id='word_1_317' title='bbox 882 3242 919 3283; x_wconf 81' lang='lat' dir='ltr'><strong>ex</strong></span> 
     </span>
     <span class='ocr_line' id='line_1_34' title="bbox 179 3312 917 3394; baseline -0.007 -17"><span class='ocrx_word' id='word_1_318' title='bbox 179 3317 307 3377; x_wconf 83' lang='lat' dir='ltr'><strong>Fracta</strong></span> <span class='ocrx_word' id='word_1_319' title='bbox 329 3313 383 3376; x_wconf 87' lang='lat' dir='ltr'><strong>FD</strong></span> <span class='ocrx_word' id='word_1_320' title='bbox 402 3314 535 3393; x_wconf 89' lang='lat' dir='ltr'><strong>erigatur</strong></span> <span class='ocrx_word' id='word_1_321' title='bbox 556 3312 842 3394; x_wconf 90' lang='lat' dir='ltr'><strong>perpendiculariter</strong></span> <span class='ocrx_word' id='word_1_322' title='bbox 864 3330 917 3372; x_wconf 91' lang='lat' dir='ltr'><strong>us-</strong></span> 
     </span>
     <span class='ocr_line' id='line_1_35' title="bbox 178 3400 916 3485; baseline -0.004 -20"><span class='ocrx_word' id='word_1_323' title='bbox 178 3424 237 3484; x_wconf 91' lang='lat' dir='ltr'><strong>que</strong></span> <span class='ocrx_word' id='word_1_324' title='bbox 261 3404 301 3465; x_wconf 92' lang='lat' dir='ltr'><strong>ad</strong></span> <span class='ocrx_word' id='word_1_325' title='bbox 323 3404 508 3485; x_wconf 87' lang='lat' dir='ltr'><strong>superficiem</strong></span> <span class='ocrx_word' id='word_1_326' title='bbox 531 3400 719 3475; x_wconf 87' lang='lat' dir='ltr'><strong>semicirculi,</strong></span> <span class='ocrx_word' id='word_1_327' title='bbox 743 3409 775 3461; x_wconf 90' lang='lat' dir='ltr'><strong>et</strong></span> <span class='ocrx_word' id='word_1_328' title='bbox 788 3420 916 3462; x_wconf 89' lang='lat' dir='ltr'><strong>conuec-</strong></span> 
     </span>
     <span class='ocr_line' id='line_1_36' title="bbox 178 3489 916 3569; baseline -0.005 -15"><span class='ocrx_word' id='word_1_329' title='bbox 178 3503 284 3556; x_wconf 88' lang='lat' dir='ltr'><strong>tantur</strong></span> <span class='ocrx_word' id='word_1_330' title='bbox 297 3491 363 3567; x_wconf 86' lang='lat' dir='ltr'><strong>DE,</strong></span> <span class='ocrx_word' id='word_1_331' title='bbox 388 3491 459 3568; x_wconf 84' lang='lat' dir='ltr'><strong>DA,</strong></span> <span class='ocrx_word' id='word_1_332' title='bbox 483 3499 517 3554; x_wconf 93' lang='lat' dir='ltr'><strong>ut</strong></span> <span class='ocrx_word' id='word_1_333' title='bbox 537 3493 590 3552; x_wconf 85' lang='lat' dir='ltr'><strong>fiat</strong></span> <span class='ocrx_word' id='word_1_334' title='bbox 604 3490 729 3569; x_wconf 87' lang='lat' dir='ltr'><strong>angulus</strong></span> <span class='ocrx_word' id='word_1_335' title='bbox 744 3489 831 3551; x_wconf 86' lang='lat' dir='ltr'><strong>EDA</strong></span> <span class='ocrx_word' id='word_1_336' title='bbox 850 3508 916 3551; x_wconf 91' lang='lat' dir='ltr'><strong>rec-</strong></span> 
     </span>
     <span class='ocr_line' id='line_1_37' title="bbox 176 3576 919 3661; baseline -0.011 -16"><span class='ocrx_word' id='word_1_337' title='bbox 176 3592 229 3645; x_wconf 91' lang='lat' dir='ltr'><strong>tus</strong></span> <span class='ocrx_word' id='word_1_338' title='bbox 261 3600 316 3661; x_wconf 90' lang='lat' dir='ltr'><strong>per</strong></span> <span class='ocrx_word' id='word_1_339' title='bbox 348 3576 402 3644; x_wconf 86' lang='lat'><strong>31.</strong></span> <span class='ocrx_word' id='word_1_340' title='bbox 434 3581 491 3643; x_wconf 88' lang='lat'><em>111.</em></span> <span class='ocrx_word' id='word_1_341' title='bbox 550 3581 626 3643; x_wconf 91' lang='lat' dir='ltr'><strong>Dico</strong></span> <span class='ocrx_word' id='word_1_342' title='bbox 664 3578 740 3658; x_wconf 93' lang='lat' dir='ltr'><strong>qnod</strong></span> <span class='ocrx_word' id='word_1_343' title='bbox 773 3578 829 3639; x_wconf 86' lang='lat' dir='ltr'><strong>DF</strong></span> <span class='ocrx_word' id='word_1_344' title='bbox 865 3580 919 3638; x_wconf 85' lang='lat' dir='ltr'><strong>fiat</strong></span> 
     </span>
     <span class='ocr_line' id='line_1_38' title="bbox 176 3666 917 3751; baseline -0.009 -18"><span class='ocrx_word' id='word_1_345' title='bbox 176 3671 317 3751; x_wconf 87' lang='lat' dir='ltr'><strong>aequalis</strong></span> <span class='ocrx_word' id='word_1_346' title='bbox 335 3670 433 3732; x_wconf 90' lang='lat' dir='ltr'><strong>lineae</strong></span> <span class='ocrx_word' id='word_1_347' title='bbox 447 3669 514 3740; x_wconf 84' lang='lat' dir='ltr'><strong>FA,</strong></span> <span class='ocrx_word' id='word_1_348' title='bbox 534 3668 662 3749; x_wconf 89' lang='lat' dir='ltr'><strong>portioni</strong></span> <span class='ocrx_word' id='word_1_349' title='bbox 679 3667 783 3746; x_wconf 78' lang='lat' dir='ltr'><strong>maJ&#39;ori</strong></span> <span class='ocrx_word' id='word_1_350' title='bbox 798 3668 835 3728; x_wconf 90' lang='lat' dir='ltr'><strong>de</strong></span> <span class='ocrx_word' id='word_1_351' title='bbox 848 3666 917 3727; x_wconf 82' lang='lat' dir='ltr'><strong>EA.</strong></span> 
     </span>
    </p>

    <p class='ocr_par' dir='ltr' id='par_1_6' title="bbox 104 3755 1528 4821">
     <span class='ocr_line' id='line_1_39' title="bbox 174 3755 918 3839; baseline -0.013 -14"><span class='ocrx_word' id='word_1_352' title='bbox 174 3762 259 3825; x_wconf 87' lang='lat' dir='ltr'><strong>Nam</strong></span> <span class='ocrx_word' id='word_1_353' title='bbox 281 3778 337 3839; x_wconf 90' lang='lat' dir='ltr'><strong>per</strong></span> <span class='ocrx_word' id='word_1_354' title='bbox 350 3756 381 3823; x_wconf 90' lang='lat'><strong>8.</strong></span> <span class='ocrx_word' id='word_1_355' title='bbox 406 3759 461 3821; x_wconf 87' lang='lat' dir='ltr'><strong>VI.</strong></span> <span class='ocrx_word' id='word_1_356' title='bbox 486 3758 638 3836; x_wconf 88' lang='lat' dir='ltr'><strong>triangula</strong></span> <span class='ocrx_word' id='word_1_357' title='bbox 651 3756 743 3830; x_wconf 87' lang='lat' dir='ltr'><strong>EFD,</strong></span> <span class='ocrx_word' id='word_1_358' title='bbox 766 3755 918 3817; x_wconf 88' lang='lat' dir='ltr'><strong>DFAtoti</strong></span> 
     </span>
     <span class='ocr_line' id='line_1_40' title="bbox 176 3842 919 3927; baseline -0.012 -14"><span class='ocrx_word' id='word_1_359' title='bbox 176 3849 267 3913; x_wconf 81' lang='grc' dir='ltr'><strong>ΑΒΕ</strong></span> <span class='ocrx_word' id='word_1_360' title='bbox 291 3857 323 3910; x_wconf 90' lang='lat' dir='ltr'><strong>et</strong></span> <span class='ocrx_word' id='word_1_361' title='bbox 344 3850 423 3912; x_wconf 91' lang='lat' dir='ltr'><strong>inter</strong></span> <span class='ocrx_word' id='word_1_362' title='bbox 445 3866 478 3908; x_wconf 90' lang='lat' dir='ltr'><strong>se</strong></span> <span class='ocrx_word' id='word_1_363' title='bbox 502 3856 572 3908; x_wconf 92' lang='lat' dir='ltr'><strong>snut</strong></span> <span class='ocrx_word' id='word_1_364' title='bbox 596 3846 715 3907; x_wconf 92' lang='lat' dir='ltr'><strong>similia.</strong></span> <span class='ocrx_word' id='word_1_365' title='bbox 750 3842 851 3914; x_wconf 84' lang='lat' dir='ltr'><strong>Quare</strong></span> <span class='ocrx_word' id='word_1_366' title='bbox 865 3863 919 3927; x_wconf 91' lang='lat' dir='ltr'><strong>per</strong></span> 
     </span>
     <span class='ocr_line' id='line_1_41' title="bbox 176 3932 918 4014; baseline -0.009 -14"><span class='ocrx_word' id='word_1_367' title='bbox 176 3939 343 4001; x_wconf 90' lang='lat' dir='ltr'><strong>secundnm</strong></span> <span class='ocrx_word' id='word_1_368' title='bbox 363 3935 552 4000; x_wconf 90' lang='lat' dir='ltr'><strong>corollarium</strong></span> <span class='ocrx_word' id='word_1_369' title='bbox 570 3934 706 4014; x_wconf 87' lang='lat' dir='ltr'><strong>ejusdem</strong></span> <span class='ocrx_word' id='word_1_370' title='bbox 718 3932 774 3994; x_wconf 83' lang='grc' dir='ltr'><strong>ΕΙ)</strong></span> <span class='ocrx_word' id='word_1_371' title='bbox 790 3940 838 3993; x_wconf 92' lang='lat' dir='ltr'><strong>est</strong></span> <span class='ocrx_word' id='word_1_372' title='bbox 852 3951 918 3994; x_wconf 89' lang='lat' dir='ltr'><strong>me·</strong></span> 
     </span>
     <span class='ocr_line' id='line_1_42' title="bbox 110 4019 919 4106; baseline -0.01 -16"><span class='ocrx_word' id='word_1_373' title='bbox 110 4076 113 4081; x_wconf 87' lang='lat'>.</span> <span class='ocrx_word' id='word_1_374' title='bbox 176 4029 231 4089; x_wconf 90' lang='lat' dir='ltr'><strong>dia</strong></span> <span class='ocrx_word' id='word_1_375' title='bbox 257 4025 490 4106; x_wconf 88' lang='lat' dir='ltr'><strong>proportionalis</strong></span> <span class='ocrx_word' id='word_1_376' title='bbox 517 4025 597 4086; x_wconf 89' lang='lat' dir='ltr'><strong>inter</strong></span> <span class='ocrx_word' id='word_1_377' title='bbox 619 4022 676 4084; x_wconf 80' lang='lat' dir='ltr'><strong>All</strong></span> <span class='ocrx_word' id='word_1_378' title='bbox 700 4030 731 4084; x_wconf 91' lang='lat' dir='ltr'><strong>et</strong></span> <span class='ocrx_word' id='word_1_379' title='bbox 752 4021 814 4085; x_wconf 85' lang='lat' dir='ltr'><strong>EF.</strong></span> <span class='ocrx_word' id='word_1_380' title='bbox 860 4019 919 4082; x_wconf 85' lang='lat' dir='ltr'><strong>Est</strong></span> 
     </span>
     <span class='ocr_line' id='line_1_43' title="bbox 177 4111 919 4192; baseline -0.009 -14"><span class='ocrx_word' id='word_1_381' title='bbox 177 4124 282 4178; x_wconf 90' lang='lat' dir='ltr'><strong>autem</strong></span> <span class='ocrx_word' id='word_1_382' title='bbox 306 4117 396 4178; x_wconf 91' lang='lat' dir='ltr'><strong>etiam</strong></span> <span class='ocrx_word' id='word_1_383' title='bbox 415 4116 472 4177; x_wconf 89' lang='lat' dir='ltr'><strong>AF</strong></span> <span class='ocrx_word' id='word_1_384' title='bbox 485 4113 583 4177; x_wconf 91' lang='lat' dir='ltr'><strong>media</strong></span> <span class='ocrx_word' id='word_1_385' title='bbox 596 4111 826 4192; x_wconf 86' lang='lat' dir='ltr'><strong>proportionalis</strong></span> <span class='ocrx_word' id='word_1_386' title='bbox 841 4111 919 4173; x_wconf 91' lang='lat' dir='ltr'><strong>inter</strong></span> 
     </span>
     <span class='ocr_line' id='line_1_44' title="bbox 175 4201 917 4283; baseline -0.011 -15"><span class='ocrx_word' id='word_1_387' title='bbox 175 4204 236 4268; x_wconf 85' lang='grc' dir='ltr'><strong>ΑΕ</strong></span> <span class='ocrx_word' id='word_1_388' title='bbox 261 4213 292 4267; x_wconf 86' lang='lat' dir='ltr'><strong>et</strong></span> <span class='ocrx_word' id='word_1_389' title='bbox 314 4205 368 4268; x_wconf 88' lang='lat' dir='ltr'><strong>EF</strong></span> <span class='ocrx_word' id='word_1_390' title='bbox 389 4223 443 4283; x_wconf 92' lang='lat' dir='ltr'><strong>per</strong></span> <span class='ocrx_word' id='word_1_391' title='bbox 461 4202 660 4265; x_wconf 89' lang='lat' dir='ltr'><strong>definitionem</strong></span> <span class='ocrx_word' id='word_1_392' title='bbox 681 4201 776 4263; x_wconf 89' lang='lat' dir='ltr'><strong>lineae</strong></span> <span class='ocrx_word' id='word_1_393' title='bbox 791 4218 917 4280; x_wconf 90' lang='lat' dir='ltr'><strong>propor-</strong></span> 
     </span>
     <span class='ocr_line' id='line_1_45' title="bbox 176 4289 918 4358; baseline -0.012 0"><span class='ocrx_word' id='word_1_394' title='bbox 176 4293 335 4358; x_wconf 90' lang='lat' dir='ltr'><strong>tionaliter</strong></span> <span class='ocrx_word' id='word_1_395' title='bbox 361 4302 475 4356; x_wconf 88' lang='lat' dir='ltr'><strong>sectae.</strong></span> <span class='ocrx_word' id='word_1_396' title='bbox 523 4289 599 4353; x_wconf 92' lang='lat' dir='ltr'><strong>Cum</strong></span> <span class='ocrx_word' id='word_1_397' title='bbox 628 4299 728 4352; x_wconf 90' lang='lat' dir='ltr'><strong>autem</strong></span> <span class='ocrx_word' id='word_1_398' title='bbox 755 4289 835 4351; x_wconf 91' lang='lat' dir='ltr'><strong>inter</strong></span> <span class='ocrx_word' id='word_1_399' title='bbox 861 4289 918 4349; x_wconf 92' lang='lat' dir='ltr'><strong>duo</strong></span> 
     </span>
     <span class='ocr_line' id='line_1_46' title="bbox 175 4377 917 4458; baseline -0.013 -11"><span class='ocrx_word' id='word_1_400' title='bbox 175 4393 316 4447; x_wconf 80' lang='lat' dir='ltr'><strong>extrema</strong></span> <span class='ocrx_word' id='word_1_401' title='bbox 337 4400 427 4445; x_wconf 90' lang='lat' dir='ltr'><strong>unum</strong></span> <span class='ocrx_word' id='word_1_402' title='bbox 449 4390 566 4443; x_wconf 90' lang='lat' dir='ltr'><strong>tautum</strong></span> <span class='ocrx_word' id='word_1_403' title='bbox 590 4380 718 4441; x_wconf 89' lang='lat' dir='ltr'><strong>medium</strong></span> <span class='ocrx_word' id='word_1_404' title='bbox 747 4377 917 4458; x_wconf 89' lang='lat' dir='ltr'><strong>proportio-</strong></span> 
     </span>
     <span class='ocr_line' id='line_1_47' title="bbox 104 4465 916 4551; baseline -0.01 -15"><span class='ocrx_word' id='word_1_405' title='bbox 104 4486 108 4493; x_wconf 82' lang='lat'>&#39;</span> <span class='ocrx_word' id='word_1_406' title='bbox 175 4474 248 4536; x_wconf 87' lang='lat' dir='ltr'><strong>nale</strong></span> <span class='ocrx_word' id='word_1_407' title='bbox 281 4491 349 4534; x_wconf 89' lang='lat' dir='ltr'><strong>esse</strong></span> <span class='ocrx_word' id='word_1_408' title='bbox 378 4470 494 4551; x_wconf 90' lang='lat' dir='ltr'><strong>possit,</strong></span> <span class='ocrx_word' id='word_1_409' title='bbox 527 4487 581 4547; x_wconf 93' lang='lat' dir='ltr'><strong>per</strong></span> <span class='ocrx_word' id='word_1_410' title='bbox 604 4465 633 4530; x_wconf 87' lang='grc'><strong>9.</strong></span> <span class='ocrx_word' id='word_1_411' title='bbox 658 4469 699 4530; x_wconf 83' lang='lat' dir='ltr'><strong>V.</strong></span> <span class='ocrx_word' id='word_1_412' title='bbox 733 4485 916 4540; x_wconf 86' lang='lat' dir='ltr'><strong>conversam,</strong></span> 
     </span>
     <span class='ocr_line' id='line_1_48' title="bbox 176 4553 1528 4640; baseline -0.008 -15"><span class='ocrx_word' id='word_1_413' title='bbox 176 4563 235 4626; x_wconf 82' lang='lat' dir='ltr'><strong>AF</strong></span> <span class='ocrx_word' id='word_1_414' title='bbox 258 4569 291 4623; x_wconf 87' lang='lat' dir='ltr'><strong>et</strong></span> <span class='ocrx_word' id='word_1_415' title='bbox 312 4559 369 4623; x_wconf 84' lang='grc' dir='ltr'><strong>ΕΙ)</strong></span> <span class='ocrx_word' id='word_1_416' title='bbox 394 4557 535 4640; x_wconf 88' lang='lat' dir='ltr'><strong>aequales</strong></span> <span class='ocrx_word' id='word_1_417' title='bbox 559 4565 654 4630; x_wconf 90' lang='lat' dir='ltr'><strong>erunt,</strong></span> <span class='ocrx_word' id='word_1_418' title='bbox 680 4559 847 4638; x_wconf 89' lang='lat' dir='ltr'><strong>quoderat</strong></span> <span class='ocrx_word' id='word_1_419' title='bbox 870 4556 1063 4636; x_wconf 90' lang='lat' dir='ltr'><strong>probandum.</strong></span> <span class='ocrx_word' id='word_1_420' title='bbox 1103 4553 1299 4618; x_wconf 78' lang='lat' dir='ltr'><strong>corollarium</strong></span> <span class='ocrx_word' id='word_1_421' title='bbox 1320 4556 1346 4617; x_wconf 91' lang='lat' dir='ltr'><strong>l.</strong></span> <span class='ocrx_word' id='word_1_422' title='bbox 1390 4553 1528 4615; x_wconf 90' lang='lat' dir='ltr'><strong>Latera</strong></span> 
     </span>
     <span class='ocr_line' id='line_1_49' title="bbox 175 4640 1526 4731; baseline -0.009 -17"><span class='ocrx_word' id='word_1_423' title='bbox 175 4648 359 4731; x_wconf 88' lang='lat' dir='ltr'><strong>trianguli</strong></span> <span class='ocrx_word' id='word_1_424' title='bbox 382 4656 467 4710; x_wconf 87' lang='lat' dir='ltr'><strong>eunt</strong></span> <span class='ocrx_word' id='word_1_425' title='bbox 488 4647 794 4727; x_wconf 90' lang='lat' dir='ltr'><strong>proportionalia.</strong></span> <span class='ocrx_word' id='word_1_426' title='bbox 841 4646 920 4707; x_wconf 88' lang='lat' dir='ltr'><strong>Nam</strong></span> <span class='ocrx_word' id='word_1_427' title='bbox 942 4647 1006 4720; x_wconf 86' lang='lat' dir='ltr'><strong>AF,</strong></span> <span class='ocrx_word' id='word_1_428' title='bbox 1031 4645 1094 4719; x_wconf 91' lang='lat' dir='ltr'><strong>FD,</strong></span> <span class='ocrx_word' id='word_1_429' title='bbox 1119 4643 1171 4706; x_wconf 86' lang='lat' dir='ltr'><strong>FE</strong></span> <span class='ocrx_word' id='word_1_430' title='bbox 1194 4652 1265 4705; x_wconf 91' lang='lat' dir='ltr'><strong>sunt</strong></span> <span class='ocrx_word' id='word_1_431' title='bbox 1289 4640 1526 4724; x_wconf 88' lang='lat' dir='ltr'><strong>proportionales</strong></span> 
     </span>
     <span class='ocr_line' id='line_1_50' title="bbox 175 4731 1527 4821; baseline -0.007 -20"><span class='ocrx_word' id='word_1_432' title='bbox 175 4759 232 4821; x_wconf 87' lang='lat' dir='ltr'><strong>per</strong></span> <span class='ocrx_word' id='word_1_433' title='bbox 256 4736 287 4803; x_wconf 87' lang='lat'><strong>8.</strong></span> <span class='ocrx_word' id='word_1_434' title='bbox 309 4739 365 4801; x_wconf 87' lang='lat' dir='ltr'><strong>VI.</strong></span> <span class='ocrx_word' id='word_1_435' title='bbox 402 4739 448 4800; x_wconf 89' lang='lat' dir='ltr'><strong>At</strong></span> <span class='ocrx_word' id='word_1_436' title='bbox 469 4736 526 4797; x_wconf 86' lang='grc' dir='ltr'><strong>ΕΙ)</strong></span> <span class='ocrx_word' id='word_1_437' title='bbox 550 4743 598 4796; x_wconf 93' lang='lat' dir='ltr'><strong>est</strong></span> <span class='ocrx_word' id='word_1_438' title='bbox 621 4735 755 4816; x_wconf 90' lang='lat' dir='ltr'><strong>aequalis</strong></span> <span class='ocrx_word' id='word_1_439' title='bbox 778 4735 874 4796; x_wconf 91' lang='lat' dir='ltr'><strong>lineae</strong></span> <span class='ocrx_word' id='word_1_440' title='bbox 888 4736 953 4798; x_wconf 89' lang='lat' dir='ltr'><strong>AF.</strong></span> <span class='ocrx_word' id='word_1_441' title='bbox 991 4734 1073 4815; x_wconf 88' lang='lat' dir='ltr'><strong>Ergo</strong></span> <span class='ocrx_word' id='word_1_442' title='bbox 1096 4732 1162 4808; x_wconf 84' lang='grc' dir='ltr'>ΕΙ),</span> <span class='ocrx_word' id='word_1_443' title='bbox 1186 4732 1249 4804; x_wconf 92' lang='lat' dir='ltr'><strong>DF,</strong></span> <span class='ocrx_word' id='word_1_444' title='bbox 1274 4732 1325 4794; x_wconf 83' lang='lat' dir='ltr'><strong>FF</strong></span> <span class='ocrx_word' id='word_1_445' title='bbox 1348 4732 1408 4793; x_wconf 91' lang='lat' dir='ltr'><strong>tria</strong></span> <span class='ocrx_word' id='word_1_446' title='bbox 1430 4731 1527 4794; x_wconf 91' lang='lat' dir='ltr'><strong>latera</strong></span> 
     </span>
    </p>
   </div>
   <div class='ocr_carea' id='block_1_5' title="bbox 141 4819 1525 4974">
    <p class='ocr_par' dir='ltr' id='par_1_7' title="bbox 141 4819 1525 4974">
     <span class='ocr_line' id='line_1_51' title="bbox 141 4819 1525 4911; baseline -0.009 -16"><span class='ocrx_word' id='word_1_447' title='bbox 141 4848 147 4865; x_wconf 80' lang='lat'><strong><em>¹</em></strong></span> <span class='ocrx_word' id='word_1_448' title='bbox 175 4827 348 4911; x_wconf 87' lang='lat' dir='ltr'><strong>rectanguli</strong></span> <span class='ocrx_word' id='word_1_449' title='bbox 371 4834 442 4891; x_wconf 90' lang='lat' dir='ltr'><strong>sunt</strong></span> <span class='ocrx_word' id='word_1_450' title='bbox 462 4823 710 4907; x_wconf 88' lang='lat' dir='ltr'><strong>proportionalia.</strong></span> <span class='ocrx_word' id='word_1_451' title='bbox 757 4824 802 4887; x_wconf 84' lang='lat' dir='ltr'><strong>At</strong></span> <span class='ocrx_word' id='word_1_452' title='bbox 822 4823 904 4886; x_wconf 76' lang='grc' dir='ltr'><strong>ΕΠ)</strong></span> <span class='ocrx_word' id='word_1_453' title='bbox 927 4822 1109 4906; x_wconf 89' lang='lat' dir='ltr'><strong>triangulum</strong></span> <span class='ocrx_word' id='word_1_454' title='bbox 1132 4821 1261 4905; x_wconf 89' lang='lat' dir='ltr'><strong>partiale</strong></span> <span class='ocrx_word' id='word_1_455' title='bbox 1279 4828 1328 4882; x_wconf 91' lang='lat' dir='ltr'><strong>est</strong></span> <span class='ocrx_word' id='word_1_456' title='bbox 1350 4819 1445 4882; x_wconf 87' lang='lat' dir='ltr'><strong>simile</strong></span> <span class='ocrx_word' id='word_1_457' title='bbox 1459 4819 1525 4894; x_wconf 91' lang='lat' dir='ltr'><strong>toti,</strong></span> 
     </span>
     <span class='ocr_line' id='line_1_52' title="bbox 1273 4921 1316 4974; baseline 0 -19"><span class='ocrx_word' id='word_1_458' title='bbox 1273 4921 1288 4974; x_wconf 72' lang='grc'><strong>3</strong></span> <span class='ocrx_word' id='word_1_459' title='bbox 1299 4925 1316 4955; x_wconf 60' lang='lat' dir='ltr'>fl</span> 
     </span>
    </p>
   </div>
   <div class='ocr_carea' id='block_1_6' title="bbox 0 0 1718 5542">
    <p class='ocr_par' dir='ltr' id='par_1_8' title="bbox 0 0 1718 5542">
     <span class='ocr_line' id='line_1_53' title="bbox 0 0 1718 5542; baseline 0 3"><span class='ocrx_word' id='word_1_460' title='bbox 0 0 1718 5542; x_wconf 95' lang='lat' dir='ltr'><strong> </strong></span> 
     </span>
    </p>
   </div>
  </div>
 </body>
</html>
