3428 5542
178 300 244 369 3i6
534 352 539 359 .
596 309 1110 375 IaitsrsaKaplasialiorunsqusmatasa

177 463 341 544 abjectum.
388 465 431 529 Ut
453 484 525 529 vero
548 468 652 530 oculus
675 468 715 529 ad
741 469 846 541 lucem,
869 468 951 531 euris
970 470 1007 530 ad
1032 487 1152 543 sonum,
1176 469 1223 531 ita
1244 468 1364 530 animus
1389 473 1443 528 est
1464 482 1537 527 coa-

177 552 323 614 iormatus
348 553 387 615 ad
410 553 484 618 haec
507 560 593 633 παθη
615 556 778 628 coelestia,
802 565 946 639 tanquam
969 577 1026 618 sua
1048 556 1168 642 propria
1192 556 1323 638 objecta.
1370 553 1417 617 Et
1440 564 1538 617 tamen

177 640 298 721 genesis
321 642 403 703 nuda
425 651 457 705 et
479 663 577 706 vacua
600 647 696 707 lorma
720 654 787 719 est;
818 647 934 707 animus
956 665 1023 708 cum
1046 646 1224 721 infunditur,
1249 646 1280 708 h.
1304 665 1334 708 e.
1357 663 1430 707 cnm
1452 642 1539 705 bouso

178 731 320 804 nascitur,
345 750 403 793 non
428 733 534 795 statim
557 742 640 795 totns
661 734 771 814 accipit
795 736 938 808 sormam
961 742 1123 797 contumax
1140 744 1199 810 est,
1222 744 1254 796 et
1277 736 1377 797 mults
1400 733 1441 795 de
1462 732 1539 795 ima·

177 818 400 897 ginmiouibus,
438 822 573 902 adeoque
607 823 644 884 de
677 823 887 885 affectionibus
919 823 1025 885 matris
1058 824 1168 885 retinet
1199 825 1366 903 miscetque
1401 818 1538 885 coenati

177 909 302 970 Format
324 907 416 987 igitur
439 917 472 971 et
493 910 581 990 fingit
599 912 730 974 animum
753 913 873 987 thema,
909 913 1044 974 sednon
1077 912 1174 992 gignit
1197 932 1319 987 uorum,
1354 930 1418 973 nou
1441 920 1538 973 totam

176 1005 274 1059 mutat
282 1015 292 1071 3
320 997 407 1077 lingit
430 1017 500 1060 vero
523 1008 627 1061 natum
651 1020 690 1062 ex
713 1001 784 1073 hoc,
817 1008 914 1063 matre
942 1001 986 1063 sic
1011 1002 1137 1075 affecta,
1169 1002 1239 1063 dum
1262 1008 1386 1081 gereret
1409 1008 1538 1062 ntemm

177 1083 320 1165 Sequitur
342 1085 411 1148 dein
434 1087 604 1163 institutio,
630 1108 705 1169 quae
729 1108 838 1151 novam
862 1091 1074 1152 alterationem
1097 1089 1214 1169 utrique
1236 1089 1330 1169 priori
1360 1089 1477 1161 insert,
1506 1094 1538 1148 at

176 1185 314 1236 neutrum
337 1176 444 1236 tollere
467 1186 589 1254 potest,
623 1178 675 1238 sed
707 1178 741 1238 dt
771 1178 897 1258 denique
929 1179 1176 1258 contemperatio.
1223 1178 1358 1239 Variant
1385 1175 1538 1239 hominess

175 1272 282 1338 mater,
302 1264 426 1339 coelum,
447 1265 602 1344 magister,
627 1266 779 1328 mediante
799 1275 897 1347 epate,
922 1268 1022 1339 corde,
1046 1268 1180 1341 cerebro,
1205 1276 1286 1339 ante,
1311 1266 1353 1340 in,
1376 1274 1538 1346 postpas-

175 1359 249 1426 tum,
273 1362 418 1432 tempore,
443 1364 593 1415 momento
617 1356 773 1434 temporis.

90 1480 95 1487 .
158 1490 163 1499 ,
247 1441 432 1491 Fabricius:
463 1442 587 1492 Planetac
604 1443 775 1492 humores.rel
793 1443 940 1508 qualitates,
968 1444 1014 1492 sibi
1042 1443 1132 1494 aDso
1158 1445 1345 1507 appropriatus,
1372 1443 1415 1493 rai
1433 1442 1539 1493 m

178 1527 222 1561 suo
241 1512 376 1574 subjectas,
395 1513 481 1562 astrali
500 1528 546 1563 sua
565 1515 587 1562 ri
607 1516 726 1571 excitant,
744 1522 872 1579 vegetant,
892 1515 1025 1571 ririlicant,
1045 1523 1070 1564 et
1088 1516 1159 1579 qnasi
1178 1517 1298 1564 animans

267 1583 472 1662 Keplerns:
496 1584 567 1645 Etsi
591 1604 648 1644 non
673 1585 786 1660 dubito,
812 1586 880 1665 quin
900 1586 984 1646 lilars
1009 1586 1075 1646 ideo
1099 1586 1187 1647 ruber
1210 1587 1251 1647 sit
1275 1587 1390 1657 iactus,
1417 1594 1453 1646 nt
1475 1593 1538 1645 ter-

179 1690 244 1733 rere
267 1671 366 1750 possit
395 1691 448 1752 pro
476 1673 595 1733 modulo
628 1692 700 1747 suo,
729 1675 830 1753 itaque
863 1673 892 1735 in
921 1694 953 1734 se
976 1675 1051 1753 ipsis
1075 1674 1208 1736 habeant
1231 1675 1333 1737 sidera
1357 1672 1537 1753 principium

182 1761 312 1821 actionis
335 1780 419 1833 snae,
444 1761 604 1839 potissima
627 1770 727 1823 tamen
752 1762 798 1823 ris
822 1763 850 1822 in
874 1764 1034 1839 genesibus
1059 1764 1200 1824 consistit
1223 1764 1383 1837 inanimo,
1411 1762 1464 1841 qui
1487 1780 1539 1823 oc·

179 1848 261 1909 culto
293 1867 442 1910 consensu
480 1850 530 1921 (nt
552 1850 666 1912 'rustici
699 1870 788 1912 aures
820 1851 991 1930 intelligunt
1023 1852 1256 1914 concinnitatem
1289 1850 1490 1914 dimensionis
1510 1851 1540 1913 in

179 1936 318 2011 vocibus)
352 1938 555 2013 &ruborem
590 1935 779 2018 hpallorem
804 1940 857 2001 &c
883 1939 1035 2002 intueatur
1064 1953 1095 2000 et
1118 1942 1280 2003 secundnm
1304 1940 1398 2002 situm
1423 1940 1541 2001 illorum

179 2025 208 2087 in
234 2045 267 2086 se
291 2026 356 2105 ipso
381 2026 607 2105 impressionem
632 2029 761 2089 formet:
797 2041 828 2088 nt
854 2047 957 2090 manus
986 2052 1004 2089 a
1029 2029 1167 2090 claritate
1192 2029 1272 2091 Solis
1305 2028 1380 2091 nibil
1415 2029 1540 2108 paritur.

181 2115 234 2175 sed
258 2115 372 2176 oculus.

249 2203 435 2254 Fabricius:
466 2202 694 2253 Profectiones
714 2204 876 2268 astrologicae
894 2205 919 2254 in
938 2214 1018 2253 totum
1036 2207 1106 2268 quasi
1125 2205 1214 2267 rejicis,
1233 2204 1299 2268 quod
1317 2205 1540 2268 subjecrmaraab

179 2281 260 2323 motus
278 2290 328 2324 non
346 2274 465 2324 babeant
501 2276 536 2322 At
554 2290 601 2324 nec
620 2274 767 2324 directiones
786 2289 886 2324 annuas
903 2276 997 2325 babent
1016 2276 1082 2325 reale
1100 2277 1254 2337 subjectum.
1280 2277 1328 2324 nbi
1349 2279 1432 2340 ipsum
1451 2276 1540 2340 prind-

177 2348 244 2410 pinm
262 2354 343 2396 motus
362 2353 387 2394 et
405 2359 508 2395 causam
526 2352 616 2393 motus.
654 2346 698 2394 Est
715 2362 772 2395 rero
791 2347 869 2394 durus
888 2348 988 2410 quidam
1007 2348 1106 2396 astralis
1127 2349 1221 2396 virtutis
1241 2349 1354 2410 aprima
1374 2361 1465 2403 causa,
1484 2354 1539 2397 tas·

176 2431 251 2480 maur
269 2431 286 2467 a
303 2418 372 2466 ionts
390 2432 434 2466 sno
452 2416 616 2479 procedentia
654 2417 687 2466 Et
704 2426 732 2466 ut
750 2426 831 2466 motus
850 2420 981 2467 continuus
1000 2430 1051 2475 est,
1078 2421 1115 2467 its
1141 2428 1166 2468 et
1184 2420 1280 2466 nauus
1306 2419 1388 2467 fluxus
1407 2419 1541 2469 continno

98 2542 103 2549 ,
177 2495 224 2537 est.
261 2487 347 2538 Virtus
365 2487 464 2537 astralis
481 2489 578 2550 proprio
597 2502 642 2536 suo
660 2496 736 2544 motu.
757 2496 783 2538 et
800 2490 869 2552 quasi
891 2488 1027 2552 aplaneta
1039 2498 1166 2553 separata,
1185 2498 1306 2544 moretur,
1325 2498 1353 2539 ut
1366 2504 1475 2554 magnes
1493 2490 1542 2538 rt·

177 2573 248 2608 snam
266 2560 331 2610 lsrro
349 2561 483 2622 separatim
502 2560 680 2618 communicat,
708 2575 755 2609 nec
778 2561 826 2607 rim
850 2575 935 2609 secum
958 2561 1074 2616 retrahit,
1100 2560 1144 2610 scd
1162 2561 1232 2625 qussi
1252 2560 1409 2610 abstractam
1427 2560 1543 2624 relinqd

178 2632 249 2679 terro.
287 2630 322 2681 Ut
340 2645 396 2679 vcro
414 2638 496 2679 motus
514 2630 670 2693 planetarum
696 2639 753 2680 suut
776 2633 850 2686 rarii,
879 2632 914 2680 sic
938 2640 1019 2680 motus
1042 2633 1138 2680 virtutis
1161 2631 1259 2680 unalis
1282 2632 1444 2694 planetarum
1470 2632 1543 2681 raum

131 2758 137 2765 ,
177 2702 339 2751 directionum
358 2709 384 2750 et
402 2700 594 2765 protectionum,
621 2717 676 2750 cnm
696 2716 835 2751 munerum
853 2710 906 2749 tum
924 2703 1111 2752 menstrualinm
1131 2710 1156 2751 ct
1174 2703 1332 2758 diurnarum,
1360 2704 1470 2752 motibus
1487 2716 1541 2767 p«-

175 2773 266 2822 dcitur.
304 2772 407 2836 Siquid
427 2780 515 2821 contra
532 2771 596 2821 baec
615 2772 701 2829 babes,
720 2773 793 2821 velim
806 2773 872 2822 clare
891 2772 1007 2836 explices,
1027 2788 1073 2822 nec
1093 2775 1174 2821 nimiis
1193 2773 1372 2823 subtilitatibus
1390 2788 1445 2823 rem
1463 2775 1543 2839 μ’.

177 2844 301 2899 obscures,
319 2857 395 2907 quam
414 2843 530 2891 illusues.
567 2843 620 2908 Ego
639 2858 735 2907 semper
753 2858 854 2907 operam
873 2843 942 2901 dedi,
966 2854 994 2891 nt
1012 2858 1052 2892 res
1070 2858 1141 2892 veras
1160 2852 1186 2893 et
1203 2845 1340 2893 rationales
1359 2845 1543 2909 simpliciuins

177 2914 337 2964 declararem.
375 2914 447 2962 Haec
466 2924 565 2969 tamen,
584 2916 618 2963 mi
638 2914 760 2978 Keplerc.
788 2930 838 2963 non
858 2916 955 2962 sinistre
974 2915 1046 2963 relim
1064 2915 1196 2978 intelligas.
1216 2915 1260 2964 sed
1279 2917 1360 2964 amico
1380 2917 1467 2966 animo
1484 2926 1541 2965 sss-

176 2992 229 3033 tum
247 3000 370 3047 propono,
399 2999 431 3033 ne
454 2986 544 3033 nimius
569 2987 602 3034 sis
628 2988 652 3033 in
676 2986 723 3033 illis
747 2985 935 3039 subtilitatibus.
964 2986 1029 3049 quod
1046 2988 1122 3034 nostri
1142 2988 1233 3051 ingenii
1252 2987 1398 3049 simplicitas
1418 2987 1476 3037 illas
1493 3002 1543 3037 nn

177 3069 208 3104 ca
225 3056 269 3104 ist

208 3070 224 3119 p
265 3126 472 3204 Keplerus:
512 3123 614 3197 Suda,
649 3124 724 3185 suda
757 3124 794 3185 de
818 3125 1054 3203 profectionibus
1089 3133 1120 3184 et
1144 3125 1380 3200 directionibus,
1415 3136 1543 3191 namet

177 3234 234 3294 ego
258 3215 373 3275 sudavi.
422 3212 584 3275 Genesis
608 3213 702 3274 habet
724 3215 783 3275 vim
807 3233 844 3273 ex
868 3214 946 3282 situ,
981 3224 1086 3292 estque
1110 3225 1274 3293 perpetua,
1308 3215 1380 3295 qnia
1411 3216 1447 3277 fir
1481 3217 1539 3279 im·

175 3303 294 3384 pressio
317 3322 506 3383 permanens.
554 3303 757 3364 Transitus
789 3313 821 3363 et
852 3302 1039 3363 resolutio
1073 3303 1186 3363 habent
1211 3303 1269 3363 rim
1291 3322 1330 3363 ex
1355 3314 1441 3365 motu
1466 3306 1541 3368 reali

176 3394 215 3454 sd
240 3393 306 3454 loca
329 3410 497 3471 geneseos;
530 3411 606 3471 quae
625 3393 690 3471 jam
721 3392 818 3452 officia
847 3409 885 3450 es
909 3391 1129 3452 consentientia
1153 3392 1298 3469 subjectis
1332 3392 1396 3453 suis
1420 3395 1540 3476 reliqui.

175 3482 415 3544 Directiones
439 3481 552 3542 habent
575 3481 636 3541 rim
660 3500 697 3540 ex
722 3481 805 3559 qnasi
831 3489 934 3551 motu;
959 3481 1069 3540 etenim
1095 3480 1203 3561 aliquis
1226 3495 1326 3541 motus
1351 3481 1437 3556 talis,
1463 3503 1540 3565 qna·

176 3571 246 3634 liter
269 3570 400 3650 sphetae
424 3570 610 3649 diriguntur,
644 3582 675 3630 et
698 3570 725 3629 is
748 3568 839 3631 realis
873 3579 920 3629 est
954 3581 985 3628 et
1019 3588 1087 3628 rere
1111 3570 1163 3640 tit,
1199 3570 1304 3630 statim
1337 3582 1410 3648 post
1433 3582 1541 3652 partus

174 3670 356 3723 momentum
380 3659 537 3739 incipiens.
584 3657 805 3719 Dissimilitndo
829 3678 847 3716 a
871 3658 960 3737 priori
986 3667 1086 3718 tamen
1112 3658 1141 3718 in
1166 3676 1211 3729 eo,
1239 3658 1318 3736 qnod
1333 3659 1466 3721 effectus
1481 3680 1539 3723 non

169 3750 308 3830 jungitur
330 3750 423 3810 motui
447 3759 479 3809 et
502 3766 613 3808 causae
640 3747 756 3808 ratione
781 3747 938 3827 temporis,
963 3746 1016 3807 sed
1041 3746 1168 3807 discedit
1193 3747 1231 3807 nb
1257 3766 1307 3818 eo,
1333 3758 1364 3806 et
1389 3749 1541 3830 multipli-

174 3849 226 3899 cat
249 3846 386 3916 tempora
409 3835 691 3917 proportionaliter,
715 3836 907 3914 proportione
932 3835 1056 3903 iterum,
1086 3854 1161 3914 quae
1187 3836 1214 3895 iu
1248 3846 1356 3895 natura
1389 3838 1545 3900 invenitur

174 3938 205 3986 et
229 3927 298 3987 hnic
321 3928 412 3986 motui
437 3926 559 4005 propria
582 3936 651 3997 est;
675 3936 709 3983 ut
732 3943 789 4001 ego
813 3925 931 4002 quidem
955 3924 1060 4002 dirigo,
1087 3924 1135 3984 die
1159 3924 1187 3984 in
1212 3943 1321 3984 annum
1346 3935 1378 3985 et
1401 3944 1541 4005 quocun·

176 4033 232 4094 que
265 4023 401 4093 tempore
434 4026 503 4094 post
536 4025 656 4093 partum
689 4013 718 4073 in
744 4008 808 4074 365
832 4013 1031 4091 multiplicato
1064 4012 1092 4070 in
1117 4012 1261 4073 infinitum
1287 4032 1392 4092 usqne.
1443 4016 1540 4078 Pro-

175 4102 308 4164 fectio
341 4121 436 4182 neque
461 4103 539 4164 situs
562 4111 627 4173 est,
653 4120 748 4181 neque
773 4111 881 4167 motus,
906 4100 935 4160 in
959 4101 1088 4160 futurum
1113 4119 1253 4178 operans,
1277 4102 1361 4179 cujus
1386 4104 1417 4165 in
1442 4124 1542 4169 rernm

173 4202 281 4253 natura
305 4190 377 4252 nibil
401 4203 449 4254 est
472 4210 568 4271 neque
592 4191 688 4251 simile
713 4208 808 4268 neque
832 4188 1065 4268 porportionule.
1094 4220 1133 4228 -

264 4281 299 4342 In
324 4281 519 4360 sequentibus
543 4280 656 4340 transis
680 4288 713 4340 tu
737 4300 755 4339 a
779 4278 952 4338 defensione
986 4279 1025 4338 ad
1050 4277 1306 4356 impugnationem
1330 4297 1468 4341 mearum
1492 4281 1541 4343 di.

174 4370 350 4444 sectionum,
376 4382 548 4448 propterea‚
573 4369 652 4447 qnod
676 4368 822 4428 obscurus
847 4368 903 4428 sim
928 4368 956 4427 in
982 4367 1030 4427 iis.
1079 4366 1156 4426 Puto
1170 4386 1217 4425 me
1237 4367 1304 4443 jam
1320 4366 1369 4427 bic
1385 4387 1457 4430 esse
1472 4370 1540 4432 cla·

174 4461 292 4522 riorem.
318 4490 359 4500 -
384 4456 465 4528 Quid
489 4459 545 4518 boc
570 4456 613 4517 rei
637 4470 697 4528 est,
732 4457 811 4535 quod
835 4475 899 4516 rem
922 4456 1094 4525 obscuram,
1129 4474 1182 4515 nec
1211 4474 1334 4523 novam,
1365 4457 1422 4517 sed
1446 4478 1550 4537 qnam·

175 4562 298 4627 uterque
322 4548 437 4626 pridem
461 4565 564 4607 snmus
588 4547 737 4623 amplexi,
769 4560 800 4605 tu
825 4544 924 4623 potius
949 4545 993 4603 ris
1022 4556 1165 4622 tanquam
1187 4544 1362 4621 παραδοξω
1393 4548 1541 4621 retinere,

174 4654 265 4713 quam
288 4636 455 4696 confirmari
478 4632 653 4704 obscurius,
682 4653 737 4694 nec
760 4633 874 4712 pateris
898 4633 1114 4712 qualiacunque
1139 4632 1212 4701 dici,
1236 4652 1302 4693 cnm
1327 4634 1457 4696 useliora
1481 4654 1540 4699 ne·

174 4725 306 4800 queant?
351 4722 433 4785 Jnra
453 4722 573 4802 potins,
605 4731 637 4781 ut
661 4723 743 4783 clare
767 4723 937 4801 loquamur,
970 4742 1060 4800 qnam
1083 4732 1116 4781 nt
1138 4721 1214 4781 haec
1238 4722 1422 4799 supprimas.
1472 4724 1540 4787 Hoc

175 4822 276 4873 umen
306 4828 357 4873 sat
380 4812 478 4874 clare:
512 4811 544 4871 iu
572 4810 709 4872 omnibus
731 4812 823 4873 rebus
855 4809 924 4871 inde
956 4810 1169 4872 adirinitatis
1201 4811 1317 4887 origine
1349 4824 1400 4873 est
1433 4813 1542 4897 aliqua

844 4946 868 4987 s
