3428 5542
684 295 768 364 cna
784 297 854 350 m
1175 271 1176 274 ‘
1213 282 1217 288 ’
1392 300 1453 371 uo

89 459 256 516 extremam
284 462 317 518 et
343 455 474 518 mediam
500 456 648 519 rationem
676 458 752 520 secti
780 460 881 540 'majus
909 469 1097 539 segmentum
1125 461 1185 524 AD
1267 485 1314 536 ng.
1332 484 1365 529 ta.
1420 434 1425 442 .

89 548 138 603 est
165 541 245 605 latus
274 545 446 625 decanguli,
467 546 553 624 ,quod
584 546 680 608 eidem
709 547 765 610 AB
789 549 899 611 circulo
923 548 1044 610 inscribi
1067 558 1179 628 potest.

87 629 217 694 Juuctac
240 632 332 712 igitur
353 633 509 713 potentiae
528 632 584 696 Ac
604 635 680 696 radii
703 637 797 698 totius
821 644 852 698 et
878 636 936 698 AD
959 638 1081 716 majoris
1106 658 1180 718 seg·
1213 670 1230 718 Α

88 719 181 782 monti
203 720 305 801 hujus,
331 723 445 785 faciunt
470 723 635 801 potentiam
658 724 711 786 EF
734 724 838 787 lateris
862 726 1126 805 quinquangularis
1151 727 1180 788 iu
1228 565 1444 1002 Θ

1384 981 1401 1028 F

87 807 140 869 illo
173 808 285 872 circulo
318 808 421 889 (Eucl.
452 811 547 884 Xlll,
588 809 652 886 10).
701 810 789 881 Quod
823 832 888 874 cum
922 814 964 875 sit
995 815 1075 876 inter
1106 815 1181 877 duos
1430 766 1449 937 ζ

90 983 125 1049 11
150 994 182 1048 et
205 980 327 1066 16).·⁸)

88 896 234 961 icoaacdn·
268 899 410 978 angulos,
447 898 505 962 erit
537 898 638 978 utique
671 900 752 962 latus
784 902 933 963 icosaddri
966 902 1067 974 (Eucl.
1092 903 1180 978 Xlll,
1246 935 1261 979 ῃ

153 1074 330 1137 ¹Habemus
364 1074 462 1136 latera
490 1073 620 1137 omnium
648 1076 809 1155 figurarum
838 1076 866 1136 in
896 1078 1087 1155 proportione
1116 1079 1154 1139 ad
1185 1077 1255 1137 axin
1285 1077 1366 1139 orbis
1390 1076 1452 1138 cir·

85 1163 270 1242 cumscripti.
317 1162 460 1243 Sequitur
489 1170 522 1223 ut
544 1164 646 1225 radios
670 1165 845 1227 circulorum
869 1165 918 1244 qui
942 1165 1066 1227 basibus
1096 1165 1380 1228 circumscribuntur
1401 1164 1450 1225 in-

84 1252 272 1331 vestigemus
304 1270 343 1312 ex
367 1250 433 1331 jam
466 1251 546 1312 notis
570 1252 731 1315 lateribus:
774 1252 802 1313 id
837 1253 914 1333 quod
948 1253 1128 1316 adminiculo
1162 1253 1277 1316 sinuum
1307 1253 1450 1314 facillime

85 1347 265 1420 assequetur
283 1338 419 1420 quilibet,
439 1340 489 1419 qui
512 1341 675 1418 reputabit,
700 1340 747 1402 hic
772 1341 1017 1420 exquisitissimis
1042 1345 1175 1406 numeris
1200 1361 1257 1402 non
1273 1360 1348 1420 opus
1368 1359 1450 1402 asse.

84 1428 120 1493 Si
143 1436 245 1490 tamen
270 1427 358 1490 alicui
381 1429 483 1508 placet
506 1429 696 1491 artificiosius
722 1429 874 1503 laborare,
909 1431 936 1492 ei
961 1432 1158 1494 fundamenta
1188 1430 1230 1493 rai
1262 1449 1299 1490 ex
1322 1429 1449 1492 Euclide
1562 1418 1579 1429 ⁰

86 1535 244 1598 apponam.
284 1513 360 1579 Cum
374 1516 466 1596 igitur·
480 1524 544 1578 tres
559 1519 667 1580 saltem
684 1519 796 1580 formae
818 1519 879 1579 sint
894 1518 1019 1589 basium,
1044 1521 1205 1597 triangula,
1232 1518 1450 1598 quadrangulo,

86 1606 328 1687 quinquangula:
362 1605 389 1666 in
419 1605 652 1682 triangularibus
682 1607 800 1685 quidem
830 1607 910 1668 latus
936 1607 994 1668 GH
1019 1609 1083 1688 (fig.
1108 1608 1174 1681 18.)
1198 1612 1300 1687 potest
1327 1606 1449 1685 triplum

84 1693 216 1776 quaesiti
240 1693 314 1755 radii
338 1694 399 1768 Hl,
423 1713 477 1773 per
503 1692 552 1756 12.
579 1714 669 1774 saepe
693 1696 834 1773 allegati:
865 1697 893 1757 in
918 1696 1065 1774 quadrato
1090 1699 1171 1759 latua
1201 1704 1304 1776 potest
1328 1695 1448 1773 duplum

85 1782 214 1864 quaesiti
238 1783 329 1844 radii:
353 1783 382 1844 in
408 1781 628 1863 quinquangulo
644 1783 769 1863 denique
786 1783 845 1844 GH
866 1784 970 1845 lateris
994 1795 1026 1846 et
1040 1787 1100 1847 KH
1123 1787 1197 1848 sub·
1275 1808 1322 1858 ra.
1337 1776 1394 1847 tos

83 1872 237 1933 tendentis
262 1871 416 1943 (datarum
441 1871 600 1945 linearum)
620 1872 745 1950 junctae
768 1873 922 1950 potentiae
950 1882 1077 1952 possunt
1101 1875 1189 1956 quiu—
1329 1875 1353 1921 u

84 1961 201 2040 tuplum
224 1959 299 2022 radii
315 1960 359 2022 ΠΙ
384 1961 523 2040 quaesiti,
548 1980 601 2040 per
615 1956 645 2022 4.
671 1961 779 2022 decimi
805 1962 901 2040 quarti
918 1964 1081 2025 secundum
1096 1962 1189 2026 Cam·
1216 1929 1334 2054 as
1345 1930 1433 2074 X

83 2067 204 2128 panum.
256 2048 409 2110 Habemus
448 2049 548 2110 radios
582 2051 756 2111 circulorum
793 2051 823 2111 in
861 2050 983 2111 basibus
1023 2053 1050 2113 in
1086 2053 1191 2113 eadem

83 2139 287 2217 proportione,
311 2157 370 2217 qua
394 2138 500 2198 latera.
1227 2065 1261 2291 κ

173 2226 347 2289 Subtractis
379 2226 470 2306 igitur
502 2225 646 2308 potentiis
678 2225 828 2287 radiorum
865 2227 901 2286 de
938 2230 1075 2305 potentia
1107 2230 1191 2289 sinus

83 2316 187 2389 totius,
220 2316 269 2394 qui
291 2327 350 2402 est
379 2315 534 2395 quantitas
563 2314 779 2376 semidiametri
812 2315 875 2375 sive
904 2316 980 2377 radii
1003 2317 1032 2376 in
1061 2318 1190 2377 circum·
1256 2304 1384 2351 ἵν

83 2404 213 2486 scripto,
248 2403 406 2465 restabunt
433 2412 466 2465 ut
496 2423 588 2482 supra
619 2404 778 2482 probatum
809 2412 858 2463 est
890 2405 1046 2482 potentiae
1075 2405 1224 2466 radiorum
1251 2425 1324 2485 quos
1350 2425 1444 2486 quae-

82 2493 191 2564 rimus,
220 2492 430 2570 inscriptorum
459 2493 575 2554 scilicet
604 2492 728 2553 orbium.
778 2489 970 2553 Corunrodius
1004 2504 1103 2554 tumen
1133 2503 1164 2554 et
1193 2494 1311 2555 facilius
1339 2495 1444 2568 uteris,

83 2590 117 2643 ut
140 2581 216 2654 dixi,
239 2580 373 2643 sinubus.

172 2669 233 2731 Sed
258 2669 306 2730 hic
329 2688 425 2749 neque
450 2669 511 2730 alia
534 2670 679 2748 quaedam
704 2669 923 2749 praetereunda
946 2661 1137 2749 compendia,
1163 2692 1199 2733 ne
1223 2670 1344 2731 nimium
1369 2688 1444 2749 ope·

83 2777 151 2821 rose
174 2757 354 2821 laboremus.
402 2758 533 2819 Primum
558 2759 644 2819 orbes
669 2758 805 2837 inscripti
830 2757 1017 2819 dodecaedro
1044 2767 1075 2818 et
1093 2759 1250 2821 icosabdro
1271 2767 1342 2819 suut
1360 2760 1443 2838 ejus-

80 2847 149 2909 dem
179 2846 400 2927 amplitudinis,
430 2847 456 2907 si
483 2846 596 2926 figurae
626 2846 721 2908 eidem
744 2845 807 2908 orbi
835 2845 1046 2909 inscribantur.
1096 2848 1217 2911 Habent
1241 2849 1319 2909 enirn
1351 2843 1442 2933 bases

79 2935 233 3016 utriusque
262 2936 375 3015 figurae
403 2935 528 2998 eundem
558 2936 674 2996 radium
698 2936 797 3009 OEucl.
823 2935 911 3005 XIV,
936 2933 982 3009 2).
1029 2936 1112 2997 Idem
1138 2938 1285 3018 judicium
1314 2944 1380 2998 esto
1405 2936 1442 2997 de
1532 2993 1537 3002 .

78 3024 154 3106 cubo
179 3032 210 3086 et
233 3025 387 3087 occasuro.
435 3024 514 3085 Nam
539 3025 604 3085 axis
626 3033 730 3104 potest
753 3024 875 3102 triplum
898 3024 993 3085 cubici
1023 3026 1147 3102 lateris,
1179 3035 1210 3088 et
1238 3026 1294 3086 hoc
1318 3024 1441 3103 duplum

54 3113 156 3176 ·radii
180 3113 210 3175 in
234 3113 315 3187 basi,
346 3132 417 3194 ergo
441 3113 508 3173 axis
532 3122 636 3191 potest
658 3113 838 3192 sextuplum.
852 3113 928 3175 radii
957 3114 986 3174 in
1011 3114 1092 3175 basi:
1123 3116 1151 3176 in
1175 3115 1321 3176 octaedro
1345 3106 1439 3175 vicis-

78 3201 137 3263 sim
160 3201 227 3264 axis
250 3209 354 3281 potest
376 3202 498 3280 duplum
523 3202 641 3274 lateris,
672 3211 704 3264 et
726 3202 783 3262 hoc
806 3201 926 3279 triplum
952 3201 1028 3263 radii
1057 3203 1084 3263 in
1113 3204 1190 3265 basi.
1238 3204 1346 3264 Potest
1369 3220 1441 3282 ergo

79 3291 171 3352 etiam
203 3290 251 3352 hic
280 3290 347 3350 axis
377 3290 546 3369 sextuplum
570 3291 656 3352 radii.
704 3288 780 3352 (lum
804 3309 875 3369 ergo
908 3290 949 3350 sit
973 3311 1010 3351 ex
1042 3291 1201 3373 hypothesi
1232 3292 1310 3352 idem
1338 3290 1441 3353 radius

78 3379 370 3458 circumscriptorum
400 3380 464 3440 aive
493 3378 551 3440 ΗΟ
576 3380 640 3458 (fig.
669 3377 723 3451 18)
748 3379 846 3457 sitque
878 3378 956 3440 idem
985 3379 1076 3441 etiam
1106 3382 1208 3442 radius
1238 3380 1356 3441 basium
1385 3379 1439 3452 Hl,

78 3476 110 3530 et
130 3466 203 3529 1110
227 3487 345 3547 semper
368 3476 484 3528 rectus:
510 3486 582 3546 ergo
606 3468 697 3529 etiam
721 3469 824 3528 radius
848 3467 1066 3547 inscriptorum,
1093 3471 1213 3531 tertium
1235 3487 1340 3547 nempe
1360 3468 1441 3528 latus

78 3555 138 3629 01,
164 3557 244 3619 idern
268 3557 325 3618 erit
350 3556 450 3627 (Eucl.
471 3557 495 3631 l,
521 3553 563 3618 26
588 3560 700 3629 coum).
750 3554 851 3626 Quare
876 3556 988 3618 habitis
1008 3558 1074 3618 cubi
1100 3566 1131 3618 et
1155 3557 1303 3619 icosaedri
1329 3556 1439 3617 inscri-

77 3646 149 3726 ptis,
174 3646 213 3706 de
237 3647 381 3706 octaedro
406 3653 438 3706 et
462 3644 650 3707 dodecaddro
676 3643 748 3705 nihil
773 3663 847 3723 opus
871 3644 1029 3724 inquirere.

167 3734 283 3795 Deinde
314 3734 344 3795 in
367 3733 443 3794 cubo
472 3753 538 3795 cum
568 3734 665 3813 ipsum
689 3735 769 3794 latus
793 3733 835 3794 sit
858 3734 985 3814 altitudo
1014 3734 1142 3814 figurae,
1177 3731 1331 3795 dimidium
1355 3732 1436 3811 latus

77 3822 202 3884 dimidia
224 3822 282 3884 erit
305 3821 448 3895 altitudo,
483 3841 588 3901 nempe
613 3823 692 3884 linea
715 3828 896 3883 connectens
919 3831 1034 3884 centra
1054 3823 1166 3902 figurae
1191 3830 1224 3881 et
1247 3821 1337 3883 basis.
1384 3818 1436 3880 Nil

76 3912 267 3992 igitur‘opus
292 3911 485 3991 inquisitione
510 3911 585 3972 radii
611 3911 640 3972 in
665 3911 741 3972 basi.

165 3999 267 4062 Tertio
291 4000 428 4062 octaedri
452 4008 483 4060 et
505 4000 671 4080 pyramidis
696 3999 864 4079 aequalium
894 4001 1019 4061 laterum
1052 4007 1101 4059 est
1125 3999 1230 4059 eadem
1256 3995 1396 4057 altitudo.
1409 3999 1436 4068 ⁸)

76 4087 200 4160 Quanto
225 4089 322 4168 majus
346 4088 439 4168 igitur
463 4089 542 4149 latus
566 4089 746 4170 pyramidis,
772 4096 857 4150 trunto
882 4089 971 4150 altior
1002 4089 1094 4149 etiam
1118 4087 1184 4165 ipsa
1207 4087 1312 4164 figura.
1360 4084 1438 4145 ltem

75 4177 240 4240 octaedron
265 4185 296 4239 et
317 4178 451 4259 pyramis
471 4177 561 4255 duplo
585 4178 730 4257 majorum
759 4179 885 4239 laterum
913 4177 1026 4238 habent
1050 4175 1177 4236 eundem
1201 4173 1302 4234 orbem
1325 4171 1436 4232 inscri-

75 4273 170 4345 ptum.
218 4266 296 4328 Nam
320 4265 453 4349 pyramis
477 4265 502 4326 si
527 4276 646 4328 secetur
669 4267 776 4326 mediis
797 4267 955 4337 lateribus,
982 4263 1113 4326 concidit
1136 4263 1165 4323 in
1190 4268 1318 4341 quatuor
1340 4277 1436 4341 pyra-

75 4356 173 4438 midas
206 4363 239 4416 et
268 4355 431 4417 octaddrou
462 4374 550 4416 unum
584 4355 673 4434 duplo
702 4355 846 4416 minorum
873 4356 1011 4417 laterum.
1061 4350 1195 4429 Cumque
1219 4347 1352 4430 pyramis
1376 4348 1434 4408 ha-

75 4436 148 4506 beat
175 4451 304 4524 quatuor
336 4444 450 4517 facies,
485 4443 557 4505 nulli
586 4462 688 4506 earum
716 4453 836 4504 resecta
864 4444 995 4524 pyramis
1025 4442 1120 4502 minor
1153 4437 1260 4498 adimit
1289 4444 1435 4508 centrum,

76 4540 181 4614 utpote
209 4533 288 4613 quod
312 4533 446 4594 sections
480 4533 567 4611 longe
592 4532 714 4593 inferius
739 4539 802 4593 est:
834 4541 936 4593 manet
965 4530 1055 4605 igitur
1084 4529 1112 4588 in
1141 4526 1285 4588 octaedro
1311 4532 1434 4585 exsecto

76 4621 158 4682 orbis
182 4620 354 4700 inscriptus,
380 4620 503 4701 antiqua
526 4629 654 4700 quatuor
677 4629 782 4682 centra
805 4630 837 4682 et
850 4640 904 4699 per
919 4615 1121 4678 definitionem
1136 4613 1435 4698 regularis-corporis

76 4710 169 4771 etiam
191 4727 271 4770 nova
294 4718 421 4790 quatuor
444 4728 481 4769 ex
506 4710 639 4770 sectione
663 4709 839 4771 accedentia
866 4707 951 4769 simul
977 4713 1116 4782 tangens.
1163 4701 1235 4764 Sive
1260 4702 1353 4780 igitur
1375 4719 1433 4782 py-
