3428 5542
497 330 500 335 '
613 403 615 407 y
714 330 797 396 Caput
814 330 881 382 m
1417 332 1478 398 179

118 485 262 565 Keplere,
292 479 437 568 qnantum
460 488 539 550 inter
562 506 595 550 se
620 489 788 552 dissideant
810 498 909 552 motus
932 498 965 551 et
993 509 1145 570 corpora,
1162 490 1219 552 hoc
1243 498 1291 553 est
1314 492 1479 554 distantiae

118 574 255 654 utrinque
280 584 463 639 exstructae.
511 575 612 648 Quare
635 578 746 640 nudum
769 580 850 641 hosti
874 579 955 641 latus
979 578 1104 659 objicis,
1131 580 1191 641 imo
1219 588 1250 642 te
1274 580 1372 660 ipsum
1395 580 1477 657 feris,
1529 625 1535 642 .

119 681 174 723 uec
197 681 272 743 opus
296 665 394 727 alieno
414 667 553 746 jugulare
576 667 687 744 gladio.
1239 730 1241 735 .

206 752 263 814 His
286 753 379 835 igitur
401 763 435 816 ut
458 756 671 835 respondeam,
700 756 824 837 primurn
848 756 965 817 invecto
989 756 1157 831 rationem,
1184 764 1217 818 et
1239 757 1389 836 ipsorum,
1419 757 1479 827 imo

118 841 248 906 uranium
271 843 391 922 appello
410 843 558 923 judicium
582 851 612 905 et
636 845 869 919 conscientiam3
899 852 997 907 utrum
1026 852 1235 924 argumentum
1261 854 1370 924 putent
1398 845 1477 909 veri-

119 930 247 993 similius
271 948 357 1007 esse,
391 951 462 994 num
485 933 612 995 alterum
641 935 678 994 de
707 933 898 1012 corporibus,
931 952 970 995 an
999 933 1055 994 hoo
1079 933 1116 994 de
1139 942 1233 996 motu.
1278 934 1384 1013 Neque
1408 934 1478 997 mibi

117 1019 274 1100 probabile
297 1029 354 1095 est,
380 1039 560 1101 quemquam
583 1023 674 1084 aliter
697 1023 853 1096 dicturum,
878 1040 968 1102 quam
992 1022 1068 1083 hanc
1091 1030 1224 1085 motuum
1248 1023 1285 1083 ad
1310 1024 1398 1085 orbes
1422 1043 1476 1085 ac-

117 1109 389 1171 commodationem
422 1111 583 1171 admodum
616 1110 792 1173 concinnam
828 1129 897 1172 esse
937 1119 1027 1189 atque
1070 1110 1245 1173 admirabile
1276 1111 1332 1172 Dei
1364 1109 1477 1191 opificis

116 1219 299 1285 χειροργημα.
334 1197 464 1260 Proinde
488 1199 514 1260 si
538 1199 675 1261 alterutri
696 1208 871 1279 argumento
891 1200 966 1260 fides
987 1199 1127 1261 habenda
1145 1200 1196 1272 sit,
1220 1198 1288 1262 huic
1311 1217 1385 1279 prae
1407 1219 1477 1263 cor·

115 1286 239 1366 poribus
270 1287 506 1367 astipulatum,
532 1296 677 1368 tanquam
704 1290 747 1350 rei
776 1288 873 1368 magis
897 1288 1048 1349 evidenti:
1083 1287 1220 1368 quamvis
1243 1289 1357 1351 numeri
1381 1289 1478 1352 adbuc

117 1376 304 1454 aliquantum
327 1397 346 1436 a
370 1375 585 1455 Copemicanis
610 1377 792 1456 discrepent.
832 1374 969 1446 Quodsi
993 1376 1108 1438 obtinui
1132 1376 1255 1440 lectoris
1279 1377 1477 1451 confessione,

118 1473 186 1525 utar
212 1483 266 1546 pro
295 1465 520 1527 confirmatione
549 1485 705 1545 corporum
729 1475 760 1527 et
784 1465 977 1527 excusatione
1002 1465 1171 1527 discordiae
1204 1465 1302 1541 illins,
1336 1474 1371 1527 ut
1403 1486 1478 1547 quae

117 1553 219 1614 multis
241 1554 379 1632 partibus
403 1554 499 1615 minor
523 1563 587 1625 est,
613 1574 701 1634 quam
725 1555 799 1616 haec
823 1554 852 1614 iu
877 1561 958 1615 motu
982 1553 1181 1615 dissonantia.
1228 1554 1309 1616 Nam
1333 1555 1358 1617 si
1383 1555 1479 1618 lector

115 1642 163 1703 hic
187 1650 311 1722 propter
335 1643 569 1705 concinnitatem
593 1643 706 1705 inventi
730 1661 870 1724 magnum
893 1661 1024 1704 errorem
1047 1642 1176 1704 libenter
1199 1641 1378 1714 dissimulat,
1402 1662 1477 1722 par-

114 1749 185 1791 vum
208 1731 270 1793 illic
293 1730 424 1793 errorem
448 1732 537 1812 louge
562 1732 680 1794 facilius
704 1730 856 1793 tolerabit.
904 1729 1075 1795 Diversitas
1104 1731 1182 1793 enim
1209 1731 1262 1792 illa
1290 1751 1382 1810 penes
1407 1751 1476 1795 cor-

114 1838 190 1898 pora
213 1821 359 1882 calculum
383 1820 615 1883 astronomicum
639 1820 711 1881 nihil
736 1821 895 1882 admodum
925 1820 1048 1882 turbat:
1079 1820 1141 1882 ista
1164 1838 1235 1882 vero
1259 1840 1352 1901 penes
1377 1829 1477 1884 motus

114 1909 205 1987 paulo
229 1909 299 1989 quid
322 1911 418 1990 majus
440 1909 542 1972 insert
589 1911 690 1989 Atque
715 1909 771 1971 hoo
794 1909 920 1988 primum
944 1916 1011 1982 est;
1034 1909 1127 1988 plaga
1148 1928 1255 1990 nempe
1281 1910 1424 1988 reposita.

205 1998 324 2060 Deinde
348 2017 414 2060 cum
439 2016 566 2078 corpora
589 1999 769 2060 dissentiant
794 2018 813 2057 a
841 1995 1035 2080 mutibusl),
1069 2008 1103 2059 ut
1129 2017 1200 2063 vere
1227 1998 1300 2059 mihi
1328 1998 1476 2077 objicitur,

116 2086 204 2147 fateri
228 2086 332 2166 ntique
355 2106 464 2167 cogor,
499 2087 661 2149 alterutros
691 2087 719 2147 in
751 2106 851 2147 errore
875 2086 999 2148 versari.
1049 2087 1254 2149 Veruntamen
1279 2105 1409 2149 errorem
1434 2087 1479 2149 ita

115 2175 315 2238 demonstrari
338 2195 428 2255 posse
453 2172 613 2248 existimo,
635 2183 669 2237 ut
692 2185 828 2236 nentrum
852 2175 1005 2237 inventum
1029 2176 1138 2255 (neque
1164 2175 1200 2246 de
1224 2183 1358 2237 motuum
1382 2195 1477 2257 neque

115 2266 151 2325 de
176 2264 290 2327 orbium
313 2263 522 2346 proportione)
550 2265 670 2346 penitus
695 2265 860 2344 relinquere
885 2283 1009 2326 necesse
1033 2265 1083 2325 sit.
1098 2267 1123 2338 ⁰)
1169 2260 1279 2327 Utrum
1303 2274 1404 2326 autem
1427 2265 1476 2326 in·

114 2363 270 2415 ventorum
293 2354 324 2415 iu
349 2355 438 2434 culpa
461 2354 511 2424 sit,
537 2372 574 2414 ex
598 2354 799 2433 superioribus
824 2353 912 2414 facile
935 2361 983 2414 est
1001 2353 1159 2432 conjicere.
1198 2353 1332 2414 Primum
1356 2353 1476 2415 distan-

116 2443 178 2504 tiae
202 2442 349 2505 motoriae
368 2443 492 2521 lougius
517 2461 535 2503 a
559 2439 773 2522 (lopemicauis
798 2443 954 2516 recedunt,
985 2461 1073 2522 quam
1097 2440 1247 2521 figurales.
1295 2435 1427 2514 D'einde,
1448 2441 1477 2503 si

114 2530 259 2593 motorias
275 2549 340 2593 oum
356 2529 572 2612 Cupernicanis
588 2533 736 2604 conferas,
753 2531 888 2609 singulas
905 2549 971 2591 cum
988 2528 1124 2609 singulis,
1141 2528 1336 2610 defectusque
1356 2528 1475 2592 adscri-
1556 2577 1559 2584 .

114 2621 179 2693 bas,
203 2620 321 2683 videbis
344 2620 473 2700 aliquam
498 2620 669 2682 defectuum
693 2639 758 2680 oum
782 2619 857 2697 ipsis
880 2618 1010 2680 numeris
1034 2628 1124 2700 atque
1149 2618 1225 2681 adeo
1250 2636 1317 2680 cum
1339 2617 1475 2698 corpori-
1528 2685 1535 2695 ,

115 2711 170 2770 bus
195 2708 417 2790 cognationem,
442 2717 655 2790 praeterquam
678 2710 707 2770 in
731 2708 892 2770 Mercurio.
939 2708 1040 2769 Ecce:
1157 2764 1159 2768 Α

464 2849 591 2930 Cuperu.
619 2849 769 2912 Motoriae
814 2849 1011 2912 Differentiae

375 2936 396 3008 b
446 2939 477 3014 ll
522 2937 587 3003 572
677 2935 743 3002 574
834 2935 876 3018 4-
923 2936 943 3000 2
1034 2937 1136 3001 Cubus

371 3027 401 3103 ll
451 3036 476 3098 ὁ
522 3025 588 3091 290
678 3024 743 3090 274
834 3061 876 3074 -
904 3025 943 3090 16
1034 3028 1232 3088 Tetraedron.

370 3125 397 3188 ὁ
448 3120 473 3193 6
520 3113 587 3180 658
677 3113 742 3180 694
833 3114 875 3194 -l-
901 3110 944 3178 36
1034 3116 1262 3183 Dodecatdron.

372 3209 397 3282 ὅ
446 3206 471 3279 Ω
520 3203 584 3269 719
675 3202 743 3268 762
833 3205 876 3284 -l-
900 3202 943 3267 49
1033 3205 1228 3267 Icosaedron.

371 3294 396 3368 Q
449 3299 470 3370 ζὲ
519 3293 583 3359 500
675 3292 739 3358 563
831 3294 874 3373 «Ι-
898 3290 941 3356 63
1033 3293 1218 3357 Octabdron.

444 3380 581 3447 ve1559
829 3379 871 3462 -l-
918 3380 938 3445 4

200 3505 273 3567 Plus
297 3506 415 3568 scilicet
437 3507 467 3567 in
491 3513 630 3587 quatuor,
654 3504 752 3566 minus
775 3505 805 3566 in
830 3506 942 3585 quinto.
981 3506 1061 3568 Nam
1079 3524 1118 3567 ex
1137 3512 1275 3585 quatuor,
1300 3508 1370 3569 bina
1392 3529 1475 3572 sem-

112 3613 165 3673 per
188 3612 314 3673 corpora
338 3604 408 3657 sunt
431 3596 551 3668 similia,
577 3595 711 3675 quintum
733 3595 902 3657 solitarium
927 3603 984 3657 est.
1017 3595 1135 3656 Deinde
1152 3595 1344 3670 Mercurium,
1370 3606 1405 3658 ut
1426 3607 1476 3658 est

113 3683 224 3758 varius,
247 3684 278 3744 in
302 3684 437 3746 ordinem
456 3680 562 3765 'redige
587 3695 618 3746 et
641 3685 751 3763 cogita,
777 3685 887 3745 debere
911 3684 1024 3764 aliquid
1047 3683 1140 3745 altius
1164 3684 1264 3744 media
1287 3685 1367 3746 orbis
1392 3687 1474 3764 spis-

112 3771 242 3833 situdine
264 3789 319 3851 pro
343 3774 443 3836 media
466 3775 613 3836 distantia
634 3773 769 3847 censeri,
795 3781 913 3834 tantum
937 3790 1059 3850 nempe,
1089 3779 1219 3851 quantus
1244 3781 1291 3833 est
1315 3774 1396 3835 orbis
1420 3793 1474 3836 oc-

111 3859 210 3922 taedri
224 3858 262 3936 l),
288 3863 383 3944 (quod
406 3881 498 3942 snpra
521 3863 664 3924 audivisti
687 3861 787 3923 media
806 3861 1002 3941 spissitudine
1018 3861 1147 3941 amplius
1162 3864 1246 3934 esse)
1270 3870 1303 3923 et
1326 3862 1475 3926 obtinebit

110 3968 165 4029 pro
189 3950 288 4012 media
311 3952 459 4014 distantia
481 3949 566 4026 559,
595 3971 654 4013 uon
683 3948 758 4014 500.
805 3952 873 4012 Erit
894 3951 986 4030 igitur
1013 3949 1061 4011 hic
1090 3950 1163 4010 ordo
1192 3951 1255 4030 ejus
1288 3971 1474 4015 numerorum

112 4044 152 4115 ὅ,
177 4041 218 4116 Q:
244 4036 325 4121 559,
348 4036 412 4104 563
437 4038 495 4120 (-Ι-
519 4037 565 4114 4).
613 4040 693 4101 Ecce
717 4041 746 4102 in
770 4037 806 4115 ᾗ,
830 4039 875 4114 ll,
900 4048 933 4101 et
957 4038 997 4112 9,
1022 4039 1253 4117 §differentias
1278 4041 1406 4103 nriuores
1429 4061 1472 4105 sc.

110 4127 140 4203 2,
162 4126 193 4202 4,
219 4128 249 4190 in
267 4136 302 4203 d,
327 4131 364 4206 ὅ,
390 4131 416 4206 ὅ
436 4129 462 4204 Ω
481 4131 622 4210 majores
647 4148 689 4190 sc.
707 4125 760 4203 36,
780 4125 833 4206 43,
858 4130 938 4191 sicut
959 4129 1123 4207 interjecta
1146 4147 1272 4207 corpora
1295 4130 1357 4192 illic
1380 4131 1474 4193 cubus
1577 4151 1580 4155 ’

111 4226 142 4278 et
166 4219 345 4293 octaedron,
370 4219 418 4281 hio
442 4220 651 4302 dodecaddron
676 4228 707 4282 et
730 4219 905 4280 icosaedron
931 4227 1001 4298 sunt
1025 4217 1144 4279 similia.
1190 4218 1233 4280 Et
1256 4219 1473 4296 animadverte,

112 4307 189 4387 quod
213 4304 285 4379 illic,
307 4307 358 4369 ubi
381 4326 492 4389 magna
516 4309 687 4371 differentia
710 4315 759 4367 est
779 4308 989 4387 inscriptorum
1009 4316 1041 4369 et
1055 4307 1354 4386 circumscriptorum,
1378 4324 1474 4387 parra

111 4403 160 4457 est
191 4395 361 4458 differentia
392 4398 623 4460 distantiarum:
656 4396 790 4458 vicissim
813 4397 863 4458 ubi
895 4398 1109 4475 propemodum
1141 4396 1283 4477 aequales
1317 4397 1472 4482 adscripti,

110 4502 219 4564 magno
243 4485 403 4548 intervallo
426 4487 577 4549 dissident
600 4486 765 4549 distantiae
789 4485 936 4546 motoriae
960 4507 979 4546 a
1002 4483 1229 4565 Copemicanis.

199 4572 278 4636 (lum
300 4574 392 4653 igitur
414 4576 444 4636 in
469 4576 588 4637 defectu
612 4576 669 4637 boc
693 4575 734 4636 sit
757 4575 905 4654 quaedam
930 4574 1113 4655 aequalitas,
1143 4582 1175 4636 et
1198 4592 1268 4634 vero
1292 4573 1365 4635 nihil
1389 4572 1472 4635 ordi-

111 4669 214 4725 natum
230 4663 355 4726 fortuito
370 4664 499 4739 aecidat,
524 4664 592 4725 ideo
608 4663 808 4743 cogitandum,
833 4683 971 4725 numeros
995 4664 1086 4724 hosce
1110 4663 1148 4723 ad
1172 4662 1331 4724 raritatem
1355 4661 1472 4741 quidem

112 4753 258 4827 alludere,
283 4745 411 4816 nondur'n
435 4762 536 4816 tamen
561 4772 627 4814 eam
650 4754 769 4831 penitus
795 4760 962 4814 assecutos.
1000 4753 1116 4830 Nempe
1141 4751 1170 4812 iu
1195 4751 1260 4830 ipso
1284 4751 1473 4813 theoremate

111 4841 209 4906 adbuc
233 4843 332 4907 limari
355 4843 426 4926 quid
447 4851 552 4926 potest
565 4846 611 4918 ⁰):
646 4851 698 4904 aut
731 4843 887 4904 theorema
920 4841 1038 4922 quidem
1071 4848 1152 4902 recte
1186 4839 1296 4913 babet,
1330 4839 1386 4901 sed
1409 4840 1473 4920 ejus

1200 4939 1260 4995 12⁸
