3428 5542
664 311 747 379 ooo
762 311 829 366 xm.
848 311 929 367 nn.
1004 374 1007 379 ,

463 499 509 562 IN
532 496 672 563 CAPUT
694 497 936 564 VICESIMUM
957 500 1129 567 PRIMUM

571 686 574 695 ἢ
638 622 753 675 uorsa
774 622 952 677 sscronrs.

130 781 134 788 .
194 726 223 795 a)
244 729 426 801 Supervacua
448 729 510 800 jam
536 748 628 811 porro
641 738 685 786 est
713 733 784 787 liaeo
814 733 991 801 conjectatio.
1033 735 1108 789 Vera
1135 733 1208 789 enim
1222 733 1414 804 'proportione
1428 733 1476 803 nin·

112 817 208 877 venta,
228 811 258 866 in
278 827 334 882 qua
353 811 479 865 delectus
500 812 584 880 plane
605 812 707 876 nullus,
729 812 793 883 quid
814 813 878 867 mihi
900 831 970 885 opus
992 808 1037 870 est
1058 804 1281 869 falso‘dsleotut

193 886 226 959 b)
248 890 321 956 Quia
348 908 401 945 nec
430 908 547 961 oorpora
574 909 625 947 seu
648 894 757 964 figurae
787 894 865 947 solae
886 894 1007 950 formant
1033 895 1184 949 intervalla
1203 896 1394 964 planetarum,
1425 910 1478 950 noa

111 977 235 1029 motuum
255 971 323 1025 talis
342 971 371 1026 in
391 970 529 1025 individuo
551 978 595 1026 est
615 973 767 1043 proportio.
809 973 854 1027 lta
875 981 1020 1047 utrumque
1042 975 1071 1029 in
1092 990 1185 1028 erroro
1205 975 1381 1029 versabatur.

193 1047 219 1118 c)
244 1049 399 1106 Conciliato
419 1056 484 1105 sunt
504 1052 577 1106 inter
598 1070 628 1106 se
649 1052 720 1106 libro
742 1054 775 1106 V.
796 1052 1034 1110 Harmonioorum.
1127 1114 1129 1119 ,

193 1126 224 1202 d)
244 1131 339 1186 Posito
370 1132 436 1186 orbe
467 1131 602 1201 peribelio
624 1132 753 1195 Veneris,
785 1133 828 1186 cui
859 1136 1008 1190 octaedron
1038 1128 1206 1189 inscribatur
1234 1133 1357 1205 partium
1388 1133 1474 1197 1000,

112 1217 211 1267 centra
231 1211 355 1267 octaedri
377 1211 522 1266 distabunt
543 1228 560 1266 a
581 1219 676 1268 centro
698 1213 859 1282 systematis
884 1215 1014 1284 partibus
1038 1214 1108 1277 559.
1139 1231 1200 1268 oum
1220 1213 1351 1269 Mercurii
1372 1228 1478 1268 summa

112 1292 248 1347 distantis
270 1309 308 1346 ex
322 1289 473 1362 (lopernioo
497 1302 640 1361 promatur
655 1292 721 1357 723,
746 1292 836 1347 media
850 1294 917 1359 500,
939 1295 1034 1366 itaque
1057 1302 1197 1365 punctum,
1222 1294 1271 1348 ubi
1292 1293 1476 1350 terminantur

10 1439 13 1444 .
112 1379 208 1443 partes
234 1371 300 1434 559,
325 1377 370 1426 est
393 1370 502 1440 inipso
527 1372 619 1441 spatio
642 1390 692 1427 seu
717 1372 894 1444 spissitudine
919 1375 1007 1438 orbis;
1029 1381 1060 1429 at
1082 1392 1137 1429 non
1158 1375 1187 1428 in
1209 1374 1307 1438 medio,
1331 1375 1380 1429 sod
1401 1373 1476 1429 inter

112 1452 229 1507 mediam
252 1452 310 1506 500
334 1459 365 1504 et
384 1467 518 1506 summum
542 1451 609 1508 723.

192 1528 223 1600 e)
243 1533 304 1586 Hoc
317 1531 444 1608 nimirum
455 1531 604 1587 limandum
618 1538 688 1598 erat,
712 1533 919 1603 proportionem
934 1535 1053 1590 alteram
1067 1551 1128 1589 esse
1152 1535 1268 1591 alteriru
1283 1552 1337 1589 non
1352 1535 1473 1605 duplam,

112 1614 160 1667 sed
184 1612 405 1682 sesquialteram.

193 1688 221 1758 l)
245 1692 283 1746 Ut
305 1692 411 1746 clarum
433 1690 486 1745 feci
510 1691 596 1760 priori
621 1693 714 1760 capite
735 1692 763 1746 in
788 1693 1024 1748 annotationibus.

190 1767 225 1843 g)
249 1770 372 1826 Vidimus
395 1778 459 1842 post
474 1769 511 1825 22
527 1787 613 1825 annos
635 1778 665 1825 et
687 1771 778 1843 gavisi
798 1789 900 1838 sumus,
925 1774 1025 1828 saltem
1048 1789 1112 1844 ego,
1136 1781 1204 1845 puto
1220 1782 1250 1831 et
1263 1773 1429 1829 Maestlinus
1444 1779 1475 1829 ει

113 1852 221 1923 plurimi
246 1851 303 1917 alii,
329 1851 374 1922 qui
398 1852 447 1906 lib.
472 1852 505 1905 V.
531 1851 664 1905 Hermon.
689 1857 754 1905 sunt
777 1852 884 1916 lecturi,
907 1852 1058 1923 participes
1082 1861 1164 1908 erunt
1181 1855 1285 1926 gaudii.

192 1930 223 1998 h)
245 1933 291 1986 Ita
313 1931 485 1986 somniabam
509 1930 543 1984 de
564 1931 693 1996 veritate,
718 1931 816 2002 opinor
839 1932 910 1986 bono
925 1934 986 1987 Deo
1010 1933 1173 2003 inspirante.
1214 1930 1319 1989 Elioita
1341 1941 1394 1998 est,
1417 1950 1473 1989 non

112 2013 176 2068 hino
191 2012 305 2082 quidem,
330 2015 379 2067 sed
401 2030 437 2067 ex
461 2011 618 2073 harmoniis,
642 2013 716 2067 ratio
738 2012 982 2076 eooentrieitatum,
1012 2014 1058 2066 sed
1082 2018 1176 2068 tamen
1196 2015 1334 2069 mediante
1357 2014 1409 2068 hoo
1432 2013 1472 2068 in·

111 2100 209 2154 vento;
233 2109 285 2146 neo
306 2091 375 2146 illud
399 2098 465 2146 ante
488 2091 546 2146 lieri
570 2091 670 2162 potuit,
696 2107 777 2162 quam
800 2092 852 2147 hoo
875 2094 1048 2147 emendatum
1070 2093 1232 2149 haberetur.
1273 2096 1344 2148 Nam
1367 2094 1414 2148 lib.
1437 2093 1470 2148 V.

112 2175 207 2229 Herm.
222 2188 284 2242 eap.
301 2171 327 2226 3.
342 2172 454 2242 ponitur
468 2171 541 2226 inter
554 2171 690 2242 principia
704 2173 945 2227 demonstrationis
960 2172 1030 2226 haec
1044 2173 1232 2243 sesquialtera
1245 2173 1395 2245 proportio.
1436 2215 1439 2219 .

192 2248 215 2320 i)
238 2253 293 2306 Pro
313 2252 356 2306 his
378 2269 432 2306 non
455 2251 587 2321 perlectis
602 2252 758 2307 intervallis
777 2270 813 2307 ex
829 2252 980 2323 (lopernioo
1000 2252 1088 2306 babes
1103 2255 1198 2309 Harm.
1214 2253 1262 2309 lib.
1277 2255 1311 2308 V.
1326 2252 1471 2323 perfectis·

112 2334 182 2388 sima
195 2351 233 2388 ex
246 2333 417 2387 astronomia
429 2349 481 2402 per
495 2332 704 2386 obseruationes
719 2333 882 2387 Braheanas
897 2338 1066 2387 restaurata

191 2409 226 2483 ls)
249 2413 367 2467 Rursum
381 2412 551 2466 somniabam
565 2413 599 2465 de
613 2411 742 2468 veritate.
776 2412 846 2466 Vide
863 2415 1038 2468 emendatum
1052 2413 1158 2466 modum
1173 2412 1246 2465 huno
1260 2411 1308 2465 lib.
1326 2411 1358 2464 V.
1374 2410 1469 2466 Herm.

112 2509 173 2563 cap.
190 2494 217 2548 9.
232 2510 311 2564 prop.
326 2494 374 2548 46.
390 2492 438 2547 47.
454 2491 501 2547 48.
518 2492 565 2546 49.
1026 2528 1032 2541 .

191 2570 214 2638 1)
239 2573 331 2626 Cubus
345 2571 515 2627 exteriorum
538 2577 568 2625 et
591 2573 740 2625 octaedron
759 2570 918 2626 interiorum
941 2570 1056 2626 ultimae
1075 2569 1208 2634 similiter,
1233 2570 1259 2624 id
1283 2575 1327 2622 est
1340 2573 1470 2639 penetra·

111 2653 167 2708 tire
190 2654 336 2715 intersunt,
362 2657 393 2705 at
416 2669 470 2705 non
493 2651 567 2706 inter
580 2650 683 2706 medias
699 2650 855 2715 distantias,
877 2650 987 2705 nimium
1007 2652 1068 2706 hoc.
1096 2651 1160 2704 Duo
1175 2668 1240 2705 vero
1254 2648 1395 2712 interiora,
1423 2648 1471 2703 do·

42 2758 45 2762 ⁴
111 2735 265 2787 deosedroo
279 2737 309 2784 et
322 2731 493 2793 icosaddron,
508 2730 617 2793 similia,
632 2747 739 2785 rursum
753 2731 892 2795 similiter,
908 2731 935 2784 id
949 2736 993 2784 εει
1007 2730 1155 2794 defective,
1176 2737 1207 2784 at
1221 2748 1276 2784 non
1289 2729 1362 2783 inter
1375 2734 1469 2783 extre·

110 2828 180 2867 marn
195 2819 225 2866 et
238 2811 362 2873 mediam,
387 2826 494 2865 rursum
517 2812 570 2864 hoo
584 2811 694 2865 nimium
708 2817 762 2865 est.
799 2811 970 2866 Tetreeoron
984 2828 1050 2865 sero
1070 2810 1177 2864 omnino
1197 2827 1247 2864 suo
1261 2809 1361 2865 fruitur
1384 2807 1469 2863 etiarn
1487 2814 1492 2821 “

27 2952 32 2959 ,
109 2893 153 2947 hic
169 2891 325 2963 privilegio,
351 2891 521 2963 interestque
541 2891 617 2953 inter
640 2897 780 2944 extremas
804 2891 968 2945 distantias:
993 2889 1072 2945 imam
1095 2890 1181 2954 Jovis,
1207 2907 1337 2945 summam
1358 2887 1467 2944 Martis.

110 2974 169 3027 Hoc
183 2972 222 3025 sio
236 2988 298 3025 esse
312 2973 414 3026 debere
428 2971 614 3025 demonstravi
628 2970 861 3041 propositionibus
871 2972 932 3040 jam
947 2971 1088 3042 allegatis.

189 3053 307 3107 Ceterae
329 3051 481 3106 errantium
495 3067 668 3104 numerorum
682 3053 717 3104 ad
731 3050 879 3106 veritatem
894 3051 1053 3116 allusiones,
1076 3068 1144 3122 quas
1164 3049 1267 3123 passim
1282 3049 1386 3121 allego,
1412 3048 1466 3103 lor·

109 3133 198 3188 tultae
212 3137 286 3194 sunt,
310 3150 361 3186 neo
375 3131 486 3203 dignae,
509 3146 580 3200 quae
594 3130 787 3193 excutiantur;
809 3131 949 3200 jucundae
964 3140 1059 3186 tamen
1072 3131 1138 3186 mihi
1154 3129 1308 3202 recognita,
1332 3128 1397 3200 quia
1410 3145 1467 3182 mo·

108 3219 191 3279 nent,
215 3213 313 3283 quibus
336 3211 500 3275 maeandris,
525 3227 638 3281 quorum
660 3211 799 3280 parietum
821 3213 983 3282 palpatione
1005 3229 1055 3282 per
1076 3213 1207 3267 tenebras
1231 3209 1408 3281 ignorantiae
1432 3209 1467 3262 ad

108 3293 251 3363 pelluoens
279 3292 379 3348 ostium
401 3290 529 3346 veritatis
557 3290 721 3345 devenerim.

693 3526 883 3540 Ἥ

651 3725 771 3825 Caput
797 3724 924 3800 XXII.

264 3879 405 3944 Plancio
428 3901 486 3946 cur
507 3903 603 3966 super
625 3885 792 3967 aequastis
815 3892 918 3946 cadro
941 3883 1118 3965 aeqssoie'ter
1138 3893 1310 3948 moueatur.

194 4022 337 4086 Didicisti
360 4026 458 4099 modo,
484 4027 589 4099 lector,
612 4026 906 4106 etiamimperfecta
930 4045 1125 4106 cognoscere,
1151 4045 1209 4106 quo
1233 4026 1331 4088 minus
1354 4032 1465 4098 metuo,

10 4192 12 4200 Ι
108 4122 138 4176 ta
161 4113 299 4176 ultimam
322 4113 399 4175 banc
423 4123 455 4177 et
479 4115 618 4194 frigidam
634 4116 850 4194 catastrophen
866 4115 1067 4196 explosurum.
1100 4115 1215 4178 Ultimo
1235 4124 1336 4178 autem
1353 4114 1466 4176 reterre

107 4202 206 4275 volui,
239 4220 307 4264 oum
334 4203 405 4283 quia
426 4203 532 4266 ultimo
556 4207 620 4267 loco
644 4205 759 4279 habeo,
791 4212 854 4266 tum
877 4205 949 4285 quia
970 4224 1039 4267 cum
1060 4205 1193 4267 motibus
1221 4205 1382 4278 cohaeret,
1411 4220 1467 4264 neo

106 4290 241 4371 expediri
264 4290 330 4353 sine
353 4288 406 4355 20.
432 4292 532 4374 capite
556 4300 672 4373 potest,
702 4294 843 4374 qnamns
868 4294 907 4354 ed
939 4289 989 4356 tt.
1019 4294 1137 4373 proprie
1160 4293 1330 4373 pertineat,
1363 4299 1399 4352 ut
1425 4289 1465 4351 ibi

106 4379 237 4443 monitus
260 4398 305 4444 es.
768 4432 777 4439 .
1159 4376 1163 4382 '

197 4465 273 4532 (ium
302 4468 380 4531 bano
407 4468 562 4549 figuralem
591 4471 741 4533 coelorum
768 4470 990 4551 proportionem
1014 4468 1168 4533 Maestlini
1192 4487 1337 4532 censurae
1362 4467 1464 4548 subje-

107 4557 225 4632 cissem,
249 4557 285 4618 is·
299 4576 347 4619 me
366 4557 403 4621 de
418 4559 603 4638 superiorum
623 4559 776 4641 epioycliis
792 4559 915 4634 mensuit,
941 4579 1015 4640 quos
1032 4558 1215 4638 (inpertitus
1240 4560 1305 4620 loco
1328 4575 1464 4639 aequan-

108 4647 183 4709 tium
205 4645 390 4721 introduxit,
425 4647 532 4727 quique
566 4649 655 4728 duplo
679 4647 823 4725 majorem
846 4648 981 4712 efficiant
1004 4648 1069 4712 orbi
1099 4647 1343 4727 spissitudinem,
1378 4664 1466 4726 quam

106 4734 249 4814 planetae
264 4753 408 4798 ascensus
423 4737 644 4817 descensusque
659 4736 793 4817 requirit.
827 4739 870 4800 Et
891 4737 920 4798 in
945 4736 1134 4800 inferioribus
1159 4735 1276 4817 quidem
1295 4734 1348 4797 alii
1366 4742 1466 4797 motus

107 4829 187 4898 sunt,
212 4822 320 4903 quibus
342 4824 468 4905 planeta
490 4825 527 4887 ad
552 4845 671 4889 omnem
693 4826 773 4889 illius
797 4826 923 4909 epioyeli
947 4826 1138 4890 altitudinem
1161 4825 1311 4900 evehitur,
1336 4823 1376 4885 sd
1399 4839 1465 4883 om-
