3428 5542
178 310 245 379 loe
777 311 937 363 Prooemium·

180 470 289 520 hernach
307 471 333 518 in
353 470 392 518 die
411 469 559 520 Reichstadt
577 470 708 535 Hagenaw
727 472 834 536 gethan.
854 472 914 521 aber
934 471 953 520 l.
974 473 1003 520 F.
1024 473 1054 520 G.
1074 471 1188 522 Medicus
1206 471 1355 537 gebbebea,
1376 470 1415 519 bis
1433 483 1467 518 n
1484 467 1548 517 Deru

179 541 316 590 tddtlichen
335 542 443 606 Abgang
469 556 534 590 anno
558 538 632 590 1592.
670 542 837 591 Vntervveilen
857 543 916 590 aber
946 559 988 590 1οτ
1008 541 1136 591 2511111111
1162 544 1204 592 bin
1223 543 1265 592 ich
1284 544 1310 591 in
1331 541 1380 590 der
1399 539 1502 590 mesen
1520 553 1548 587 n

180 612 280 662 Hauasv
297 610 420 660 Diensten
444 612 568 661 hominen.
607 612 663 661 Hah
683 613 746 662 auch
775 616 799 662 11
818 614 891 661 rebus
909 613 1017 676 physicis
1042 614 1131 662 etliche
1150 614 1233 663 theses
1262 614 1294 662 de
1313 626 1393 675 opere
1413 610 1464 661 us
1482 622 1548 659 eret·

177 685 251 732 tionis
271 683 431 746 geschrieben
451 681 555 743 (1597).
594 683 641 732 Mn
664 699 716 732 nas
734 684 817 732 Ruhm
841 685 889 733 rnd
909 684 959 733 Ehr
976 683 1066 746 Raym.
1086 684 1162 734 Ursus
1181 701 1224 734 τοτ
1241 685 1334 734 Zeiterr
1355 682 1478 746 Kayserl.
1492 680 1547 731 lla

178 753 372 804 Mathematicus
391 755 443 804 sich
462 754 548 803 diesen
566 756 664 803 meineri
683 755 792 804 thesibus
810 755 859 804 rnd
877 756 950 804 rebus
969 755 1076 818 physicis
1094 756 1244 813 vidersetzt,
1268 756 1314 805 das
1333 754 1401 804 vird
1420 753 1476 803 rich
1493 752 1546 802 lter·

178 825 271 875 nacher
289 826 322 872 im
341 825 444 874 Tractat
463 825 543 874 selber
562 825 652 874 finden.

143 946 145 952 ,
271 894 384 944 Letzlich
403 897 483 945 haben
503 897 569 944 mich
589 896 652 945 anch
671 912 702 944 zu
723 896 828 944 Gnaden
848 898 873 944 in
893 896 1014 944 Diensten
1035 911 1216 961 angenommen
1235 896 1490 947 aerumnarum
1502 895 1547 944 nd

179 967 244 1016 Herr
262 966 318 1016 Joh.
343 969 470 1031 Augustus
488 967 638 1031 Pialtzgraff
654 968 700 1029 bey
719 966 784 1015 Rein
803 966 848 1016 dc.
869 968 916 1015 rud
935 967 998 1016 Herr
1015 967 1071 1016 Joh.
1090 967 1218 1017 Reinhard
1237 969 1303 1017 Grai
1318 983 1352 1016 zu
1372 967 1484 1017 Ham.
1502 966 1547 1015 nd

177 1038 260 1087 haben
278 1037 344 1085 mich
362 1039 499 1094 ermahnet.
529 1039 577 1086 den
605 1038 692 1087 studiis
717 1038 901 1087 nachzusetzen
926 1039 974 1086 rnd
1000 1054 1033 1088 an
1052 1039 1098 1087 das
1117 1038 1205 1089 Liecht
1228 1055 1258 1089 ru
1285 1040 1410 1103 bringeri,
1438 1052 1494 1087 ns
1509 1038 1547 1087 ish

177 1109 272 1158 bissher
290 1115 361 1171 gutes
381 1109 508 1157 erlunden.

267 1179 311 1226 Ais
335 1194 361 1228 es
389 1181 434 1228 mir
459 1180 522 1233 aber
548 1193 580 1227 an
606 1178 650 1228 der
667 1179 839 1230 Hebrtiscben
859 1177 953 1243 Sprach
980 1178 1098 1245 mangelrr
1117 1180 1187 1241 wolt,
1214 1180 1247 1229 da
1272 1179 1322 1229 hab
1352 1180 1396 1229 ich
1422 1180 1481 1229 mh
1503 1179 1545 1228 dre

178 1248 221 1298 118.
241 1250 302 1298 Jahr
326 1252 350 1297 111
376 1252 483 1299 meinem
507 1250 578 1298 Alter
603 1248 669 1299 mich
693 1249 758 1299 auch
781 1248 913 1299 dubinder
936 1249 1054 1316 gemacht
1079 1251 1126 1298 rud
1150 1251 1189 1300 die
1212 1250 1335 1300 Cabalam
1361 1253 1411 1300 mit
1435 1250 1545 1316 ragiatis

182 1321 360 1386 angegricffen.

266 1392 367 1441 Diesem
387 1392 459 1440 allem
487 1390 672 1440 nachzusetzen
700 1393 748 1439 md
775 1392 854 1440 demit
871 1392 911 1440 ich
937 1392 1001 1441 anch
1029 1393 1127 1441 melnen
1147 1392 1237 1441 Dienst
1260 1407 1344 1456 gegen
1373 1393 1542 1458 rorgemelter

178 1465 282 1512 Fitrsten
308 1464 356 1512 vnd
376 1462 476 1512 Graffen
502 1463 570 1510 desto
590 1463 673 1511 besser
692 1471 844 1511 ansswarten
863 1463 968 1520 kdndte,
997 1463 1029 1511 da
1052 1463 1160 1512 habich
1187 1463 1253 1512 mich
1276 1478 1323 1511 von
1344 1463 1485 1528 Bagam
1502 1464 1544 1513 der

178 1535 253 1585 Stsdt
271 1532 357 1593 (deren
376 1530 416 1582 ioh
435 1536 459 1582 in
479 1530 512 1579 26
532 1533 594 1582 Jahr
612 1531 724 1596 gedient)
743 1549 793 1598 gen
811 1532 978 1582 Buchsweiler
995 1533 1097 1597 gethan,
1118 1534 1257 1584 trostlicber
1273 1532 1417 1599 Hoffnung.
1437 1535 1459 1584 1.
1474 1536 1501 1583 li.
1514 1535 1541 1583 G.

176 1606 243 1655 mich
266 1607 292 1653 111
316 1607 422 1654 meinem
441 1604 563 1653 loblichen
582 1605 721 1653 Firmemen
740 1605 809 1653 nicht
827 1605 943 1659 hindern,
971 1605 1076 1654 sordem
1095 1607 1140 1652 mir
1163 1605 1211 1653 alle
1230 1604 1403 1670 befitrderung
1425 1606 1477 1656 rud
1495 1607 1542 1656 iitr-

176 1677 254 1728 schub
272 1676 334 1727 1111111
351 1676 458 1725 werden.

273 1766 328 1825 His
357 1765 494 1827 Roeslini
522 1764 621 1825 verbis
652 1765 726 1825 haec
756 1764 894 1825 addenda
922 1783 1086 1824 censemus.
1138 1761 1244 1833 Quoad
1274 1764 1387 1838 vitam,
1422 1775 1543 1845 praeter

99 1890 103 1897 ·
181 1875 225 1928 ea,
251 1872 327 1933 quae
352 1854 416 1931 ipse
440 1854 487 1913 hic
512 1854 684 1930 perscribit,
719 1852 791 1912 nihil
816 1854 897 1914 aliud
922 1852 1006 1914 nobis
1031 1853 1175 1924 innotuit,
1208 1851 1264 1912 nisi
1295 1861 1453 1915 mortuum
1476 1873 1541 1914 esse

178 1951 321 2005 autumno
345 1942 415 2002 anni
442 1937 539 2014 1616,
566 1949 645 2002 teste
670 1941 848 2007 Maestlino,
873 1942 922 2019 qui
946 1942 974 2002 d.
1000 1939 1153 2020 2l.Sept.
1182 1936 1277 2004 1616.
1303 1941 1383 2001 haec
1408 1941 1540 2022 Keplero

176 2030 314 2093 nunciat:
342 2031 399 2104 „D.
416 2029 579 2092 Roeslinns
604 2049 697 2108 nuper
720 2029 803 2090 obiit.
852 2030 973 2091 Utinam
998 2030 1027 2090 in
1048 2049 1122 2090 vera
1136 2029 1279 2108 religione
1295 2030 1433 2092 animam
1458 2051 1540 2093 suam

176 2118 299 2184 Christo
332 2119 598 2180 commendaverit.
652 2117 821 2195 Singularis
851 2119 878 2177 in
903 2119 1046 2195 religione
1078 2137 1195 2196 semper
1225 2118 1291 2190 suit,
1322 2120 1401 2180 nulli
1430 2137 1541 2199 prope·

176 2208 295 2270 modurn
311 2217 412 2269 certae
430 2208 578 2268 addictus.
618 2206 697 2277 Quid
713 2207 741 2267 in
759 2207 901 2268 extremis
915 2207 1021 2285 egerit,
1037 2208 1146 2268 nescio.
1184 2207 1228 2269 Ut
1243 2229 1261 2266 a
1276 2206 1343 2267 Deo
1361 2208 1455 2270 luerit
1472 2210 1539 2270 illu·

174 2297 315 2370 minatus,
342 2296 443 2375 opto.“
493 2294 601 2365 Quoad
616 2314 784 2374 personam,
810 2296 889 2356 idem
905 2296 1093 2368 Maestlinns,
1118 2314 1171 2374 per
1190 2296 1302 2355 multos
1317 2315 1419 2357 annos
1438 2297 1538 2358 Roes-

175 2385 236 2448 lino
260 2386 356 2446 multa
383 2385 599 2446 consuetudine
624 2384 810 2462 conjunctus,
840 2383 895 2443 hoc
925 2385 982 2443 lert
1011 2384 1047 2443 de
1072 2384 1123 2444 illo
1143 2383 1308 2461 judicium:
1338 2382 1473 2463 Optima
1495 2398 1540 2447 est

176 2474 233 2536 viri
256 2475 412 2546 voluntas,
448 2473 501 2534 sed
525 2493 602 2534 anne
626 2473 726 2534 omnia
749 2473 825 2532 satis
850 2472 1031 2549 prudenter?
1078 2471 1283 2543 Sententiam,
1319 2491 1414 2551 qnam
1448 2477 1539 2537 semel

175 2565 275 2625 animo
307 2563 459 2641 concepit,
494 2562 642 2623 mordicus
672 2559 795 2633 retinet,
831 2580 884 2621 nec
909 2560 1092 2622 sufficienter
1125 2561 1259 2621 rationes
1283 2560 1392 2636 audit,
1419 2583 1538 2644 easque,

175 2661 265 2732 prout
287 2651 351 2713 fieri
376 2651 519 2723 debebat,
551 2651 630 2711 inter
653 2668 685 2710 se
710 2667 768 2709 nou
792 2658 957 2727 comparat.
1006 2649 1198 2726 Horologium
1228 2649 1293 2728 ejus
1318 2668 1444 2730 semper
1468 2654 1539 2714 bene

177 2740 326 2802 sehabet
328 2785 471 2801 .....
507 2739 563 2800 Vir
586 2749 634 2799 est
662 2736 817 2810 cordatus,
853 2738 906 2797 sed
936 2737 1049 2815 primae
1078 2748 1241 2815 conceptae
1267 2736 1422 2815 opinionis
1451 2740 1538 2802 nimis

176 2838 282 2891 tenax.
309 2830 392 2897 ideo,
418 2836 451 2889 ut
474 2848 506 2888 se
531 2829 663 2898 evolvat,
687 2826 816 2904 undique
841 2845 1031 2905 quascunque
1056 2825 1189 2887 rationes
1212 2825 1339 2905 colligit.
1390 2828 1537 2890 Praesta·

176 2927 231 2992 ret,
257 2918 354 2996 ipsum
377 2916 503 2978 meliora
526 2916 695 2977 admittere.
735 2921 863 2982 (13111111
882 2925 906 2972 1.
926 2922 968 2972 20.
988 2923 1037 2972 Jul.
1059 2919 1149 2982 161³.)

112 2993 123 3003 ⁹
266 3004 394 3075 Qualem
419 3025 451 3065 so
476 3015 680 3066 astronomum
704 3014 736 3063 et
759 3005 943 3084 astrologum
967 3004 1156 3082 praebuerit,
1192 3022 1258 3064 cnm
1283 3022 1321 3064 ex
1345 3004 1445 3083 ipsius
1471 3025 1537 3068 ver·

176 3094 223 3154 bis
248 3102 387 3173 apparet,
414 3113 489 3172 qnae
514 3094 654 3172 leguntur
671 3114 700 3173 p.
717 3090 794 3166 228,
818 3102 880 3153 tnm
905 3112 941 3152 ex
966 3101 1109 3172 sequente
1126 3091 1248 3170 Kepleri
1269 3093 1468 3157 refutatione.
1505 3096 1537 3158 ln

176 3181 400 3243 mathematicis
417 3190 447 3242 et
462 3182 595 3264 physicis
612 3183 708 3262 qualis
724 3181 822 3256 inerit,
840 3181 957 3242 abunde
974 3182 1159 3260 intelligetur
1176 3200 1192 3241 e
1208 3180 1322 3253 libello,
1339 3200 1432 3260 quem
1446 3184 1539 3245 edidit

177 3289 254 3331 anno
283 3266 376 3333 1612.
402 3271 559 3350 inscripto:
587 3271 799 3332 Praematurae
816 3270 896 3331 Solis
917 3270 1114 3349 apparitionis
1138 3270 1168 3330 in
1185 3269 1276 3331 nova
1290 3269 1424 3332 Zembla
1447 3292 1539 3335 causa

176 3377 249 3420 vera
272 3360 325 3420 dte.
351 3360 379 3420 ln
400 3379 457 3438 quo
481 3360 555 3421 haec
580 3359 723 3437 legimus:
753 3367 835 3427 Quem
854 3369 898 3416 sub
917 3369 990 3417 linem
1011 3365 1035 3414 9.
1049 3367 1143 3430 Capitis
1162 3365 1236 3415 libelli
1248 3369 1297 3415 mei
1317 3367 1349 3416 de
1368 3366 1540 3433 Navigaeou

179 3447 372 3511 Septentrionali
392 3448 528 3511 reliquii).
549 3448 656 3511 Keplero
676 3448 818 3497 solvendam
838 3449 1017 3510 quaestionem:
1038 3459 1102 3510 qnae
1121 3461 1155 3494 sc.
1170 3461 1247 3496 causa
1265 3447 1340 3495 inerit
1359 3460 1538 3511 praematurae

176 3519 241 3567 illius
261 3519 324 3568 Solis
344 3519 520 3582 apparitionis?
548 3520 580 3567 ad
599 3519 664 3568 hanc
682 3518 807 3582 respondit
825 3520 860 3565 111
879 3519 1031 3566 acutissimus
1055 3519 1080 3565 111
1100 3517 1180 3567 libello
1200 3532 1243 3565 suo
1264 3517 1409 3581 Dioptriees
1428 3521 1468 3570 his
1486 3535 1538 3571 m·

176 3590 224 3638 bis:
251 3591 323 3639 audio
343 3591 374 3639 l).
395 3590 537 3638 Roeslinum
561 3591 687 3653 problema
710 3589 768 3637 mihi
795 3590 946 3651 proposuisse
966 3588 1108 3638 solvendum
1135 3588 1165 3637 do
1192 3588 1249 3638 Sole
1276 3589 1309 3637 14
1329 3590 1429 3640 dierum
1457 3595 1538 3656 apati·

176 3663 248 3711 citius
265 3664 331 3723 justo
351 3676 367 3710 a
386 3661 488 3710 Batavis
507 3664 564 3709 riso.
604 3662 730 3709 Admoneo
749 3667 843 3715 tamen,
863 3662 1032 3723 quaestionem
1050 3660 1116 3708 hanc
1135 3674 1151 3707 a
1169 3675 1208 3709 me
1228 3675 1272 3722 per
1289 3661 1460 3713 retractiones
1473 3665 1537 3713 esre

176 3733 316 3795 expeditam
335 3735 360 3781 in
380 3734 552 3781 Astronomiae
570 3740 640 3794 parte
661 3731 751 3794 Optica
770 3730 829 3792 Cap.
848 3730 890 3777 l'l.
929 3731 999 3779 llaec
1018 3730 1067 3779 ille.
1105 3731 1167 3778 Cum
1185 3746 1241 3778 rero
1260 3733 1355 3795 opticen
1368 3733 1476 3796 ignaras
1494 3749 1539 3800 ego

176 3817 272 3864 prorsus
292 3809 419 3851 ettamen
439 3805 544 3851 scribere
564 3802 655 3865 aliquid
674 3803 722 3850 hac
741 3802 771 3850 de
789 3815 816 3848 re
835 3801 933 3856 vellem.
962 3802 1061 3862 adiunxi
1081 3800 1142 3864 Cap.
1162 3800 1208 3854 X..
1239 3810 1389 3851 etecusam
1410 3804 1486 3868 huius
1504 3808 1538 3855 rei

175 3875 250 3934 rejeci
277 3875 302 3920 in
322 3876 396 3922 maris
424 3875 645 3922 detumescentiam
665 3882 690 3921 et
708 3872 893 3925 subsidentium.
913 3874 982 3934 qussi
1010 3887 1053 3934 per
1071 3873 1136 3920 hanc
1161 3872 1288 3922 horizonte
1314 3873 1453 3925 decliviora
1471 3877 1538 3925 tacco

176 3941 216 3991 Sol
236 3945 307 3992 citius
327 3946 382 3992 oriri
405 3948 519 4007 potnerit.
558 3945 703 3993 Admonitus
728 3951 811 3992 antem
841 3944 871 3991 de
896 3945 993 3990 sinistro
1013 3944 1126 3992 hocmeo
1151 3943 1242 4004 iudicio
1271 3959 1288 3992 a
1313 3945 1364 3993 viro
1392 3947 1538 3997 maixime

175 4013 208 4062 D.
229 4012 264 4061 M.
285 4014 450 4079 Perneggero‚
470 4015 541 4064 acad.
559 4016 744 4079 Argentinensis
763 4015 897 4077 professore
917 4013 1028 4070 classico,
1048 4029 1097 4062 uon
1117 4015 1203 4062 roscidi
1224 4014 1376 4077 capuchon.
1399 4019 1446 4067 ted
1458 4020 1536 4081 publi·

175 4085 225 4133 ceri
254 4086 352 4148 permisi
376 4089 465 4149 partim
492 4087 522 4133 ob
541 4087 606 4134 hanc
626 4101 740 4141 causam,
760 4084 824 4148 qnod
849 4088 901 4146 jam
928 4087 972 4131 sub
992 4084 1074 4146 praelo
1098 4092 1163 4133 esset
1188 4086 1296 4141 libellus,
1327 4101 1374 4135 nec
1396 4089 1431 4138 ad
1450 4104 1539 4140 manns

174 4155 293 4218 amplius,
319 4158 409 4218 partim
428 4157 493 4221 qnod
512 4173 554 4220 per
572 4157 618 4205 hoc
638 4158 728 4221 dogma
746 4157 805 4204 nihil
824 4171 897 4218 scopo
921 4156 1047 4218 principali
1066 4156 1141 4204 libelli
1160 4157 1221 4211 mei,
1247 4171 1346 4205 cursum
1365 4161 1536 4225 navigationis

173 4240 217 4288 per
234 4229 426 4290 septentrionem
452 4231 476 4275 in
503 4231 621 4277 orientem
640 4228 742 4276 Batavis
766 4234 902 4276 monstrare
925 4227 1089 4285 intendentis,
1117 4227 1274 4283 detrahatur.
1303 4230 1357 4278 sire
1379 4245 1469 4282 verm
1487 4235 1536 4282 rive

172 4297 261 4346 telrunr
280 4297 327 4346 hoe
346 4299 437 4362 dogma
454 4301 494 4347 sit.

263 4368 483 4449 Chronologica
507 4370 632 4449 denique
647 4369 782 4439 Roeslini
807 4369 907 4429 studia
918 4370 1066 4447 Keplerus
1091 4379 1179 4429 taxat
1202 4371 1231 4431 in
1253 4372 1356 4433 libello
1380 4393 1439 4435 suo
1463 4393 1533 4455 ger-

173 4458 290 4518 manico
315 4458 351 4518 de
376 4459 536 4519 nativitate
562 4456 686 4530 Christi,
712 4476 797 4536 quern
823 4458 977 4518 exhibebit
1001 4458 1071 4517 Vol.
1098 4457 1153 4519 lV.
1179 4459 1320 4521 editionis
1346 4473 1484 4526 nostrae.

263 4545 317 4606 llis
342 4545 529 4624 interpositis
553 4546 682 4607 redimus
707 4546 745 4606 ad
769 4544 904 4606 Roeslini
932 4546 1161 4616 ,Discursurrr“‚
1188 4549 1216 4610 in
1241 4568 1298 4628 quo
1324 4550 1532 4628 deprehendi·

173 4653 236 4696 mus
262 4634 492 4712 descriptionem
517 4642 651 4695 cometae
665 4634 733 4694 anni
754 4631 849 4707 1607,
871 4634 1013 4714 judicium
1030 4635 1124 4715 ipsius
1140 4638 1177 4697 de
1192 4646 1275 4698 ortm
1290 4639 1393 4699 causis
1410 4640 1533 4719 ejusque

172 4723 236 4783 loco
260 4722 288 4782 in
318 4723 435 4784 mundo.
485 4720 650 4802 Comparat
673 4723 748 4783 huno
773 4733 922 4785 cometam
946 4744 1012 4785 cum
1038 4726 1105 4786 aliis
1121 4726 1248 4789 cometis
1273 4735 1305 4786 et
1319 4728 1408 4788 novis
1434 4730 1532 4791 stellis

171 4809 201 4874 in
227 4809 415 4894 Cassiopeia,
441 4810 557 4897 Cygno,
582 4812 612 4875 in
638 4808 715 4875 Coto
738 4812 924 4889 (variabili),
949 4813 977 4876 in
1002 4811 1218 4900 Serpentario;
1243 4813 1353 4881 deiude
1377 4817 1476 4885 roten
1496 4837 1533 4883 ea
