3428 5542
259 301 328 369 ’138
773 302 886 367 ΠΜ
905 300 1106 368 cenotaphio

261 460 295 559 t)
313 473 443 560 ’nentrum
463 464 542 535 pleni
562 463 666 518 cubici:
690 471 826 533 eruntque
847 463 946 518 telinm
965 463 1099 519 lineorum
1119 480 1180 528 sex,
1204 472 1234 518 et
1257 464 1327 518 situs
1349 463 1470 536 undique
1492 463 1547 518 sibi
1566 465 1621 535 ipti

260 547 364 690 ”maisi
385 624 457 687 Quis
470 624 497 678 irs
511 623 653 694 pyremide
668 639 718 692 per
731 623 804 676 huuc
817 621 946 675 vitiosum
960 622 1042 676 situm
1056 623 1224 692 impedimur,
1242 632 1277 678 ut
1289 624 1379 679 medie
1392 625 1485 679 lutere
1498 641 1621 696 neques-

261 722 321 761 Μ
339 720 470 851 suffio
485 799 552 838 sune
567 781 652 836 etiem
671 781 698 835 in
718 781 862 851 pyremide
884 781 1058 834 invenientur
1076 789 1195 851 quotuor
1213 782 1304 837 medis
1322 783 1431 853 letersJ
1456 784 1622 841 mecedem

226 880 231 889 ’
260 865 330 921 situs
344 866 495 936 ugumrom
510 864 537 917 iu
551 878 582 916 se
596 869 691 916 mutuo
704 861 836 930 respiciet
848 860 928 931 leges
943 861 1149 929 inscriptionum
1162 863 1402 932 geometricorum.

341 943 362 1008 l)
387 945 448 998 Non
468 950 584 1013 possunt
604 942 716 1012 inquem
734 957 887 1013 congruere
909 942 1000 994 lutere
1014 941 1094 994 unius
1108 941 1200 995 omniu
1214 944 1349 997 luteribus
1364 943 1490 1006 ulterius,
1511 942 1622 999 minime

260 1024 377 1079 emnium
392 1023 551 1096 pyramidis.
593 1021 705 1076 Scilicet
727 1020 788 1075 ideo
802 1037 924 1092 congrue
948 1021 1013 1090 poni
1034 1038 1088 1074 uon
1110 1029 1234 1090 possunt,
1258 1023 1323 1093 quin
1345 1023 1452 1079 initium
1475 1023 1623 1094 positionis

148 1100 154 1109 ’
258 1104 431 1159 mineum
444 1111 490 1157 est
501 1102 643 1173 regulere.

339 1196 378 1269 m)
402 1201 454 1256 Hie
475 1200 600 1271 equidem
624 1199 765 1270 legitimus
788 1203 902 1256 duorum
922 1202 1019 1256 homm
1040 1201 1274 1270 corporumsitus
1289 1207 1334 1254 est
1354 1201 1389 1254 ed
1408 1217 1438 1254 se
1457 1209 1565 1255 mutuo:
1590 1210 1625 1255 st

258 1283 382 1337 moseri
397 1281 474 1344 situs,
490 1279 536 1351 qui
551 1281 590 1333 sic
604 1280 774 1342 adsciscitur,
790 1281 952 1354 illegitimus
967 1290 1019 1336 est.

337 1373 366 1443 n)
394 1377 508 1434 Omnino
523 1377 612 1431 mults
626 1384 743 1440 restant,
760 1395 812 1448 quo
829 1377 917 1432 minus
933 1378 985 1431 hoc
999 1375 1089 1431 dicere
1104 1375 1249 1447 possimus.
1291 1376 1363 1430 Num
1377 1374 1454 1438 situs,
1479 1375 1526 1446 qui
1539 1376 1622 1445 polos

256 1456 303 1514 hic
316 1457 420 1530 signet,
440 1456 602 1530 illegitimus
618 1465 670 1511 est.
714 1457 856 1519 Quatenus
870 1473 936 1511 vero
956 1456 984 1510 in
1000 1458 1114 1519 duobus,
1139 1458 1310 1510 dodecuddro
1325 1462 1355 1510 et
1372 1455 1525 1517 icosoedro,
1550 1454 1621 1509 situs

257 1545 302 1593 est
316 1537 465 1609 logitimus,
481 1536 594 1590 totidem
608 1544 726 1606 possunt
739 1537 876 1607 essepoli‚
900 1544 967 1607 quot
981 1537 1079 1608 anguli
1095 1538 1186 1607 hujus,
1211 1538 1298 1606 plenu
1311 1534 1394 1598 illius,
1415 1534 1557 1588 duodecim
1571 1551 1621 1596 sc..

258 1633 344 1690 quere
363 1633 450 1670 zonee
474 1616 653 1670 intermediae
673 1634 733 1670 sex.
775 1618 865 1671 Erunt
884 1617 970 1689 igitur
984 1617 1080 1670 incerti
1095 1619 1237 1687 planetae,
1259 1632 1388 1688 quorsum
1407 1622 1482 1669 eunt.
1524 1614 1555 1668 ln
1570 1629 1621 1684 ge·

258 1713 323 1753 uere
339 1696 435 1751 obstet
447 1697 508 1759 bon,
524 1695 595 1765 quod
609 1695 716 1768 figurae
731 1695 803 1750 istoc
817 1696 889 1749 reali
904 1696 958 1749 situ
974 1696 1094 1767 partium
1109 1699 1144 1751 ud
1159 1714 1189 1750 se
1203 1705 1298 1751 mutuo
1319 1713 1373 1750 uon
1387 1701 1452 1749 sunt
1466 1710 1621 1765 expressse

257 1775 411 1839 inmundo,
436 1778 483 1829 sed
505 1777 593 1829 solum
611 1776 754 1846 proportio
774 1775 880 1830 orbium
902 1777 1060 1847 ligorrulium
1082 1795 1117 1831 ex
1132 1777 1165 1831 iis
1187 1779 1315 1831 desumtu
1335 1775 1362 1829 in
1382 1776 1463 1829 orbes
1483 1774 1622 1828 coelestes

257 1855 311 1913 mle
324 1856 656 1925 translaturumerusque
668 1855 774 1910 orbium
793 1872 811 1909 ο
828 1856 924 1926 liguris
940 1856 1115 1912 constitutus.
1157 1856 1270 1911 Rectius
1286 1854 1372 1927 igitur
1393 1855 1465 1909 benc
1480 1853 1622 1926 quaestio·

258 1953 332 1992 nem:
355 1952 414 1990 cur
437 1936 526 1989 benc
546 1935 673 2005 potius,
695 1952 796 2007 quum
817 1937 923 1991 ulium
938 1935 1026 1989 vium
1042 1945 1192 1991 current
1212 1937 1398 2006 planetus,
1421 1942 1454 1988 ut
1473 1935 1622 1989 obsurdsm

257 2016 426 2087 repellimus.
469 2015 538 2070 Num
554 2031 613 2068 oum
632 2024 708 2069 esset
722 2017 749 2069 in
763 2015 916 2070 intentione
930 2016 984 2070 Dei
1003 2015 1129 2078 circulus,
1152 2016 1270 2070 motibus
1292 2015 1469 2086 planetarum
1490 2029 1620 2067 necesss-

256 2094 321 2157 rius,
344 2094 385 2149 illi
400 2096 475 2148 Deus
499 2111 550 2165 per
565 2093 744 2149 intentionem
764 2095 915 2150 constituto
935 2094 1080 2168 materiale
1100 2103 1130 2150 et
1153 2097 1296 2149 stellatum
1318 2093 1493 2163 spbnericum
1506 2094 1620 2147 circum·

253 2173 333 2247 jecit.
376 2174 433 2229 Nec
452 2173 589 2229 dubitatio
609 2173 704 2245 sliquu
717 2175 808 2230 Deum
828 2175 864 2228 ub
883 2192 967 2245 opere
991 2175 1114 2238 retinuit,
1139 2176 1294 2245 quominus
1318 2173 1424 2228 initium
1443 2172 1505 2242 ejus
1527 2171 1621 2226 fucere

256 2262 360 2326 posset,
381 2253 459 2325 quusi
474 2255 533 2308 sine
547 2254 669 2313 ratione:
691 2271 754 2308 num
769 2262 834 2309 tunc
849 2272 947 2325 corpus
962 2256 1066 2310 nullum
1085 2255 1305 2325 praeexistebat,
1330 2253 1409 2322 cnjus
1431 2253 1480 2306 ille
1499 2252 1621 2323 portium

255 2342 385 2404 respectu
409 2333 558 2388 dubitaret
601 2333 727 2403 Spatium
751 2351 815 2388 vero
839 2333 898 2388 sine
922 2352 1035 2404 corpore
1055 2350 1128 2405 pure
1141 2343 1186 2388 est
1209 2334 1336 2404 negotio:
1361 2331 1486 2403 setisque
1502 2330 1621 2386 rationis

256 2422 301 2469 est
314 2414 349 2469 ud
364 2413 519 2468 inciendum
533 2411 639 2466 initium
663 2413 690 2467 in
704 2413 809 2469 infinito
833 2413 927 2476 nihilo,
951 2415 996 2468 vel
1019 2415 1146 2485 cogiture
1171 2414 1270 2468 leviter
1292 2415 1325 2466 de
1340 2412 1447 2483 uliquo:
1472 2413 1532 2466 tule
1546 2412 1620 2468 euim

256 2495 409 2566 coriletum
429 2493 489 2561 jum
512 2493 608 2547 stetim
631 2493 742 2547 induitis
766 2494 851 2549 modis
866 2502 910 2547 est
930 2494 1128 2563 praestantius,
1153 2493 1260 2565 reliquo
1281 2491 1386 2546 indulto
1401 2509 1455 2545 non
1469 2499 1543 2554 ectu,
1570 2510 1621 2545 nee

254 2573 397 2634 existenti,
412 2591 463 2627 uec
477 2572 618 2644 cogitato,
639 2582 670 2627 et
683 2572 721 2626 sic
736 2573 811 2643 prius
827 2575 875 2628 illo
897 2582 927 2629 et
940 2573 1017 2627 initio
1033 2582 1137 2643 aptum.
1179 2574 1276 2644 Neque
1285 2589 1353 2626 rero
1367 2571 1469 2641 primus
1479 2586 1535 2642 ego
1550 2588 1619 2633 sum,

256 2654 303 2725 qui
326 2670 368 2708 me
390 2653 552 2722 ipsumhoc
576 2652 665 2706 inutili
681 2654 843 2723 quaestione
864 2653 999 2724 setigeri:
1024 2670 1081 2706 our
1105 2652 1252 2707 seilicet
1275 2653 1339 2706 heo
1362 2652 1550 2705 traductus
1574 2651 1622 2705 sit

255 2733 440 2795 zodiacus,
465 2751 536 2788 cnm
559 2732 717 2802 potuerit
740 2734 829 2797 ulie,
861 2733 949 2787 locis
972 2732 1157 2787 infinitis?
1199 2731 1324 2786 invenies
1349 2731 1464 2785 similem
1484 2730 1570 2799 buius
1593 2730 1621 2783 in

255 2812 387 2868 Aristot:
403 2829 460 2866 cur
474 2813 561 2866 huno
575 2813 692 2883 potius
707 2812 739 2866 in
756 2813 896 2885 plegem
915 2822 998 2866 eunt
1017 2813 1202 2881 pleneme,
1226 2828 1325 2882 quum
1344 2811 1375 2864 in
1390 2809 1468 2878 ejus
1483 2819 1621 2864 contre·

255 2892 357 2948 risml
398 2892 468 2946 Num
483 2910 517 2946 ne
531 2891 576 2946 hin
591 2893 698 2962 quidem
711 2892 783 2945 rntio
799 2903 844 2947 est
857 2893 916 2946 ullu
929 2892 1009 2946 unius
1033 2908 1101 2961 pree
1116 2892 1214 2955 altero,
1239 2908 1299 2945 cum
1318 2890 1405 2945 omnis
1420 2890 1503 2953 lines,
1528 2889 1621 2961 longi·

256 2971 358 3026 tudinis
373 2971 537 3035 conditione,
559 2974 627 3025 dues
642 2971 769 3026 obtineat
781 2972 892 3044 plagas,
909 2989 981 3042 quse
995 2982 1061 3025 sunt
1074 2972 1190 3026 inrectu
1210 2988 1304 3024 versus
1319 2972 1386 3024 duos
1402 2969 1463 3038 ejus
1478 2971 1620 3025 terminos.

255 3050 373 3106 Futetur
397 3050 504 3120 quidem
528 3050 565 3104 ibi
580 3051 746 3104 Aristoteles
771 3051 798 3104 in
816 3069 929 3123 genere,
954 3069 1007 3104 non
1023 3051 1140 3105 omnium
1161 3051 1284 3106 rstiones
1308 3052 1403 3103 eodem
1422 3050 1501 3103 modo
1523 3048 1621 3120 queeri

256 3146 353 3201 posse:
379 3130 503 3184 edoritur
526 3138 618 3184 umen
643 3131 832 3200 queestionem
854 3131 941 3185 benc:
967 3139 1095 3185 usturam
1110 3131 1153 3184 sit
1173 3131 1245 3184 inter
1264 3129 1411 3200 possibilie
1424 3145 1534 3198 semper
1547 3131 1621 3200 quod

256 3209 388 3280 optimum
408 3207 529 3279 eligere:
554 3209 651 3263 melius
669 3224 735 3263 reru
754 3227 825 3274 esse,
850 3219 882 3264 ut
902 3210 1028 3265 serentur
1049 3211 1140 3264 sideru
1163 3212 1190 3263 in
1214 3211 1329 3281 plegem
1350 3209 1516 3281 dignioremr
1541 3209 1620 3278 etqui

255 3288 409 3359 digniorem
423 3304 485 3342 esse
500 3289 614 3360 plegem
628 3305 761 3358 prorsum,
785 3307 865 3360 quem
879 3300 1038 3345 retrorsum.
1075 3290 1209 3344 Ridicule.
1247 3291 1318 3343 Num
1338 3291 1412 3358 prius
1432 3303 1516 3358 quem
1529 3296 1621 3344 nous

255 3379 339 3428 esset
355 3376 456 3422 neutro
471 3368 568 3438 plage,
591 3385 678 3438 neque
693 3385 826 3438 prorsum,
851 3387 939 3440 neque
963 3378 1112 3424 retrorsum
1137 3371 1294 3429 dicebstur;
1318 3368 1480 3438 principium
1504 3368 1619 3437 petitur.

255 3451 416 3519 Argurtetur
429 3448 537 3518 quidem
543 3462 574 3511 ,s
587 3448 763 3503 similitudine
777 3450 868 3504 mundi
882 3468 943 3505 oum
965 3450 1138 3510 animalibus,
1159 3449 1292 3503 animulis
1305 3467 1365 3503 cum
1386 3447 1481 3518 plegie
1495 3448 1553 3502 suis
1568 3466 1620 3503 sex

254 3527 344 3583 ideem
358 3528 449 3584 mundi
464 3536 601 3582 statuens.
643 3528 727 3598 Atqui
742 3545 849 3583 rursum
864 3527 1025 3600 principium
1040 3529 1153 3600 petitur.
1195 3530 1298 3582 Demus
1320 3527 1393 3583 enim
1416 3529 1545 3582 muudum
1557 3546 1620 3583 esse

255 3607 359 3664 ustum
382 3610 417 3663 sd
436 3607 641 3662 similitudinem
661 3607 801 3670 enimulim
825 3610 898 3663 dicut
923 3610 1009 3681 igitur
1027 3608 1103 3678 prius
1121 3612 1156 3662 de
1171 3609 1231 3678 ipso
1245 3607 1366 3670 unimeli,
1389 3624 1438 3661 nur
1461 3607 1514 3661 hoc
1527 3607 1621 3663 illisit

253 3702 387 3760 prorsum.
403 3689 472 3742 illud
487 3696 653 3747 retrorsum:
677 3697 707 3742 et
720 3706 774 3742 non
784 3688 917 3749 vicissim:
940 3690 992 3742 hoo
1006 3696 1057 3750 est,
1078 3706 1127 3742 cur
1140 3689 1212 3741 oculi
1227 3704 1362 3757 curesque
1382 3696 1410 3740 et
1426 3703 1508 3741 neres
1523 3694 1554 3742 et
1567 3688 1619 3743 lin·

252 3783 313 3839 pus
332 3776 363 3822 et
376 3786 406 3822 os
430 3784 526 3822 versus
541 3767 688 3839 imsginem
709 3767 737 3821 iu
751 3770 864 3837 speculo
878 3769 1042 3839 dirigentur,
1062 3768 1245 3827 bruchiorum,
1268 3782 1396 3822 munuum
1414 3767 1619 3839 digitorumque

252 3846 365 3901 urtinsli
388 3849 511 3902 illorsum
534 3848 689 3909 teecsmm,
714 3849 813 3916 pedum
836 3849 947 3918 pulmue
971 3848 1095 3902 illorsum
1118 3850 1314 3907 extenduntur,
1341 3853 1371 3899 et
1389 3864 1443 3900 nou
1459 3847 1560 3916 potius,
1586 3856 1619 3901 ut

252 3924 380 3996 irueginis
395 3927 423 3980 in
436 3927 550 3995 speculo
565 3929 688 3982 membre
701 3928 806 3985 endem.
830 3934 1003 3981 retroversus
1017 3927 1167 3982 hominem:
1192 3927 1285 3996 potuit
1298 3926 1371 3979 enirn
1389 3926 1474 3980 etism
1489 3925 1529 3979 sic
1541 3927 1616 3982 leri:

252 4002 305 4059 hee
327 4016 380 4065 est,
405 4005 498 4075 potuit
511 4023 566 4067 cor,
581 4009 652 4077 quod
668 4024 739 4061 nunc
753 4014 798 4060 est
820 4007 847 4060 in
862 4007 984 4069 sinistre,
1010 4008 1142 4061 collocuri
1163 4007 1190 4060 in
1204 4009 1278 4067 sede,
1304 4021 1388 4076 quem
1402 4022 1473 4060 nune
1488 4015 1619 4076 putemus

252 4086 389 4139 deutrum.
432 4086 469 4138 Et
487 4092 519 4138 ut
532 4094 639 4140 constet
653 4087 726 4141 retio
740 4087 767 4140 in
782 4087 834 4140 bec
848 4087 911 4140 ides
924 4087 1023 4147 mundi.
1047 4087 1131 4157 quid?
1154 4102 1190 4140 en
1204 4104 1259 4140 uon
1273 4102 1362 4155 neque
1380 4086 1464 4140 fenile
1477 4086 1620 4141 contrusis

251 4163 345 4236 poluit
358 4163 419 4231 eius
442 4164 477 4216 sd
492 4164 585 4217 lutere
607 4166 697 4220 mundi
721 4167 779 4243 deri
802 4167 973 4236 epplientiol
994 4167 1058 4237 quid
1082 4166 1231 4236 impedivit,
1256 4183 1309 4237 quo
1324 4165 1412 4220 minus
1427 4166 1569 4222 sinistrum
1583 4168 1619 4221 sd

252 4243 392 4300 meridiem
407 4245 542 4303 tenderet.
558 4245 686 4298 dextrsm
701 4247 736 4299 sd
751 4247 977 4316 septentrionem.
997 4248 1106 4316 qusndo
1121 4248 1223 4317 pinges
1238 4245 1329 4300 mundi
1343 4246 1444 4299 meteri
1454 4245 1540 4314 jussu
1552 4252 1619 4300 estl

252 4323 293 4379 sin
310 4322 383 4377 enim
404 4322 503 4376 isciem
522 4322 653 4378 vertisset
667 4324 693 4377 iu
708 4325 832 4395 plegem,
857 4342 929 4395 quse
943 4326 1021 4380 nobis
1036 4342 1108 4379 uuus
1122 4341 1236 4379 occesus
1254 4325 1369 4387 diuitum
1393 4326 1433 4378 sic
1450 4327 1619 4380 eontrsrism

253 4403 344 4457 sidere
360 4403 475 4473 plegem
491 4418 614 4470 prorsum
629 4403 800 4465 habuissent,
825 4404 851 4458 in
870 4420 952 4475 quem
971 4405 1090 4459 motibus
1109 4405 1166 4458 suis
1190 4407 1345 4459 tenderent.
1388 4406 1504 4459 Rectius
1523 4407 1619 4476 itsque

253 4483 456 4552 supersedisset
476 4481 643 4535 Aristoteles
663 4483 802 4537 solutione
824 4483 907 4552 tirius
923 4485 1035 4554 ineptse
1049 4484 1232 4554 qusestionis,
1257 4500 1325 4538 eune
1340 4485 1426 4554 ipsius
1441 4485 1619 4540 sdmcnitioni

254 4562 459 4631 obtemperem.
490 4559 560 4615 Nem
574 4562 647 4616 incer
660 4578 709 4618 ee.
724 4578 796 4633 quse
810 4563 903 4617 omnin
915 4582 951 4617 ex
969 4579 1058 4634 nequo
1071 4565 1234 4632 contingere
1249 4574 1372 4633 possent,
1397 4574 1501 4619 uetere
1513 4565 1620 4619 nullu

253 4640 356 4694 invenit
371 4640 493 4694 melioris
507 4647 538 4693 et
551 4640 697 4695 deterimu
711 4640 884 4703 electionem,
909 4643 961 4696 boc
974 4643 1046 4697 enim
1061 4643 1176 4696 involvit
1196 4644 1449 4698 eontrsdictiouem.
1491 4645 1620 4707 Quinime

253 4718 292 4772 eie
306 4730 546 4788 srpumenternur:
570 4736 631 4773 cunr
644 4737 693 4773 ess
710 4737 763 4775 non
777 4731 842 4774 ente
857 4731 991 4792 preestet,
1012 4724 1129 4776 nemum
1144 4723 1231 4793 igiter
1244 4724 1385 4777 existente
1399 4725 1508 4787 mundo,
1533 4740 1619 4796 quse·

253 4799 954 4871 nnqnejusplsqepresseoueeptsteitiuitic,
976 4801 1166 4872 illspotiseee
1188 4811 1473 4874 suneexmpuse
1492 4805 1619 4860 mtieues
