3428 5542
173 313 242 380 320
595 315 1114 383 mmmmm-mm

108 493 114 504 ·
172 473 583 540 dnufaeisntetqaomodol
619 473 1535 541 Batiol‘toleraaeinsihinousstisfaeinuodhors‘nffisnu.

172 547 200 597 ia
216 545 292 596 Luna
308 546 582 597 muraena-constituat
618 544 672 594 Bes
689 559 751 596 sane
769 547 928 611 inquisitione
946 546 1098 612 dignissm

262 617 468 699 Keplerus:
492 617 539 678 De
572 616 681 678 effectu
713 617 869 696 eclipsium
902 618 1038 679 invenies
1063 618 1092 678 in
1116 617 1192 678 meis
1215 616 1353 679 thesibus
1375 616 1534 679 meteoro-

174 706 289 785 logicis.
336 705 417 768 Sane
442 714 473 767 et
496 705 526 766 in
548 705 725 768 Ptolemaeo
750 715 780 767 et
804 725 861 785 ego
885 725 1008 767 causam
1032 706 1201 768 naturalem
1225 705 1381 779 desidero,
1409 724 1466 767 cur
1489 704 1536 767 ef-

175 795 272 856 fectus
296 802 345 857 tot
365 796 519 856 mensibus
543 795 572 856 in
596 793 670 856 Sole
694 803 726 855 et
748 795 836 856 Luna
859 795 1023 869 differatur,
1049 804 1123 875 quot
1138 795 1220 856 horis
1234 793 1359 874 eclipsis
1373 815 1394 856 a
1411 793 1536 855 cardine

172 883 272 958 abest,
297 893 329 945 et
352 894 454 945 tamen
472 883 538 962 jam
561 883 757 962 singularium
782 883 900 945 duratio
923 885 1082 961 perbonas
1107 885 1136 944 in
1151 883 1239 944 Luna
1259 902 1393 956 menses,
1416 882 1450 943 in
1464 880 1536 943 Sole

173 991 270 1033 annos
291 973 452 1050 significet.
500 968 603 1041 Quare
631 973 701 1032 olim
734 990 790 1050 ego
814 972 920 1033 eadem
943 991 1009 1032 cum
1035 973 1211 1033 Ptolemaeo
1246 971 1389 1042 licentia,
1415 970 1538 1032 scilicet

173 1080 232 1123 non
255 1080 360 1139 parva,
385 1061 479 1122 talem
503 1061 543 1120 fui
568 1070 691 1121 secutus
715 1061 851 1122 modum:
876 1068 949 1141 quot
972 1060 1054 1121 horis
1079 1061 1223 1122 luminare
1241 1079 1335 1140 supra
1349 1060 1537 1121 horizontem

174 1151 300 1222 mansit,
332 1158 381 1211 tot
403 1149 432 1210 in
457 1149 545 1210 Luna
567 1168 704 1223 menses,
740 1150 770 1209 in
794 1149 865 1211 Sole
889 1148 960 1210 anni
983 1150 1066 1210 fuere
1089 1149 1330 1229 praesuppositi,
1355 1141 1405 1209 'ex
1429 1146 1536 1228 quihus

175 1238 221 1300 illi
245 1239 385 1300 effectum
409 1237 592 1311 sentiebant,
618 1237 668 1317 qui
691 1237 915 1316 respondebant
939 1237 1020 1298 horis
1044 1237 1169 1299 abortu
1193 1237 1330 1298 defectus
1347 1237 1535 1299 determina·

175 1328 225 1389 tis.
273 1328 404 1401 Verum,
433 1327 488 1387 hoc
512 1327 657 1387 modoad
683 1326 898 1387 Ptolemaicum
922 1327 1112 1401 confirmato,
1145 1325 1324 1405 principium
1348 1324 1537 1406 operationis

175 1415 297 1495 eclipsis
321 1415 438 1477 Solaris
471 1414 603 1476 cadebat
634 1425 705 1475 ante
738 1415 856 1476 initium
879 1415 1038 1494 eclipseos.
1085 1415 1182 1486 Puto,
1216 1416 1355 1476 defectus
1384 1432 1445 1475 nou
1470 1413 1534 1493 pati

175 1515 237 1566 tam
262 1505 443 1583 exquisitum
468 1504 625 1576 calculum,
651 1522 705 1564 nec
730 1522 803 1582 opus
828 1522 906 1577 esse,
932 1522 998 1564 cum
1017 1504 1124 1583 cuique
1147 1504 1208 1565 diei
1222 1504 1264 1564 sit
1279 1524 1336 1564 sua
1350 1502 1534 1583 significatio

176 1594 206 1655 in
230 1593 321 1654 astris
345 1612 383 1654 ex
407 1592 580 1671 aspectibus
604 1600 635 1652 et
658 1593 846 1653 transitibus.
894 1590 970 1654 Cum
986 1593 1083 1652 adhuc
1106 1592 1236 1653 nondum
1258 1596 1418 1653 exstarent
1443 1591 1537 1671 ephe·

176 1682 315 1756 merides,
339 1702 359 1743 a
374 1679 539 1742 Chaldaeis
562 1690 633 1742 sunt
656 1681 845 1743 introductae
870 1680 1073 1759 profectiones
1099 1681 1138 1742 ad
1159 1680 1380 1742 sublevandum
1402 1679 1538 1742 laborem

176 1769 346 1832 calculandi
368 1779 464 1832 astra.

246 1859 428 1908 Fabricius:
452 1859 493 1906 An
518 1857 623 1908 themu
648 1859 872 1921 conceptionis
890 1857 1018 1921 praevalet
1036 1857 1140 1922 genesi.
1171 1856 1210 1906 rel
1229 1855 1337 1906 conus?
1374 1856 1431 1922 Ego
1449 1856 1535 1921 genesi

174 1930 498 2052 zhurougil'usiffitunc
516 1943 572 1978 cum
590 1934 649 1978 aero
667 1929 763 1978 imbibit
781 1931 843 1977 vires
863 1929 937 1987 coeli,
956 1943 1005 1977 nou
1024 1930 1050 1976 in
1069 1930 1240 1992 conceptione,
1260 1927 1303 1976 uhi
1321 1942 1374 1977 non
1391 1934 1434 1978 est
1456 1926 1538 1985 heus,

178 2161 280 2241 magni
305 2193 346 2204 -
371 2171 418 2222 est
447 2167 547 2221 autem
572 2179 621 2220 res
644 2179 755 2239 magna
784 2159 856 2219 felix
879 2159 1036 2238 conceptio
1061 2189 1102 2199 —
1128 2160 1163 2219 fit
1190 2159 1255 2220 sine
1284 2177 1438 2220 consensu
1463 2159 1538 2221 coeli

175 2250 317 2324 natalitii,
341 2258 373 2311 et
389 2237 494 2330 „quae
518 2250 547 2310 in
572 2267 629 2308 uno
652 2250 744 2310 tertio
768 2248 847 2308 inter
869 2267 902 2308 se
926 2249 1150 2309 consentiunt.“
1197 2246 1366 2327 Conceptio
1394 2267 1465 2309 curn
1479 2266 1537 2328 pa·

176 2339 312 2404 rentibus
332 2337 501 2408 consentit,
525 2336 672 2399 nativitas
695 2355 763 2398 cum
786 2336 906 2411 iisdem,
940 2355 1011 2415 ergo
1035 2344 1067 2397 et
1090 2337 1248 2416 conceptio
1272 2355 1339 2397 cum
1364 2336 1538 2398 nativitate.

179 2429 214 2491 ln
238 2429 343 2508 genesi
365 2446 437 2488 rero
461 2427 661 2489 discernenda
686 2426 775 2504 plane
800 2425 871 2486 mibi
901 2425 1004 2486 thema
1032 2425 1202 2486 natalitium
1226 2425 1349 2486 sufficit.
1398 2424 1463 2486 Sed
1486 2434 1540 2488 tua

178 2536 271 2579 causa
294 2525 343 2578 est
365 2517 453 2589 bona,
479 2535 534 2577 nec
556 2515 784 2595 philosophica:
809 2534 898 2588 „cum
913 2520 983 2575 aere
1007 2516 1086 2574 vires
1110 2513 1186 2575 coeli
1205 2514 1341 2575 haurit.“
1391 2514 1441 2574 lta
1464 2513 1539 2575 hene

178 2605 292 2675 dixisti.
316 2617 350 2666 nt
372 2607 484 2679 rhetor,
509 2614 543 2665 at
565 2624 623 2664 non
648 2614 685 2664 ut
703 2603 957 2681 philosophicus„
986 2603 1076 2663 Vires
1100 2621 1205 2681 nempe
1229 2603 1305 2663 coeli
1329 2612 1459 2682 propter
1482 2621 1537 2665 ve-

177 2695 307 2757 hiculum
332 2695 412 2756 aeris
437 2712 495 2754 non
519 2693 716 2761 imbibuntur,
750 2692 919 2753 consistunt
943 2691 1021 2762 enirn
1045 2691 1075 2752 in
1100 2691 1316 2770 imaginatione
1340 2710 1442 2753 rerum
1465 2691 1539 2754 sub-

178 2783 335 2846 lunarium.

246 2871 426 2922 Fabricius:
446 2868 512 2929 Quia
530 2875 556 2919 te
574 2872 599 2918 in
618 2869 764 2933 physicis
783 2867 1066 2932 speculationibus
1085 2865 1206 2916 excellere
1224 2867 1313 2923 video,
1340 2867 1399 2918 ideo
1417 2876 1447 2918 et
1463 2868 1539 2919 tasse

175 2943 421 3010 quaestiones
439 2940 615 3004 physicas
634 2940 705 2988 simul
724 2941 768 2988 tihi
786 2954 923 3003 proponere
941 2939 1006 2987 volui
1025 2938 1202 2998 discutiendas.

251 3013 396 3073 Quaeritur,
417 3025 449 3061 an
468 3011 613 3061 fulmina
630 3014 680 3060 sint
698 3013 840 3070 materiata,
860 3011 898 3059 rel
916 3012 1016 3073 spiritus
1029 3008 1144 3058 tanturn?
1181 3007 1207 3057 Si
1226 3011 1370 3066 naemu,
1390 3024 1437 3060 cur
1454 3011 1541 3067 bno.

176 3086 214 3134 sel
234 3085 284 3134 alis
302 3092 417 3133 creatura
435 3083 560 3140 animata,
586 3097 635 3130 non
655 3082 769 3130 laedatur
787 3082 834 3130 illis
854 3083 940 3130 eodem
963 3081 1036 3130 modo
1063 3095 1107 3144 per
1125 3081 1309 3141 disjectionem,
1341 3081 1540 3132 maerebam

177 3164 221 3206 aut
240 3156 452 3214 deformationem,
471 3162 500 3202 ut
518 3155 580 3202 muri
599 3163 625 3203 et
643 3152 742 3201 turres?
779 3152 916 3201 Materiata
933 3166 1021 3215 nempe
1040 3152 1121 3201 locum
1140 3153 1276 3214 requirunt,
1296 3160 1322 3200 et
1336 3162 1473 3217 propterea
1490 3152 1541 3203 eh

176 3240 279 3292 corpora
295 3227 409 3290 ingressa
427 3224 527 3274 violenti
545 3232 622 3279 motu.
642 3239 674 3273 ea
692 3225 800 3273 sensibili
818 3225 929 3273 laesione
948 3225 1068 3274 afficiunt
1107 3222 1156 3283 Qui
1174 3222 1214 3282 ht,
1241 3223 1305 3286 quod
1331 3226 1540 3274 tonitruum

175 3298 287 3364 fragores
305 3297 370 3346 ultra
389 3294 414 3353 ³,
434 3296 473 3346 rel
491 3296 524 3345 ad
542 3311 664 3345 summum
682 3292 699 3343 f
717 3296 832 3345 milliaria
849 3311 899 3344 non
918 3297 1058 3353 audiantur,
1079 3303 1166 3344 contra
1185 3302 1362 3344 tormentorum
1382 3295 1539 3359 expletiones

176 3372 210 3421 ad
227 3366 254 3428 8,
275 3366 318 3426 fd,
338 3366 371 3416 22
390 3367 527 3418 milliaria?

266 3441 471 3521 Keplerus:
506 3440 553 3500 De
587 3438 759 3500 fulminibus
793 3439 867 3500 haec
891 3446 940 3500 est
970 3458 1037 3499 mea
1061 3437 1214 3498 sententia
1237 3438 1307 3509 (nec
1332 3437 1415 3500 enim
1440 3438 1539 3501 minus

175 3552 240 3607 me,
264 3548 320 3610 par
343 3538 405 3605 est,
431 3539 610 3609 arroganter
633 3529 830 3607 respondere,
855 3546 943 3606 quam
967 3536 999 3589 tu
1022 3526 1206 3588 confidenter
1229 3526 1381 3605 quaeris):
1411 3534 1446 3589 et
1470 3546 1538 3589 ma·

176 3620 297 3684 terialia
320 3638 399 3691 esse,
423 3627 456 3680 et
478 3619 611 3697 spiritus.
658 3617 737 3680 Nam
763 3627 795 3678 et
818 3617 940 3695 spiritus
965 3626 1013 3677 est
1036 3615 1174 3676 materia.
1221 3615 1354 3693 Lapides
1382 3634 1458 3678 sero
1483 3634 1538 3677 ne·

178 3711 289 3773 minem
313 3726 442 3789 unquam
457 3707 613 3788 excepisse
627 3717 710 3787 puto,
736 3714 769 3766 ut
785 3705 998 3786 specularetur.
1045 3705 1139 3765 Fallit
1160 3704 1297 3764 homines
1313 3703 1364 3764 ria
1378 3723 1434 3767 seu
1450 3706 1539 3767 limes

179 3800 306 3860 adustus
328 3815 383 3875 per
406 3797 540 3859 arbores.
587 3797 632 3856 At
655 3814 714 3856 non
738 3794 882 3874 sequitur,
908 3793 1039 3872 lapidem
1055 3793 1137 3853 illam
1157 3802 1302 3853 metatum
1317 3793 1412 3855 viam.
1460 3794 1539 3856 Pro-

178 3895 293 3967 ponant
318 3886 388 3947 mihi
414 3886 553 3966 lapidem,
579 3883 792 3945 demonstrabo
811 3883 887 3956 illis,
912 3882 938 3942 si
963 3882 1063 3942 durior
1087 3901 1145 3942 non
1170 3881 1273 3954 fuerit,
1306 3882 1418 3944 millies
1442 3882 1538 3945 dissi·

179 3976 273 4037 fuisse
298 3974 477 4052 oportuisse.
522 3975 568 4036 At
590 3992 629 4034 ex
643 3971 802 4035 arboribus
826 3970 1030 4031 exscinditur?
1061 3968 1252 4031 Oimbecille
1274 3969 1405 4031 fulmen!
1439 3973 1538 4034 Antu

179 4063 289 4137 credis,
309 4064 386 4123 hanc
410 4063 584 4125 violentiam
609 4064 637 4124 in
662 4062 741 4124 nodo
765 4055 911 4122 haerere?
957 4056 1045 4129 Quod
1065 4067 1165 4120 autem
1181 4078 1309 4139 corpora
1332 4078 1391 4120 non
1416 4060 1537 4123 eumin

180 4153 300 4215 modum
324 4151 531 4223 inimicentur,
555 4171 613 4231 quo
637 4151 733 4230 ligna,
758 4169 851 4210 causa
874 4156 922 4210 est
945 4148 1102 4221 mollities,
1128 4167 1205 4228 quae
1229 4149 1343 4211 nullam
1367 4148 1464 4211 habet
1488 4168 1538 4212 re·

179 4241 367 4314 sistentiam,
392 4251 424 4303 et
447 4241 526 4322 quod
550 4241 653 4302 ustilia
676 4259 733 4300 non
758 4247 842 4312 sunt,
868 4246 902 4299 ut
925 4237 1017 4318 ligna.
1063 4237 1179 4299 Eadem
1203 4256 1310 4312 causa,
1345 4256 1398 4300 cur
1422 4237 1541 4319 liquent

178 4331 409 4481 metaliircunda
432 4416 568 4498 quaestio
593 4416 631 4476 de
654 4415 779 4477 terribili
804 4417 935 4495 fragore.
982 4415 1050 4489 „De
1075 4414 1144 4476 forti
1167 4414 1329 4476 dulcedo.“
1364 4414 1467 4479 Judic.
1488 4412 1538 4479 fd

180 4509 261 4590 Ergo
286 4526 436 4587 nunquam
460 4507 524 4567 sine
549 4506 625 4566 nube
650 4513 747 4565 tonat.
798 4505 843 4565 At
866 4504 959 4565 imber
983 4523 1020 4564 ex
1044 4511 1256 4566 concamerata
1279 4503 1408 4578 decidit,
1443 4524 1539 4586 eaque

183 4616 241 4659 non
265 4598 349 4668 alta,
380 4615 418 4656 ex
441 4613 552 4674 vapore
576 4592 693 4655 scilicet
716 4593 922 4673 copiosissime
952 4592 1040 4654 simul
1068 4612 1105 4653 er
1138 4602 1219 4654 terra
1252 4593 1417 4655 exhalante
1450 4594 1539 4658 simul

181 4707 200 4746 a
223 4703 351 4765 superno
376 4684 456 4746 atris
480 4684 590 4762 frigore
615 4682 644 4742 in
669 4701 777 4762 aquam
801 4693 942 4756 cooacto;
966 4683 1087 4743 clausus
1103 4683 1203 4761 itaque
1224 4682 1327 4762 fragor
1341 4691 1400 4745 est.
1450 4682 1538 4746 Adde

182 4782 214 4835 et
237 4774 317 4854 quod
340 4773 483 4837 celeritas
507 4790 581 4852 pene
605 4771 672 4832 sola
695 4771 825 4851 fragoris
848 4791 951 4834 causa.
998 4772 1093 4846 Puto,
1123 4772 1282 4833 materiam
1305 4771 1439 4836 fulminis
1463 4792 1539 4835 ean·

182 4860 352 4936 demessa,
376 4881 452 4946 quse
475 4870 525 4925 est
547 4859 577 4924 in
601 4878 674 4924 auro
697 4859 835 4937 feriente,
857 4860 943 4943 cuius
966 4859 1081 4925 incensi
1102 4859 1182 4924 idem
1205 4868 1255 4924 est
1276 4858 1391 4943 fragor.
