3428 5542
263 314 329 383 262
808 315 932 379 ΑΜ*
947 313 1072 377 syenna

262 476 344 540 Solis
362 477 403 537 ad
425 477 530 537 Lunae
552 475 787 554 proportionem,
812 492 888 553 qnae
911 480 962 534 est
984 469 1080 548 921,
1105 473 1320 538 Aristarchum
1331 494 1415 552 vero,
1439 477 1492 557 qui
1514 475 1626 539 eadem

261 584 329 628 cum
351 565 489 626 Philolao
512 563 659 644 principia
680 563 880 643 sequebatur,
904 562 1012 631 aliam,
1036 580 1082 624 sc.
1106 563 1169 624 lere
1192 582 1269 642 qnae
1291 572 1343 626 est
1363 565 1444 627 inter
1465 563 1505 628 tt
1533 573 1570 627 st
1595 563 1626 627 l.

262 653 398 726 Quorum
420 653 494 714 illud
518 652 606 730 longe
630 660 678 712 est
701 672 721 712 a
743 652 874 713 veritate
897 651 1043 726 alienum,
1066 651 1123 714 boc
1146 652 1175 713 ei
1197 653 1375 731 proximum.
1421 655 1531 733 Itaque
1556 672 1627 715 sam

263 742 389 824 quisque
412 741 555 821 privatim
582 740 792 821 hypothesium
824 741 973 802 rationem
996 746 1046 801 est
1072 748 1208 814 secutus,
1242 759 1333 820 qnam
1354 743 1403 804 vel
1432 742 1627 822 praeceptori

265 850 320 894 sno
343 839 500 909 acceptam
525 829 610 901 tulit,
644 830 692 890 vel
717 829 850 910 physicis
874 828 1042 890 rationibus
1067 836 1300 892 consentaneam
1324 832 1459 903 oensnit,
1489 831 1539 892 rel
1568 830 1626 892 de·

265 918 535 984 rnonstrationibns
559 917 622 979 suis
645 918 834 996 aptissimam
859 925 1002 997 expertus
1025 926 1088 978 est:
1113 918 1298 993 nudavere,
1323 920 1368 980 ita
1386 919 1533 982 utUrsne
1547 919 1625 992 vult,

264 1008 382 1090 publice
405 1008 533 1068 invaluit
555 1014 609 1068 aut
632 1007 798 1068 solenniter
820 1006 993 1068 introducta
1011 1005 1074 1069 ruit
1096 1005 1306 1087 hypothesium
1328 1009 1436 1071 torna

354 1097 485 1176 Jamque
520 1096 643 1161 tandem
667 1096 706 1157 ad
740 1095 889 1156 celebrem
918 1094 1002 1156 illum
1024 1093 1283 1158 Aristarchum
1312 1095 1472 1158 Samium
1502 1104 1626 1173 tempo-

264 1202 331 1248 rum
353 1184 426 1246 ordo
450 1203 505 1246 nos
529 1184 664 1258 deducit,
689 1185 774 1264 cujus
798 1202 873 1263 quas
896 1189 1035 1244 recenset
1057 1182 1257 1245 Archimedes
1279 1184 1481 1266 hypotheses,
1503 1183 1627 1265 Pytha·

265 1292 441 1354 goraeorum
465 1281 497 1334 et
519 1273 649 1334 Philolai
673 1291 788 1352 quoqne
812 1271 906 1333 fuisse
931 1279 1002 1332 ante
1026 1270 1198 1343 Platonem,
1217 1273 1283 1350 jam
1307 1280 1358 1334 sat
1379 1273 1468 1335 nobis
1490 1279 1626 1334 conant

264 1361 517 1425 Accommodavit
539 1361 589 1422 ille
614 1362 732 1442 quidem
746 1378 924 1421 'sermonem
957 1378 1043 1421 suum
1067 1360 1394 1434 demonstrationibus,
1427 1370 1460 1423 et
1481 1359 1627 1422 circulum

265 1471 323 1532 quo
346 1451 441 1513 Terra
468 1450 599 1511 volvitur
629 1450 705 1512 dixit
737 1468 804 1510 eam
837 1449 947 1511 habere
981 1447 1205 1527 proportionem
1229 1449 1268 1510 ad
1291 1451 1385 1523 lixae,
1418 1468 1508 1530 qnam
1532 1449 1629 1511 habet

265 1549 400 1602 centrum
432 1540 470 1600 ad
503 1538 783 1601 circumferentiam.
830 1536 920 1607 Quod
935 1537 1107 1615 explicans
1141 1538 1340 1601 Archimedes
1371 1538 1479 1601 iisdem
1511 1555 1627 1617 props-

264 1629 382 1690 modum
405 1627 507 1689 verbis
530 1628 634 1702 utitur,
658 1628 764 1707 quibus
788 1646 882 1706 snpra
896 1625 1100 1706 Pythagoraei
1123 1645 1209 1687 suam
1229 1628 1309 1707 apud
1323 1627 1627 1689 Aristotelemmen·

263 1727 325 1780 tem
353 1717 596 1796 explicaverunt:
631 1718 709 1796 quod
737 1717 957 1796 deprehendet,
991 1715 1040 1794 qui
1073 1716 1209 1776 conferre
1242 1725 1369 1796 utraque
1392 1716 1484 1778 volet
1531 1715 1628 1794 quue

264 1806 414 1886 estquod
437 1814 524 1867 tanto
548 1806 645 1883 magis
668 1806 839 1877 confirmat,
874 1804 952 1884 quod
975 1823 1066 1882 supra
1089 1803 1211 1883 saepius
1235 1805 1377 1866 iteratum
1400 1812 1467 1876 est,
1501 1803 1627 1866 eaedem

263 1895 399 1974 utrisque
422 1903 454 1956 et
475 1895 697 1975 Pythagoraeis
721 1902 753 1956 et
775 1894 955 1955 Aristarcho
979 1892 1073 1954 fuisse
1097 1893 1291 1973 hypotheses
1340 1891 1488 1964 Quamvis
1511 1891 1627 1954 Archi·

263 1985 361 2066 medis
384 1984 421 2045 de
444 1983 617 2046 Aristarchi
648 2001 739 2044 sensu
761 1984 937 2062 conjectura
968 1981 1101 2042 nonnihil
1130 1981 1278 2061 impingit.
1324 1982 1403 2044 Vult
1424 1981 1629 2044 Archimedes

265 2074 309 2139 sic
330 2073 559 2151 intelligendum
577 2071 797 2144 Aristarchum,
823 2091 899 2151 quae
923 2069 964 2130 sit
986 2070 1140 2149 proportio
1159 2071 1272 2132 Terrae
1295 2071 1334 2132 ad
1357 2070 1519 2150 sphaeram
1533 2068 1646 2144 sotis,

265 2162 392 2224 eandem
422 2180 490 2223 esse
513 2159 660 2240 sphaerae
685 2160 767 2222 Solis
791 2161 861 2231 (seu
883 2160 1011 2231 Terrae)
1043 2158 1083 2220 ad
1106 2159 1266 2239 sphaeram
1288 2160 1424 2221 fixarum.
1471 2159 1519 2220 At
1551 2158 1629 2221 haec

265 2251 363 2312 adhuc
386 2249 541 2329 proportio
564 2267 622 2310 non
641 2249 755 2311 sufficit
768 2247 940 2311 Aristarchi
954 2247 1272 2310 demonstrationibus.
1318 2249 1398 2310 Nam
1421 2247 1466 2309 ita
1488 2242 1628 2310 est'sen·

266 2340 351 2401 sibus
375 2337 652 2417 comprehensibilis
666 2338 778 2399 Terrae
800 2338 841 2400 sd
864 2337 1024 2416 sphaeram
1040 2334 1122 2398 Solis
1140 2337 1304 2417 proportio,
1329 2345 1363 2398 ut
1379 2335 1552 2417 parallaxin
1565 2334 1629 2399 s·-

265 2428 303 2490 lis
334 2427 513 2488 minutorum
542 2426 658 2506 aliquot
686 2427 808 2488 efficiat.
865 2425 1003 2487 Totidem
1032 2424 1124 2504 igitur
1151 2425 1331 2488 minutorum
1357 2424 1525 2505 parallaxis
1548 2425 1630 2487 ister

265 2517 343 2579 fixas
367 2525 400 2577 et
422 2515 583 2594 sphaeram
607 2534 666 2594 qua
685 2515 789 2578 Tellus
812 2513 944 2576 volvitur
965 2513 1176 2576 intercederet.
1222 2515 1268 2576 At
1285 2513 1483 2577 Aristarchus
1509 2531 1630 2576 omnem

265 2606 357 2686 plarm
380 2621 503 2665 sensum
535 2604 685 2679 excludit,
719 2606 789 2668 dum
816 2603 962 2665 infinitam
991 2602 1090 2682 quoad
1119 2621 1240 2664 sensum
1271 2602 1496 2682 proportione-
1529 2602 1628 2664 intre·

266 2693 359 2758 ducit.
408 2692 471 2755 Sed
504 2693 579 2755 haec
603 2692 711 2755 obiter.
758 2694 827 2755 Non
851 2701 901 2752 est
932 2699 1032 2752 autem
1056 2690 1187 2770 impunis
1213 2691 1354 2753 habenda
1377 2690 1448 2753 Ursi
1477 2689 1629 2753 dubitatio

265 2784 303 2844 de
328 2789 431 2846 aetate
463 2802 522 2861 qua
551 2781 661 2843 claruit
685 2781 898 2851 Aristarchus,
932 2799 983 2853 ne,
1018 2779 1067 2859 qui
1101 2779 1200 2840 sciunt
1222 2780 1334 2843 Ursum
1366 2781 1460 2841 etiam
1491 2778 1629 2841 historiis

265 2887 389 2949 operam
413 2870 543 2944 dedisse,
568 2890 635 2932 cnm
659 2873 724 2950 ipso
748 2871 826 2932 citra
848 2886 970 2930 causam
993 2867 1189 2928 dubitandum
1212 2869 1270 2930 sihi
1289 2868 1475 2930 existiment.
1516 2867 1629 2940 Dubis,

151 2998 154 3005 ·
266 2959 398 3038 inquam,
424 2959 519 3020 Ursus
544 2960 756 3023 Aristarchum
779 2960 873 3021 refert
895 2957 960 3018 eive
984 2956 1041 3018 snb
1063 2955 1270 3018 Ptolemaeum
1294 2957 1540 3035 Philadelphum,
1563 2956 1631 3018 aire

266 3046 323 3109 enh
347 3047 588 3110 Philometorem.
638 3048 842 3110 Intolerabilis
865 3045 1056 3117 incertitudo,
1081 3064 1147 3105 cnm
1170 3045 1201 3106 hi
1224 3043 1245 3107 2
1264 3064 1354 3122 reges
1380 3042 1443 3107 100
1466 3044 1557 3106 annis
1580 3045 1629 3107 in·

267 3134 364 3196 vicem
396 3135 518 3215 distent.
573 3136 618 3197 At
651 3137 750 3198 facilis
785 3136 871 3198 labor
903 3135 980 3194 hanc
1012 3132 1230 3195 dubitationem
1269 3134 1405 3195 tollendi.
1456 3131 1630 3215 Syracusas

268 3222 456 3303 expugnavit
479 3224 651 3297 Marcellus,
677 3226 781 3286 consul
806 3224 970 3295 Romanus,
994 3241 1072 3283 anno
1097 3218 1127 3285 9.
1154 3223 1320 3284 Ptolemaei
1343 3221 1568 3301 Philopatoris:
1592 3241 1632 3284 es

267 3312 298 3373 in
331 3312 552 3391 expugnatione
584 3313 784 3374 Archimedes
820 3312 998 3373 interiectus
1031 3319 1087 3373 est
1144 3310 1275 3391 Scripsit
1305 3312 1397 3391 igitur
1429 3310 1565 3373 libellum
1592 3310 1630 3372 tle

268 3419 378 3462 menae
402 3419 538 3471 numero,
570 3402 599 3461 in
625 3422 682 3482 quo
707 3403 743 3462 de
768 3401 938 3463 Aristarchi
962 3399 1179 3481 hypothesibus
1212 3408 1331 3473 narrat,
1365 3408 1437 3461 ante
1460 3395 1493 3462 9.
1517 3418 1630 3462 annom

268 3488 488 3567 Philopatoris;
513 3498 544 3550 et
567 3491 646 3551 sorte
669 3491 724 3551 sub
748 3490 835 3550 linem
859 3488 975 3568 imperii
997 3488 1172 3567 Euergetis,
1202 3508 1289 3568 quem
1311 3489 1447 3569 proxime
1469 3487 1630 3551 Philadel-

267 3577 346 3656 phus
370 3579 545 3639 antecessit.
593 3579 636 3639 At
650 3578 838 3656 Philopatori
853 3577 1036 3657 Epiphanes,
1062 3586 1093 3637 et
1116 3577 1183 3639 hnic
1207 3577 1325 3639 demum
1350 3577 1536 3639 Philometor
1558 3595 1631 3638 sno·

267 3665 371 3728 cessit
418 3667 467 3727 Ita
481 3667 644 3739 coniicitur,
669 3666 889 3739 Aristarchum,
913 3667 997 3745 cujus
1013 3665 1105 3727 libros
1119 3667 1318 3728 Archimedes
1339 3667 1422 3744 legit,
1446 3665 1504 3726 sub
1519 3664 1629 3726 Phila·

269 3754 378 3834 delpho
393 3756 550 3826 clamisse,
569 3774 624 3816 nec
641 3756 704 3816 ulla
719 3774 812 3816 causa
836 3755 873 3816 de
885 3755 1089 3816 Philometore
1110 3755 1296 3834 suspicandi.
1334 3755 1436 3816 Habet
1450 3752 1631 3816 historicam

268 3843 523 3904 confirmationem
538 3844 713 3905 historicus:
739 3845 845 3905 audiat
863 3845 1096 3905 astronomicam
1110 3853 1311 3904 astronomus.
1353 3842 1631 3906 ObserravitAri·

268 3931 408 3992 starchus
442 3933 590 3993 aestivale
624 3932 787 3994 solstitium
823 3941 944 3993 anctore
976 3932 1164 4012 Hipparcho,
1200 3943 1233 3994 ut
1265 3933 1344 3995 Ptol.
1379 3933 1431 3994 ΙΙΙ.
1468 3931 1495 3994 l.
1525 3933 1631 4006 refert,

269 4037 347 4080 auno
372 4017 425 4082 50.
449 4021 563 4098 primae
584 4021 701 4100 periodi
725 4020 903 4101 Callipicae.
950 4023 981 4083 Is
1004 4023 1062 4083 luit
1084 4040 1180 4083 annus
1203 4017 1234 4084 6.
1259 4021 1461 4101 Philadelphi.

360 4109 420 4169 Tot
449 4110 616 4171 nominibus
649 4112 678 4172 in
708 4110 835 4173 historia
861 4129 918 4171 sna
949 4111 1115 4190 impingens
1144 4111 1240 4172 Ursus
1271 4111 1382 4172 malum
1411 4110 1534 4188 insuper
1565 4110 1635 4189 agit

268 4196 464 4277 interpretem
487 4199 658 4260 Aristarchi
682 4209 714 4259 et
737 4198 915 4279 Gopernici,
941 4208 973 4261 et
994 4201 1173 4280 imputatam
1197 4200 1264 4261 aliis
1286 4199 1316 4260 in
1340 4197 1510 4279 Oopernico
1532 4199 1630 4262 intel·

270 4285 392 4364 ligendo
424 4287 602 4348 tarditatem
631 4288 659 4348 in
684 4306 717 4348 se
740 4290 902 4351 manifeste
930 4289 1090 4351 transfert:
1124 4289 1207 4362 dnm,
1241 4308 1337 4369 quam.
1353 4288 1540 4367 Cepernicus
1562 4288 1634 4351 axis

269 4374 393 4435 Terreni
418 4376 484 4454 (qni
499 4375 549 4435 axi
568 4376 797 4454 aequinoctialis
812 4378 990 4455 respondet)
1014 4377 1240 4440 inclinationem
1263 4378 1302 4439 ad
1324 4379 1448 4458 planum
1469 4376 1634 4456 eclipticas

271 4464 399 4536 statuit,
425 4463 502 4523 hanc
527 4463 577 4523 ille
601 4465 788 4527 notationem
812 4468 891 4528 inter
912 4468 1069 4545 planetas,
1098 4467 1137 4527 ad
1161 4467 1258 4528 instar
1279 4467 1367 4528 navis
1390 4467 1420 4528 in
1443 4465 1535 4539 mari,
1567 4467 1633 4546 jan

269 4551 300 4611 in
326 4570 465 4630 proram,
485 4551 548 4628 jam
572 4554 602 4612 in
626 4553 749 4633 puppim
771 4555 984 4629 incumbentis,
1018 4557 1244 4636 interpretatur.
1292 4557 1336 4617 At
1367 4564 1433 4617 toto
1456 4555 1543 4617 coelo
1566 4553 1636 4619 Co·

271 4640 434 4715 peroicano
458 4639 588 4700 aberrat
637 4642 716 4702 Nam
739 4645 796 4704 etsi
821 4645 888 4705 axis
903 4644 1014 4706 Terrae
1038 4645 1068 4705 in
1087 4644 1229 4707 solstitiis
1251 4644 1370 4706 inclinis
1384 4653 1434 4706 est
1456 4645 1497 4706 ad
1520 4644 1634 4708 linem

272 4745 288 4786 e
313 4726 386 4789 Sole
409 4728 439 4788 in
464 4738 598 4789 centrum
615 4731 725 4791 Terrae
749 4733 881 4804 ductam,
905 4734 934 4794 in
958 4732 1155 4813 aequinoctiis
1172 4752 1246 4795 vero
1267 4743 1366 4795 motos
1389 4752 1456 4795 eum
1478 4754 1518 4796 ea
1538 4736 1637 4800 efficit

273 4816 418 4893 angulos:
452 4834 511 4876 non
541 4827 642 4878 tamen
666 4817 696 4879 id
720 4821 753 4881 nt
776 4832 890 4884 annutu
912 4822 961 4883 vel
987 4823 1121 4898 abnntu,
1155 4823 1208 4883 sed
1236 4823 1271 4884 tt
1301 4823 1504 4886 translatione
1533 4826 1635 4893 cosmi
