3428 5542
730 315 892 368 murone
1224 370 1227 375 .
1445 313 1484 381 21

134 488 205 539 pere.
241 473 298 538 Ipse
316 475 397 530 enim,
414 475 479 525 11151
495 476 521 525 15
540 474 690 525 Tabularum
706 474 894 529 Prutenioemm
911 479 1064 543 pnetatione
1081 480 1243 540 protestetur,
1270 481 1296 526 et
1313 489 1398 538 earum
1415 475 1487 526 tebu-

135 546 218 596 larum
243 547 338 596 uumen'
363 551 527 604 1111515151,
555 547 736 597 observationes
760 555 786 598 et
808 551 1030 600 demonstrationes
1055 548 1071 597 t
1094 547 1227 611 Goperuiou
1249 547 1385 610 propositas
1412 547 1489 597 multo

136 618 249 668 11111111
268 622 294 667 et
312 618 465 678 accuratius,
490 632 564 682 quem
583 620 634 682 ipse
653 618 814 683 copernicm,
837 621 966 678 discussit,
990 620 1045 671 ideo
1064 624 1191 674 numeros.
1216 618 1302 682 quibus
1320 616 1488 668 Rheinholdus

135 688 223 739 nundi
239 686 358 753 epheerss
375 687 499 739 dimensus
517 695 570 746 est.
596 696 622 741 et
644 690 778 754 exquibus
796 691 852 742 illes
869 706 943 754 suas,
967 691 1112 742 Pmtenioas
1135 690 1230 744 dictes.
1255 687 1353 739 1115111
1371 689 1487 746 coniecit,

135 767 257 825 tunquam
277 759 436 823 periecdores
458 761 594 824 eequmdos
612 762 730 811 existimo.
766 759 909 827 Optandnm
928 769 1011 815 eutem
1029 770 1102 819 esset,
1120 760 1269 811 Rheiuholdi
1286 761 1488 811 commentarium

136 833 165 882 iu
182 830 312 896 Goperuioi
328 831 416 891 libros,
444 831 483 882 rel
499 833 579 897 potius
597 832 623 881 in
641 846 699 882 suas
716 833 862 885 Pretenices
880 835 1003 892 Tabulas,
1027 832 1155 898 aliquoties
1174 832 1276 896 abipso
1294 831 1437 895 promissum
1461 832 1488 882 in

135 909 234 969 promtu
252 916 315 961 1111,
335 917 366 953 ex
383 917 412 953 eo
431 905 496 953 enim
515 919 564 953 non
582 908 680 955 tantum
698 904 862 956 dimensiones
879 906 925 956 hes
943 906 1080 957 describere
1097 917 1239 968 possemm.
1258 902 1302 952 sed
1320 902 1487 967 etiempluri-

135 976 184 1025 mie
202 973 357 1024 adminiculis
374 975 430 1038 ipse
449 976 613 1030 estromenta.
638 989 681 1039 pro
700 975 848 1033 defectibus,
874 978 959 1042 quibus
978 976 1059 1027 edhuc
1077 975 1196 1032 laborata
1207 973 1304 1024 facilius
1321 974 1487 1030 restituendis.

135 1059 287 1112 magnopere
303 1042 462 1097 hauddubie
480 1045 644 1109 adtereretur.
680 1044 746 1106 Quia
764 1054 848 1098 151151
865 1049 994 1112 inopinate
1011 1054 1037 1097 et
1054 1047 1186 1096 immature
1203 1046 1247 1094 risi
1265 1050 1343 1095 morte
1365 1051 1419 1095 tem
1439 1045 1487 1096 hoc

135 1130 212 1183 quern
230 1116 281 1166 1111
296 1116 428 1166 5111111151
444 1131 520 1180 opere
536 1118 674 1180 interrupte
691 1117 797 1180 luerunt,
816 1118 896 1169 altere
908 1133 972 1184 quae
984 1124 1064 1170 restat
1079 1119 1120 1167 ria
1137 1116 1260 1168 mutanda
1277 1121 1324 1174 est,
1342 1130 1393 1180 que
1408 1122 1484 1167 retro-

134 1189 218 1255 grade
229 1187 345 1239 memoro
360 1200 377 1238 1
393 1188 443 1240 tine
461 1188 494 1240 ed
511 1189 607 1238 initium
624 1190 762 1239 teterrimi.
790 1188 892 1241 Numeri
909 1191 984 1256 igitur
1001 1192 1028 1240 iu
1040 1189 1130 1240 tabulis
1147 1190 1222 1253 ipsius
1238 1188 1324 1252 scripti
1341 1186 1486 1245 resolvendi,

135 1266 163 1311 st
183 1274 216 1311 ex
239 1260 275 1310 eis
296 1259 347 1317 illi,
374 1274 433 1324 quos
451 1256 620 1310 Rheinholdus
643 1259 755 1325 diligenti
778 1261 973 1312 observationum
999 1268 1025 1312 et
1048 1261 1283 1311 demonstrationum
1305 1259 1419 1310 11115151
1442 1273 1486 1324 pro

135 1330 270 1383 eondmdts
292 1328 341 1379 iliis
363 1330 421 1395 ipsis
445 1331 536 1380 tabulis
557 1332 665 1387 invenit,
690 1332 792 1382 eruendi
809 1338 888 1382 erunt.
926 1331 1002 1397 Spero
1021 1339 1105 1382 eutem
1122 1333 1172 1382 ista
1190 1330 1333 1381 remeando
1357 1329 1416 1381 huic
1438 1328 1487 1381 hoo

133 1401 195 1452 libre
212 1401 304 1452 madito
321 1400 355 1451 D.
374 1401 476 1467 Keplert
493 1402 591 1452 invento
609 1417 659 1451 non
677 1417 762 1466 pamm
780 1403 966 1454 commodatura
984 1403 1063 1454 esse.“

206 1471 317 1528 Numeri.
334 1486 395 1536 quos
407 1472 554 1524 ldeeetlinus'
565 1474 591 1523 in
603 1473 689 1523 tebuie
700 1489 747 1525 151
758 1474 884 1532 retuleret.
898 1475 1005 1540 Keplem
1016 1476 1097 1525 miuus
1109 1478 1227 1524 accurate
1238 1472 1352 1524 subducti
1364 1473 1485 1532 ridentur,

134 1549 164 1595 et
179 1544 221 1596 ille
238 1558 256 1594 1
272 1543 409 1609 Ksplero
426 1548 512 1596 erroris
530 1545 682 1617 conrincitur
698 1545 736 1595 his
753 1546 844 1596 literis:

217 1701 399 1768 classone
414 1702 532 1765 domine
546 1706 741 1785 praeceptor:
766 1705 905 1767 Mercurii
925 1705 1135 1784 importunitas
1154 1712 1187 1767 et
1208 1703 1378 1785 petulantie
1400 1703 1484 1781 iecit,

133 1802 169 1857 51
196 1812 257 1855 555
289 1791 417 1874 poesim,
450 1792 584 1873 quemvis
615 1812 652 1855 ex
679 1794 838 1856 intervallo
867 1795 998 1856 locorum
1026 1812 1084 1855 non
1112 1794 1298 1874 importunus
1327 1812 1397 1855 esse
1425 1793 1506 1857 tuis

133 1880 389 1964 occupationibus.
435 1881 520 1944 Dicis
542 1882 571 1944 in
595 1883 700 1946 tabula
722 1882 852 1961 ἀφηλιων
875 1889 908 1944 et
934 1881 1093 1962 desperes,
1122 1882 1283 1945 maximam
1309 1882 1487 1947 distantiam

116 1976 199 2050 ,111
222 1967 274 2050 Θ,
298 1990 364 2033 cum
386 1971 411 2046 ὅ
436 1971 545 2034 triente
569 1971 608 2034 eb
631 1973 694 2053 ejus
718 1971 841 2051 daoyeqs
865 1972 961 2047 abest,
986 1991 1054 2034 esse
1078 1968 1197 2038 50580.
1238 1970 1337 2035 Credo
1360 1971 1486 2034 verissi-

132 2080 213 2124 mum
234 2060 314 2123 hunc
337 2078 405 2122 esse
428 2079 581 2123 numerum
604 2069 636 2123 et
659 2062 696 2122 ad
721 2061 902 2123 anomaliam
929 2061 1059 2124 eccentri
1083 2062 1131 2124 vel
1154 2061 1266 2122 Terrae
1290 2062 1328 2124 ab
1352 2080 1488 2143 epogeeo

133 2149 313 2213 distantiam
328 2145 360 2212 2‘
374 2143 415 2212 0⁰
427 2153 693 2212 accommodatum.
724 2150 785 2214 Sed
800 2149 850 2231 qui
868 2151 909 2225 rit,
935 2151 1012 2231 quod
1031 2151 1112 2213 idem
1131 2169 1189 2212 non
1213 2150 1304 2212 etiam
1327 2168 1382 2212 usu
1405 2150 1489 2213 venit

132 2240 165 2302 iu
188 2248 242 2303 tue
265 2238 371 2301 tabula
393 2238 504 2315 altera,
528 2239 578 2301 ubi
602 2239 765 2303 distantias
787 2241 977 2321 planetarum
1000 2259 1037 2301 ex
1059 2239 1227 2303 Pretenicis
1252 2239 1488 2303 demonstrasti?

221 2327 365 2392 Sumatur
387 2327 522 2390 ultimum
545 2328 586 2391 ibi
610 2330 739 2391 schema.
787 2329 884 2411 Igitur
911 2329 990 2391 linea
1018 2349 1094 2411 quae
1123 2329 1152 2391 iu
1181 2350 1309 2408 nepsysrp
1340 2329 1398 2391 fuit
1421 2328 1487 2404 ΡΑ,

132 2437 171 2480 ee
195 2417 263 2497 jam
291 2416 372 2479 ultra
395 2416 425 2478 K
451 2417 547 2479 crevit
574 2420 611 2480 ad
634 2418 665 2481 R
692 2436 805 2499 usque,
839 2427 871 2479 et
899 2426 947 2479 est
969 2419 1034 2481 PR.
1080 2416 1224 2480 Vicissim
1254 2417 1334 2479 linea
1357 2436 1434 2498 quae
1457 2416 1488 2480 in

130 2528 264 2588 nrpqaq)
286 2506 324 2568 eb
343 2506 373 2566 A
396 2515 499 2569 centro
522 2507 602 2568 orbis
627 2527 719 2588 usque
745 2507 784 2569 ed
808 2504 838 2568 G
861 2517 994 2568 centrum
1018 2507 1098 2569 orbis
1120 2508 1143 2582 5
1166 2506 1256 2569 ducta
1279 2506 1345 2580 tuit,
1370 2526 1408 2568 ee
1431 2506 1487 2568 de-

133 2596 228 2660 crevit
241 2597 318 2676 jem,
341 2601 375 2655 ut
393 2595 434 2657 sit
452 2614 510 2657 non
530 2597 655 2674 longior,
681 2615 767 2677 quam
784 2596 847 2665 ΑΡ,
873 2603 905 2655 et
918 2595 1068 2658 iuvenitur
1082 2590 1178 2669 6549,
1203 2613 1269 2656 cum
1284 2594 1375 2657 fuerit
1389 2590 1486 2670 9460,

133 2685 304 2749 differentia
322 2679 406 2746 2911
429 2685 620 2748 decrementi.
655 2684 717 2748 Sed
742 2683 802 2746 GK
824 2680 934 2748 35730

200 2835 203 2841 .
742 2772 798 2836 PR
827 2769 935 2836 38580

848 2878 936 2945 2850
954 2879 1124 2942 differentia
1137 2877 1300 2959 augmenti,
1316 2895 1374 2939 uon
1388 2882 1485 2954 tants,

129 2977 247 3052 quante
279 2969 473 3031 decrementi.
520 2968 578 3030 Est
610 2968 701 3050 igitur
734 2971 854 3033 brevior
885 2969 1032 3032 distentia
1063 2967 1092 3031 in
1125 2969 1235 3031 triente
1268 2966 1307 3029 ab
1339 2983 1485 3046 apogeeo.

128 3058 254 3123 Etenim
276 3055 338 3120 AG
360 3064 393 3119 et
414 3057 471 3119 PK
493 3058 522 3119 in
547 3066 658 3120 rectem
683 3067 827 3122 extensae
857 3060 990 3124 efficiunt
1012 3054 1136 3127 45190.
1167 3057 1222 3118 sed
1245 3056 1301 3118 ΑΡ
1324 3064 1356 3117 ct
1377 3054 1434 3118 PR
1456 3057 1487 3118 in

129 3156 246 3211 rectem
269 3154 412 3210 extensae
437 3146 570 3208 efficiunt
593 3154 711 3210 tentem
730 3147 849 3213 45129.
882 3149 940 3210 Hic
954 3149 1074 3210 haereo.
1109 3145 1171 3209 Oro
1191 3152 1292 3208 eutem
1311 3145 1335 3207 si
1355 3151 1486 3207 erratum

130 3244 182 3299 est
213 3236 244 3298 iu
277 3233 405 3317 proditis
437 3237 568 3298 numeris
600 3235 812 3300 distantiarum
840 3259 859 3299 a
888 3245 992 3299 centro
1016 3236 1116 3316 magni
1140 3236 1235 3311 orbis,
1265 3253 1301 3296 nc
1324 3253 1371 3296 me
1395 3233 1485 3307 celse,

129 3333 231 3389 utrum
258 3325 337 3388 idem
366 3342 447 3386 error
470 3325 561 3388 etiam
593 3326 748 3405 irrepserit
779 3327 808 3388 in
836 3326 970 3390 tabulam
995 3324 1137 3403 testes,
1166 3342 1375 3405 numerumque
1402 3322 1488 3385 illam

129 3416 245 3478 dictum
269 3433 312 3477 sc.
337 3410 456 3477 50580.
502 3412 646 3486 (Schema
669 3433 726 3496 quo
749 3416 897 3495 Keplerus
920 3416 968 3477 hic
992 3435 1063 3477 usus
1087 3423 1151 3490 est,
1175 3415 1288 3487 deest.)

218 3504 314 3566 Porro
337 3501 392 3566 ΑΡ
415 3503 459 3564 sic
482 3502 673 3584 investigavi.
711 3504 768 3566 ΑΕ
792 3506 880 3566 detur
904 3523 939 3566 ex
963 3511 1016 3566 tua
1039 3504 1272 3583 competetione.
1328 3532 1374 3582 m,
1388 3532 1409 3572 e.

129 3594 211 3658 Nem
231 3587 464 3656 arcessiat.
496 3586 705 3675 emitti„
726 3593 850 3655 dimidie
863 3593 921 3655 Fit
937 3587 1076 3675 10579..
1111 3592 1191 3673 Ergo
1207 3599 1274 3654 tota

128 3682 194 3745 Art
220 3677 318 3746 6288.
365 3679 422 3743 ΩΡ
447 3699 518 3743 vero
551 3691 601 3744 est
631 3682 874 3762 perpendiculum
907 3680 1084 3762 aequilateri
1117 3679 1271 3760 trianguli.

127 3771 213 3851 Ergo
236 3771 266 3832 in
285 3770 435 3851 triangulo
453 3769 542 3832 ΑΩΡ
561 3770 687 3852 angulus
706 3772 744 3834 ad
763 3772 793 3834 a
816 3778 925 3840 rectus,
950 3780 981 3833 et
1004 3772 1102 3833 latere
1119 3769 1190 3842 ΑΩ,
1217 3768 1273 3830 ΩΡ

128 3861 215 3924 data
256 3860 336 3922 Hinc
358 3859 415 3921 ΑΡ
438 3855 533 3923 6549.
576 3860 671 3941 Perge
695 3862 883 3942 55155115,
913 3866 945 3920 et
967 3860 1068 3922 rudem
1092 3858 1218 3921 tironem
1241 3857 1272 3918 iu

127 3949 286 4031 principiis
313 3949 471 4012 instituere
501 3968 596 4030 aequo
625 3948 740 4025 animo;
771 3958 861 4031 etque
889 3950 966 4012 hunc
993 3949 1085 4010 etiem
1108 3947 1271 4010 Maestline

127 4039 201 4102 mihi
224 4038 356 4101 concede
379 4038 532 4100 laborem:
564 4039 607 4101 sic
631 4039 730 4101 omnia
753 4048 807 4102 tna
829 4039 930 4102 studia
953 4039 1099 4102 foeliciter
1122 4037 1176 4101 tibi
1199 4055 1270 4100 suc·
1295 4071 1314 4115 ῃ
1415 4036 1418 4044 ’

128 4129 250 4192 cedent

219 4216 301 4279 Vale
325 4213 345 4279 3
370 4213 444 4289 (19)
467 4216 542 4296 Apr.
566 4210 695 4291 (1596).
790 4220 793 4225 ’

219 4304 427 4385 Stutgardiae.
495 4304 656 4385 Responde
679 4304 858 4369 brevissime
876 4313 909 4368 et
926 4304 978 4367 vili
997 4304 1157 4368 schedula:
1189 4323 1248 4366 non
1271 4309 1342 4384 peto
1366 4304 1481 4369 literae.

748 4397 787 4458 Η.
814 4396 847 4458 Τ.
1061 4392 1251 4474 gratissimus
1274 4393 1437 4474 discipulus

1114 4482 1161 4546 Μ.
1186 4482 1238 4545 Jo.
1262 4481 1392 4565 Kepler.

199 4641 229 4692 in
242 4639 369 4693 Hemchio
388 4641 439 4692 elie
457 4642 487 4692 de
506 4643 594 4694 eedem
611 4657 638 4694 re
656 4644 760 4708 epistole
777 4646 883 4695 occurrit
902 4644 925 4694 d.
938 4642 1032 4710 stuttg.
1045 4645 1069 4695 d.
1084 4643 1097 4692 1
1113 4645 1181 4709 Ape„
1199 4657 1273 4709 quero
1291 4642 1414 4707 Keplerue
1431 4658 1482 4695 non

125 4715 197 4768 nisa
213 4712 346 4765 1111111155
365 4711 487 4775 (Hausch.
506 4730 530 4780 p.
553 4712 605 4777 12).
642 4717 720 4783 Atque
737 4716 794 4766 illes
811 4717 896 4769 literas
914 4718 999 4769 rtatm
1016 4716 1064 4767 hae
1083 4721 1185 4768 secutae
1203 4723 1276 4769 suut:

1444 3930 1468 3977 ἱ
