3428 5542
174 331 240 398 340
596 334 695 384 Literna
712 332 816 397 Koplari
835 333 986 400 aliorumque
1004 339 1105 384 mutem

177 534 180 541 .
245 494 425 544 Fabricius:
451 492 550 564 homme,
569 492 728 543 latitudinem
740 491 846 543 Veneris
865 508 919 543 esse
938 489 977 543 9⁰.
1015 492 1115 554 Quaeso
1134 491 1192 542 mibi
1211 493 1290 549 diosa
1308 506 1357 556 quo
1376 491 1404 541 iu
1420 488 1476 539 loce
1493 502 1534 538 au-

173 566 239 617 diaei
256 566 389 614 maximam
408 565 492 627 Tycha
511 564 699 630 deprehenderit
716 565 882 622 latitudinem,
902 572 928 615 et
945 571 1040 629 quanta
1057 564 1101 615 illa
1118 566 1231 628 praeciae
1248 565 1282 613 ait
1300 558 1416 626 ubique?

263 637 467 716 Keplerus:
501 637 648 699 Latit-udo
674 635 698 709 Ω
724 644 772 696 est
795 633 839 710 9⁰,
865 632 1003 698 fere10⁰
1027 637 1056 698 in
1080 644 1118 709 11.
1142 634 1279 717 praecise
1299 633 1413 696 nescio.
1449 630 1535 693 Dixit

174 727 255 787 idern
279 725 482 803 Albategnius
505 727 535 786 in
556 726 747 798 Ptolemaeo;
774 725 960 786 libratorium
984 744 1115 787 errorem
1138 724 1319 803 suspicatur.

174 883 207 946 (c
244 813 426 944 Fabriaciiffi:
458 813 507 863 Vix
530 814 630 864 credere
655 829 766 877 possum.
795 813 945 879 Mercurium
963 815 1008 863 tibi
1032 813 1159 864 catarrhos
1184 814 1293 864 excitare
1311 812 1338 861 ln
1355 810 1466 860 mnnita
1483 823 1535 859 auc·

209 900 272 948 omp.
292 899 316 947 p.
391 919 397 931 .

264 956 466 1033 Keplerus:
502 955 548 1016 De
574 959 595 1031 6
619 955 748 1016 transitu
772 974 865 1035 negas
893 976 991 1017 meam
1021 956 1050 1016 in
1079 955 1199 1036 proprio
1223 973 1349 1035 corpore
1373 950 1533 1034 expenso·

174 1044 268 1118 tiam3
302 1062 337 1104 ne
362 1062 542 1105 succenseas
566 1044 672 1121 igitur,
706 1044 733 1104 si
756 1050 840 1104 tuam
864 1044 997 1106 vicissim
1020 1046 1049 1106 in
1074 1044 1181 1107 alienis
1204 1044 1398 1123 corporibus,
1428 1048 1534 1103 contra

173 1133 320 1194 rationem
344 1133 525 1211 loquentem,
550 1141 733 1193 contemtum
754 1133 891 1193 habeam.

245 1220 431 1270 Fabricius:
457 1220 522 1281 Quid
542 1221 572 1270 de
592 1221 763 1271 chasmatis
782 1220 830 1269 illis
848 1221 1080 1284 septentrionalibus
1093 1218 1242 1283 (Nordiluas,
1254 1214 1402 1279 Zaabruud)
1417 1212 1534 1281 ludius!

174 1290 294 1342 Statuunt
312 1291 430 1352 nonnulli,
451 1305 516 1341 anno
536 1289 577 1339 60.
597 1291 637 1341 hic
655 1293 760 1355 primum
779 1300 912 1356 conspecta
930 1291 1013 1340 inisse.

263 1362 467 1442 Keplerus:
504 1361 673 1425 Clrasmata
696 1383 771 1442 pene
797 1364 895 1424 omnia
919 1366 956 1424 ad
981 1364 1102 1424 boream
1122 1373 1261 1441 spectare
1281 1360 1368 1423 multi
1385 1366 1532 1421 aunotm

175 1461 206 1513 et
238 1451 393 1512 mirantur.
441 1451 520 1514 Sunt
547 1453 676 1512 omnium
706 1452 869 1531 regionum.
917 1451 986 1513 Scio
1016 1450 1166 1513 siccitatis
1189 1449 1315 1512 comites
1339 1468 1427 1523 esse,
1457 1464 1532 1528 quae

175 1547 228 1602 aut
252 1540 346 1620 frigus
370 1541 476 1614 bieme,
501 1550 554 1602 aut
578 1548 679 1601 aestus
704 1549 823 1602 aestate
847 1561 974 1620 magnus
998 1541 1142 1620 sequitur,
1168 1538 1323 1600 autsimul
1348 1537 1487 1599 existunt
1504 1534 1532 1597 in

175 1628 250 1708 ipsis
275 1630 473 1690 mutationum
498 1629 634 1690 articulis
658 1630 828 1708 praecipue.
883 1629 1041 1707 Suspicor,
1071 1629 1214 1691 illustrari
1244 1650 1262 1688 a
1286 1626 1429 1690 refractis
1453 1622 1532 1687 Solia

175 1718 280 1779 radiis.
328 1716 459 1778 Schema
482 1718 598 1779 ridebis
621 1717 651 1779 iu
677 1716 805 1796 Opticis.
854 1719 1089 1779 illustrationem
1114 1717 1214 1796 arguit
1236 1715 1405 1777 undulatio.

244 1805 425 1855 Fabricius:
451 1805 573 1856 Memoria
591 1806 738 1864 artificiosa,
763 1821 836 1870 quam
861 1806 966 1855 localem
985 1807 1084 1862 dicunt,
1107 1820 1172 1870 quae
1194 1820 1238 1868 per
1261 1811 1385 1855 certorum
1408 1804 1532 1869 riguum

173 1876 415 1941 comprehensionem
433 1884 598 1941 eomparatur,
618 1879 752 1942 quaeritur.
772 1893 830 1927 num
848 1878 942 1927 babeat
960 1877 1052 1940 aliquid
1071 1879 1131 1927 certi
1150 1878 1176 1925 in
1194 1874 1238 1925 se?

261 1947 464 2028 Keplerus:
498 1949 545 2010 De
570 1949 734 2010 artificiosa
762 1950 905 2010 memoria
935 1951 1076 2009 standum
1100 1947 1305 2026 experientiae
1330 1954 1423 2027 puto;
1460 1944 1531 2008 nihil

64 2024 68 2038 ¹
172 2056 229 2117 ego
260 2056 326 2099 sum
357 2047 509 2118 expertus.
557 2038 694 2100 Laborat
722 2037 878 2099 cerebrum
907 2036 963 2098 hae
995 2037 1086 2099 etiarn
1115 2036 1232 2116 vulgari
1256 2045 1288 2097 et
1313 2036 1447 2098 naturali
1469 2052 1532 2097 me·

173 2145 424 2263 lnorlliziabricins:
451 2213 596 2274 Quaeritur,
616 2215 656 2278 qni
677 2214 737 2272 fiet,
756 2213 820 2277 qnod
839 2212 964 2262 stellarum
983 2212 1087 2262 lixarum
1105 2228 1155 2262 non
1174 2212 1225 2262 sint
1243 2213 1307 2262 adso
1326 2212 1457 2264 tridentes
1475 2226 1531 2278 opa-

168 2287 281 2336 rationes
300 2287 325 2333 in
344 2285 484 2349 generibus,
503 2299 578 2350 quam
596 2287 621 2334 in
641 2287 705 2333 atris
723 2282 880 2333 mutatione?

260 2357 463 2434 Keplcrua:
497 2356 591 2417 Fixae
616 2376 673 2416 nou
699 2363 872 2429 urerentur,
904 2373 1008 2434 parum
1034 2354 1124 2433 igitur
1147 2363 1270 2415 movent
1293 2356 1354 2415 vim
1378 2354 1532 2418 harmoni·

171 2466 252 2522 cam,
288 2464 363 2526 quae
392 2454 524 2507 motuurn
555 2446 729 2507 harmonias
758 2452 888 2521 spectat.
936 2444 1100 2505 llarmonia
1128 2445 1205 2505 euim
1244 2452 1345 2505 motus
1377 2454 1428 2506 est
1450 2443 1532 2525 qnasi

170 2553 424 2707 PFOPglallfficins:
450 2621 561 2672 Geneses
586 2635 677 2687 quaeso
697 2621 756 2670 mihi
775 2623 929 2670 transmittas
947 2619 1102 2676 Rossrrurm,
1127 2620 1230 2670 militiae
1257 2619 1439 2673 Caesareanae
1456 2622 1533 2679 duda.

171 2695 395 2814 usomffiqtqstiom
414 2765 478 2812 atria
497 2763 628 2828 diligenter
646 2763 760 2813 observes
779 2761 859 2819 velim,
878 2761 985 2828 mihique
1004 2763 1178 2813 communices.

244 2836 388 2886 Obserrau'o
408 2834 423 2897 b
443 2834 466 2884 d.
490 2833 531 2884 11.
551 2831 619 2895 (21.)
638 2833 708 2882 Febr.
728 2833 752 2882 h.
774 2830 822 2895 5¹l,
845 2847 929 2883 mane:

561 2904 807 2966 petlenxbor..
845 2940 852 2953 .
889 2940 895 2952 .
934 2939 939 2950 .
978 2899 1087 2952 20019‘

564 3012 577 3034 „
604 3012 616 3034 „
643 2989 685 3023 cor
703 2974 738 3041 iil
753 3010 940 3024 .....
997 2971 1021 3023 6.
1041 2971 1108 3037 3411,

564 3083 577 3105 „
605 3076 618 3101 η
645 3047 671 3095 in
689 3061 756 3110 genu
774 3045 888 3111 ophiuchi
934 3083 941 3096 .
997 3044 1021 3094 9.
1042 3045 1076 3094 24

565 3154 577 3174 „
605 3153 617 3175 „
642 3119 752 3180 superior
769 3120 794 3167 in
812 3117 892 3166 fronte
906 3116 941 3182 111
996 3115 1020 3165 5.
1041 3115 1082 3165 37.

173 3168 207 3242 Ut
226 3186 271 3238 30.
284 3188 299 3239 J
302 3202 343 3238 an.
364 3186 398 3250 (r.
412 3183 457 3247 st.)
476 3188 501 3237 in
521 3186 571 3250 [ull
581 3185 612 3249 Θ
633 3190 744 3237 remissio
763 3189 857 3253 frigoris
876 3188 945 3237 iacta
958 3189 1012 3244 fuit,
1032 3189 1068 3237 ita
1087 3201 1103 3236 a
1121 3184 1146 3236 0.
1161 3188 1186 3237 in
1201 3185 1242 3236 10.
1256 3186 1327 3237 Febr.
1341 3186 1533 3241 inclaruerunt

173 3269 200 3311 et
218 3262 295 3326 Frigus
314 3260 409 3309 intendi
429 3260 511 3321 coepit
528 3275 633 3315 rursum,
653 3262 759 3309 maxime
779 3261 810 3308 ab
831 3258 871 3307 ll.
892 3260 918 3307 in
940 3257 980 3307 12.
1000 3259 1069 3308 Febr.

264 3332 466 3410 Koplerus:
500 3330 675 3393 Rosswurm
704 3341 792 3391 natue
822 3338 870 3390 est
900 3331 1000 3390 lllarte
1028 3329 1078 3390 imi
1107 3329 1183 3390 coeli
1212 3329 1368 3407 cuspidem
1396 3328 1534 3411 praecise

174 3430 298 3484 tenente
323 3421 351 3481 iu
376 3424 417 3491 Π.
463 3417 593 3481 Saturno
618 3420 646 3480 in
672 3424 710 3494 il,
737 3419 775 3492 11,
793 3416 844 3495 Θ,
863 3417 897 3493 Ω,
915 3422 945 3495 Q,
962 3421 985 3490 (
1001 3418 1029 3479 in
1046 3429 1092 3503 ttp;
1118 3420 1141 3489 (
1162 3438 1186 3479 c.
1202 3415 1315 3504 20⁰np.
1363 3419 1456 3483 Diem
1471 3421 1535 3501 jam

174 3534 181 3572 ι
205 3530 238 3574 se
262 3527 404 3571 invenies.

183 3531 202 3592 p
263 3597 411 3677 Stephani
441 3596 566 3658 Batbori
596 3596 740 3657 Poloniae
772 3594 852 3673 regis
880 3595 1004 3673 genesin
1034 3594 1193 3674 aliqnando
1222 3594 1298 3668 vidi3
1332 3604 1401 3657 erat
1425 3592 1536 3673 Abii,

175 3690 270 3751 altero
296 3686 325 3746 in
349 3686 377 3760 ὅ
402 3695 433 3747 et
458 3684 497 3761 (ὅ)
523 3683 773 3763 configurabatur.
823 3682 936 3745 Cetera
960 3702 1025 3744 sum
1050 3684 1171 3744 oblitus

261 3778 292 3838 A
317 3794 445 3855 vespera
468 3772 520 3836 28.
544 3773 614 3834 Jau.
645 3774 683 3833 ad
717 3770 766 3834 12.
791 3773 877 3832 Febr.
903 3772 996 3833 lenior
1027 3791 1118 3846 aura,
1153 3790 1241 3851 quam
1273 3786 1346 3832 aute
1380 3782 1414 3834 et
1447 3782 1537 3854 post3

174 3866 241 3927 binc
273 3865 302 3925 in
331 3862 378 3926 15.
404 3864 498 3942 frigus
522 3861 684 3935 mediocre,
720 3882 738 3921 a
765 3857 813 3922 16.
840 3860 868 3920 in
898 3856 946 3923 19.
972 3861 1038 3920 leue
1063 3860 1228 3933 turbidum3
1253 3856 1307 3921 20.
1332 3862 1538 3923 rudimentum

175 3952 291 4033 porcili,
318 3962 351 4014 ut
374 3971 464 4030 saepe
489 3951 546 4011 hac
570 3949 683 4024 hieme;
709 3947 761 4010 21.
787 3949 912 4010 claritas
936 3956 1092 4022 nocturna,
1117 3949 1210 4029 frigus
1235 3947 1337 4009 redux.

263 4040 323 4101 Pro
349 4040 559 4101 observatione
589 4038 636 4099 11.
662 4039 735 4100 Feb.
761 4038 878 4115 gratias
903 4055 970 4116 ago.

247 4146 415 4195 Fabricius
442 4144 527 4192 literas
546 4157 603 4192 suas
632 4142 687 4205 (2⁴.
707 4139 795 4202 Mart.)
824 4142 861 4191 his
880 4142 1016 4192 concludit:
1046 4141 1133 4190 Comes
1153 4150 1236 4192 noster
1253 4144 1279 4192 in
1298 4142 1464 4196 llellandiaur
1482 4160 1537 4211 pro·

175 4219 255 4269 iectus
275 4223 300 4266 et
319 4219 371 4280 agit
389 4216 419 4265 de
439 4230 515 4278 pace,
541 4214 649 4263 nondum
668 4229 795 4269 rerersus;
825 4229 883 4278 ergo
903 4214 963 4262 certi
983 4213 1041 4260 nihil
1060 4213 1167 4262 scribere
1186 4230 1292 4277 possum.
1331 4214 1371 4264 Tu
1390 4217 1488 4267 nnllam
1506 4218 1538 4267 ad

175 4306 215 4339 me
234 4287 357 4338 scribendi
376 4288 532 4335 occasionem
552 4288 696 4341 intermitte,
715 4287 740 4332 iu
759 4298 799 4333 me
817 4286 886 4332 nulla
904 4297 1011 4347 unquam
1025 4298 1094 4333 mora
1106 4290 1150 4332 aut
1164 4284 1297 4334 difficultas
1310 4286 1366 4334 erit.
1397 4288 1540 4339 Fabricio

176 4360 319 4411 eruditionis
337 4365 396 4406 tuas
415 4358 499 4406 ranae
517 4358 593 4406 radiis
612 4357 707 4405 illustre
725 4363 751 4404 et
770 4357 865 4407 excita.
892 4362 918 4403 et
937 4355 977 4417 qui
996 4354 1114 4418 gloriatus
1132 4355 1270 4419 quondam,
1296 4370 1324 4406 aa
1343 4356 1539 4420 Tychcniam

176 4447 240 4489 esse,
259 4433 285 4480 in
303 4435 426 4493 posterum
446 4443 541 4493 quoque
560 4443 587 4477 se
606 4428 785 4491 Keplerisnum
804 4441 858 4476 esse
877 4425 981 4490 gloriose
997 4426 1111 4486 jactabit.

247 4502 323 4551 Ilisos
342 4499 478 4549 diutissime
497 4507 522 4547 te
542 4500 624 4547 valere
641 4499 722 4560 jubeo.

249 4572 346 4621 Literna
367 4569 389 4618 d.
411 4571 433 4618 d.
455 4568 478 4617 7.
500 4567 569 4631 (17.)
588 4569 650 4631 blaji
672 4564 739 4616 1603
763 4569 850 4630 incipit
868 4565 1009 4619 Fabricius.
1035 4566 1147 4629 querelas
1175 4566 1305 4617 affundens
1333 4569 1365 4618 ob
1394 4569 1539 4622 diuma·

176 4643 279 4707 Kepleri
298 4643 438 4697 silentium,
467 4647 493 4690 et
512 4641 592 4689 addit:
619 4640 704 4688 Priora
721 4654 771 4688 nou
790 4646 888 4702 repeto,
907 4652 963 4687 cnm
981 4636 1060 4685 multa
1078 4639 1142 4693 sint;
1170 4640 1234 4689 addo
1259 4654 1303 4703 pro
1321 4654 1391 4692 mors
1409 4650 1438 4692 sa
1455 4656 1539 4694 mm

179 4714 285 4763 Uranieo
305 4712 432 4762 nonnulla.

248 4784 389 4844 Quaeritur.
410 4798 452 4832 cur
470 4783 548 4830 nostri
566 4780 736 4829 mathematici
755 4788 852 4843 tempus
864 4778 1007 4829 Paschae
1026 4794 1075 4828 nun
1094 4786 1191 4829 tantum
1210 4795 1259 4830 uno
1277 4797 1365 4833 maura
1376 4784 1460 4835 urina
1472 4784 1537 4835 sala

177 4854 278 4911 brariut,
291 4862 318 4904 et
330 4869 373 4906 eur
384 4860 441 4921 port
452 4853 559 4905 alterurn
570 4851 631 4903 illud
641 4851 804 4916 plenilunium
815 4865 865 4901 nou
873 4850 954 4914 prima
962 4850 1095 4907 dominica,
1107 4850 1272 4907 rsdaecunda
1279 4852 1436 4907 calam
1444 4850 1539 4911 mi
