3428 5542
624 330 626 335 ·
741 302 862 367 ΜΗ·
1329 390 1332 395 ,
1436 308 1527 375 rra.

135 464 229 526 citate
252 463 375 545 insopor
389 460 575 537 mnmhittr)
599 461 758 540 tripliciter
778 461 864 523 nobis
878 448 1117 529 considerandus
1133 472 1191 528 est
1207 461 1232 539 ¹)
1268 465 1359 529 Initio
1382 477 1500 533 remota

135 549 416 624 eccentricitate¹);
440 551 522 615 orbis
540 550 633 629 igitar
654 549 702 611 hic
720 557 879 631 motusque
899 550 1011 612 Terrae
1026 551 1081 613 has
1097 552 1326 617 commoditates
1340 565 1499 634 praestat:

135 640 214 723 qnod
238 659 298 703 non
319 639 488 721 indigemus
511 639 609 702 tribua
637 638 814 700 eccentriois
841 639 872 700 in
900 637 1023 701 usitatis
1052 639 1284 720 hypothesibus,
1315 643 1380 706 scil.
1406 643 1498 722 Solis,

135 728 266 793 Veneris
289 737 325 793 et
344 727 496 791 Mercurii.
533 728 614 791 Nam
637 745 691 810 pro
715 746 761 796 eo,
786 727 864 808 qnod
886 727 981 789 Terra
1002 727 1083 790 eirca
1106 729 1162 792 hos
1186 737 1249 793 tres
1272 731 1414 810 planetas
1437 733 1499 797 eir.

135 818 341 893 cumrehitur,
374 816 534 881 terricolae
563 814 740 878 existimant
768 823 832 877 tres
860 815 929 876 illos
958 816 1038 877 circa
1060 836 1094 877 se
1118 817 1285 881 immobiles
1309 819 1499 885 circumuehi.

138 905 190 971 Sic
214 926 251 968 ex
275 925 334 969 uno
357 913 440 967 motu
463 913 527 967 tres
552 904 677 967 iaciunt.
725 900 813 975 Quod
843 903 869 965 si
896 903 998 982 plnres
1027 915 1131 967 esseut
1160 907 1268 969 stellae
1292 908 1375 971 intra
1397 910 1501 975 orbem
1550 902 1577 918 ''

136 996 262 1070 Terrae,
293 993 430 1094 pluribus
458 995 550 1056 stiam
574 993 652 1054 huno
674 1001 786 1055 motum
815 993 1012 1054 ascriberent.
1060 991 1182 1057 canunt
1214 996 1306 1058 etiam
1339 997 1396 1059 boc
1427 1000 1500 1062 orbe

136 1085 237 1164 posito
260 1093 324 1146 tres
342 1082 445 1161 magni
461 1082 596 1163 epicycli,
622 1080 756 1154 Saturni,
780 1080 878 1152 toris,
903 1090 935 1142 et
948 1081 1068 1156 Martis,
1093 1101 1275 1147 cumeorum
1290 1086 1431 1149 motibus.
1465 1086 1501 1150 Id

137 1172 286 1253 quomodo
301 1171 432 1247 accidat,
456 1170 487 1233 in
501 1170 652 1250 adjunctis
667 1169 821 1249 parallelis
836 1169 1039 1232 schematibus
1064 1171 1157 1232 videri
1180 1180 1283 1251 potest
1307 1171 1365 1246 (10
1380 1183 1412 1236 et
1434 1172 1500 1249 ll),

138 1281 255 1324 rursum
278 1259 368 1334 enirn,
392 1259 464 1340 quia
486 1259 581 1321 Terta
604 1259 633 1320 in
657 1266 821 1338 conspectu
845 1255 971 1320 Saturni
995 1260 1097 1338 (quasi
1121 1261 1313 1340 quiescentis,
1340 1264 1410 1344 quia
1431 1271 1498 1327 tar-
1543 1289 1545 1293 ’

136 1351 203 1413 dior
225 1349 288 1423 eat)
312 1349 342 1411 iu
366 1348 439 1410 orba
461 1366 516 1409 sno
539 1347 691 1421 circumit,
716 1367 735 1409 a
759 1345 891 1409 Saturno
915 1348 1059 1410 recedens
1083 1357 1116 1408 et
1137 1350 1299 1426 accedeus,
1325 1351 1513 1415 existimant

137 1439 265 1512 incolae,
289 1436 452 1500 Saturnum
477 1437 506 1496 iu
531 1435 665 1517 epicyclo
688 1456 742 1498 suo
766 1436 930 1509 circumire,
956 1436 1109 1510 accedere,
1135 1439 1291 1513 recedere,
1316 1459 1350 1503 se
1373 1459 1446 1505 vero
1469 1439 1499 1503 in

136 1537 240 1589 centro
263 1525 345 1588 orbis
368 1525 415 1587 sui
439 1525 604 1605 quiescere.
652 1521 918 1610 (lircnlnrnigitur
939 1525 997 1586 AB
1023 1525 1087 1603 (lig.
1117 1524 1171 1599 10)
1200 1535 1308 1606 putant
1335 1546 1404 1590 esse
1431 1528 1497 1609 epi·

136 1616 237 1698 cyclos
261 1634 299 1695 g.
323 1613 352 1689 i,
376 1614 386 1676 l
409 1615 474 1692 (fig.
503 1612 565 1686 ll).
612 1613 690 1674 Item
718 1621 842 1692 propter
865 1613 994 1674 Telluris
1022 1613 1100 1675 huno
1128 1616 1256 1678 eundem
1279 1634 1435 1680 accessum
1458 1616 1499 1679 ad

769 1749 815 1798 fig.
832 1747 865 1790 ts.

145 4128 287 4208 planetas
310 4131 343 4186 et
364 4142 515 4188 recessum
538 4121 569 4184 iu
593 4119 664 4183 orbe
688 4138 742 4181 suo
772 4117 913 4181 videntur
941 4114 1026 4189 nobis
1054 4115 1139 4195 ipsae
1163 4113 1291 4193 quinque
1313 4110 1504 4191 planetarum

148 4214 322 4279 latitudines
346 4213 478 4295 aliquam
502 4212 680 4274 varietatem
705 4209 862 4289 accipere3
887 4225 975 4287 qnam
1000 4204 1189 4266 librationem
1212 4209 1247 4264 ut
1269 4202 1404 4263 salvaret
1426 4199 1503 4260 Pto-

149 4308 295 4378 lemaeus,
324 4320 450 4365 necesse
474 4300 531 4380 ipsi
554 4300 612 4362 soit
635 4298 763 4379 quinque
787 4298 864 4359 alios
888 4304 987 4357 motus
1011 4301 1160 4367 statuere,
1194 4291 1243 4372 qni
1271 4308 1374 4351 omnes
1403 4286 1504 4367 posito

147 4395 235 4457 unico
257 4391 387 4455 Telluris
409 4396 491 4453 motu
515 4389 636 4451 cadunt.

236 4482 279 4545 Et
299 4479 435 4561 quamvis
457 4479 489 4541 bi
507 4497 611 4540 omnes
628 4484 737 4549 motus,
763 4473 899 4535 undecim
917 4490 1050 4545 numero,
1074 4468 1214 4531 emundo
1235 4463 1424 4527 exterminati
1445 4463 1507 4525 siut

149 4573 314 4637 substituto
340 4569 398 4632 hoo
425 4567 512 4639 unico
535 4568 646 4629 Terrae
678 4570 779 4633 mota,
813 4561 1003 4623 nihilominus
1033 4558 1130 4621 adhuc
1159 4556 1284 4617 aliarum
1311 4553 1505 4634 plurimarum

87 4733 91 4739 ,
148 4680 246 4726 rernm
274 4676 386 4811 cazaros
414 4656 591 4726 redduntur,
624 4673 698 4736 quaa
722 4652 917 4715 Ptolemaeus
945 4669 983 4711 ex
1010 4656 1073 4710 tam
1101 4645 1204 4709 multis
1227 4643 1357 4706 motibus
1380 4642 1505 4704 reddere

148 4769 208 4814 M
230 4755 318 4903 iiiii
338 4834 436 4919 ptimo
457 4853 479 4898 a
499 4832 675 4898 Ptolemaeo
698 4830 802 4914 quaeri
828 4828 945 4911 potnit,
974 4825 1024 4909 qui
1051 4825 1124 4902 dat,
1154 4823 1233 4906 qnod
1260 4818 1420 4883 eooentriei
1441 4824 1507 4881 tres

1251 4924 1294 4976 8*
