3428 5542
580 311 738 367 :osma
756 316 871 366 aaran
886 310 1043 381 seam-2
1028 328 1043 351 =
1430 311 1484 391 w

116 488 222 549 pagos,
247 471 368 551 oppida,
392 471 573 550 provincias,
598 493 692 555 regna
715 476 753 536 ad
777 475 889 541 orbis
880 478 1038 558 imperium
1052 480 1233 551 ascenderit,
1259 483 1359 545 omnia
1380 484 1474 563 probe

114 561 322 636 perspexerit;
347 578 453 640 neque,
478 566 512 621 ιιι
535 569 606 623 snut
628 563 768 639 humana,
782 564 952 667 quicquam
976 562 1058 628 ullibi
1083 569 1231 646 repererit
1250 571 1383 658 beatum,
1406 572 1474 634 diu-

115 656 244 721 turnum,
269 648 395 722 attale,
421 649 578 728 quodniri
603 659 635 712 et
658 646 789 713 saturari
814 661 906 757 queat
928 652 994 734 ejus
1019 657 1182 735 appetitus.
1217 658 1301 720 Tune
1324 651 1402 722 enim
1424 661 1474 721 in-

115 735 208 815 cipiet
229 737 355 799 meliora
377 752 532 817 quaerere,
555 747 627 801 tuuc
647 761 667 801 e
681 741 777 803 Terre
799 741 887 805 huc
879 758 908 804 ιιι
932 745 1049 806 coelum
1072 747 1226 821 ascendet,
1250 754 1323 809 tuae
1344 749 1475 811 animum

115 824 228 886 fessum
251 826 330 888 curis
354 826 493 889 inanibus
515 828 554 888 ad
578 828 656 891 hano
677 829 810 909 quietem
833 833 1011 906 transferet,
1037 840 1109 894 tenc
1133 834 1234 896 dicet·

433 930 530 983 Felices
547 935 657 993 animas,
676 934 763 1001 qnlbus
780 934 845 986 huo
864 948 1012 1004 cognoscere
1029 932 1134 1001 primurn

487 1002 566 1068 lnqne
584 1005 668 1055 domos
686 1018 788 1070 superes
807 1008 928 1058 scandere
946 1016 1006 1059 anre
1023 1010 1081 1064 tnlt,
1118 1004 1219 1071 (Ιιιιιι)

114 1107 206 1169 quare
231 1098 421 1153 contemnere
445 1090 578 1175 incipiet,
603 1113 679 1175 quae
703 1095 773 1157 olim
795 1096 1062 1177 praestantissima
1086 1098 1211 1172 censuit,
1237 1098 1303 1158 sola
1323 1096 1398 1160 haec
1415 1094 1486 1179 Ilei·

114 1197 322 1262 0peramagm
314 1180 440 1255 faciet,
464 1188 555 1264 atque
569 1200 683 1245 meram
699 1192 731 1246 et
749 1184 898 1247 sinceram
912 1186 1035 1249 tandem
1053 1188 1242 1266 voluptatem
1266 1196 1304 1247 ex
1326 1185 1373 1248 his
1397 1198 1472 1248 con·
1535 1251 1539 1257 ,

114 1268 361 1371 templatiooibus
389 1268 500 1351 capiet.
548 1270 752 1336 Contemnant
783 1272 875 1353 igitur
908 1274 983 1337 haec
1011 1283 1044 1336 et
1072 1273 1240 1353 hujusmodi
1267 1273 1485 1364 meletemate,¹

114 1357 280 1439 quicunque
314 1368 573 1442 quantumcunque
606 1360 727 1435 volent,
761 1371 965 1443 quaerantque
996 1362 1054 1427 sibi
1084 1364 1273 1444 undiquaque
1306 1352 1476 1443 commode,

113 1446 247 1522 divitias,
271 1448 451 1511 thesauros:
476 1450 656 1512 astronomis
679 1450 796 1511 isthaec
818 1450 918 1530 gloria
940 1452 1081 1526 sufficiet,
1106 1452 1184 1531 quod
1208 1451 1395 1532 philosophis
1418 1471 1476 1517 see

113 1535 261 1609 scribunt,
290 1555 350 1599 non
372 1537 498 1613 rabulis,
521 1538 652 1618 regibus,
675 1557 736 1599 non
758 1539 941 1617 pastoribus.
989 1540 1135 1602 Praedioo
1159 1539 1326 1619 intrepide,
1356 1541 1487 1603 futuros·-

114 1633 214 1686 tamen
230 1625 357 1706 aliquos,
382 1627 431 1706 qui
455 1646 527 1688 suae
547 1626 606 1689 sibi
625 1627 791 1688 senectutis
810 1627 879 1689 hinc
894 1639 1069 1708 comparent
1083 1629 1239 1702 solatium3
1262 1630 1342 1690 talos
1356 1646 1480 1708 nempe,-

112 1713 162 1793 qui
187 1714 285 1794 quoad
307 1714 505 1793 magistratus
528 1723 702 1797 gessemnt,
731 1716 776 1777 ita
797 1734 832 1777 se
855 1725 1029 1795 gesserunt,
1057 1726 1092 1778 ut
1116 1718 1201 1779 liberi
1224 1718 1374 1779 rnorsibus
1396 1730 1478 1778 cone·-

112 1803 256 1863 scientiae
279 1802 397 1864 habiles
420 1822 489 1865 esse
512 1805 630 1885 possint
654 1804 787 1866 fruendis
810 1805 894 1867 hisce
919 1805 1044 1868 deliciis.

199 1890 445 1954 Existetiterum
460 1890 616 1956 Carolus
639 1890 758 1973 aliquis,
774 1893 885 1975 ·)qui,
908 1913 975 1956 cum
990 1895 1121 1974 Europa,
1146 1894 1244 1974 quoad
1268 1890 1471 1973 imperaverit,

112 1998 170 2041 nou
195 1990 363 2060 caperetur,
388 1981 520 2043 lessus'
510 1981 653 2061 imperiis,
680 1981 835 2062 exiguas
850 1980 1058 2046 Justicell'ula
1081 1983 1238 2062 capiatur:
1264 1982 1368 2063 cuique
1390 1980 1487 2084 iuter'¹

113 2077 159 2131 tot
183 2077 268 2151 spect
255 2070 366 2141 tacula,
391 2070 506 2145 titulos,
532 2070 713 2151 triumphos,
737 2078 786 2132 tot
808 2068 947 2146 divitias,
972 2072 1075 2146 urbes,
1101 2091 1207 2151 regua,
1233 2071 1320 2137 unica
1343 2062 1477 2133 ‘darria-¹

112 2159 179 2219 nica
209 2157 294 2220 vel
280 2179 346 2239 Jam
370 2156 786 2242 Copemicopythagoraea‘)
809 2160 940 2241 sphaera
961 2161 1134 2240 planetaria
1156 2168 1316 2240 tantopere
1338 2160 1488 2239 placeat,-
1577 2175 1580 2182 ·

112 2255 145 2308 ut
168 2248 271 2309 orbem
294 2256 441 2311 terramm
464 2268 530 2311 cum
554 2268 592 2309 ea
615 2256 786 2322 commutet,
811 2249 964 2330 digitoque
986 2250 1123 2324 circulos,
1149 2268 1236 2329 quam
1260 2247 1419 2330 populos
1411 2267 1473 2313 ιιιι-Ι

112 2336 205 2416 petiis
227 2355 368 2418 regere
358 2337 456 2399 malit.

200 2425 268 2487 Non
293 2426 368 2487 haec
391 2445 427 2487 eo
450 2426 533 2500 dieo,
557 2425 614 2486 viri
637 2424 829 2506 amplissimi,
853 2433 888 2488 nt
909 2445 1019 2489 novum
1042 2427 1231 2507 paradoxon,
1262 2443 1353 2486 sones
1376 2427 1471 2489 disei-
1474 2452 1487 2471 ··

112 2515 215 2592 pulos,
240 2515 269 2575 in
293 2533 415 2577 scenam
437 2533 491 2576 eeu
513 2514 544 2576 in
568 2515 690 2577 scholas
713 2515 897 2596 producam:
927 2515 981 2576 sed
1009 2524 1043 2577 ut
1071 2523 1217 2595 appareat
1240 2516 1390 2595 quodnam
1414 2530 1485 2596 ge«-

112 2604 232 2664 nninum
257 2611 375 2684 tempus
400 2604 441 2666 sit
463 2620 592 2665 messem
615 2603 654 2665 de
679 2605 725 2666 his
749 2604 858 2665 studiis
878 2604 1048 2683 colligendi.
1088 2604 1151 2666 Cur
1174 2604 1251 2665 enim
1275 2603 1312 2664 de
1336 2612 1484 2665 semente·

113 2693 261 2761 iacienda,
275 2693 365 2754 aliter
388 2712 444 2773 ego
468 2691 609 2767 sentiam,
634 2700 724 2774 atque
748 2690 805 2754 viri
827 2690 1052 2773 prudentissimi
1078 2694 1114 2753 de
1138 2700 1242 2753 vestra
1265 2706 1396 2754 corona:
1421 2688 1485 2773 (ιιιις

112 2781 186 2842 haec
202 2780 324 2842 studia
316 2791 395 2845 mter
412 2781 576 2863 praecipua
599 2788 788 2857 censuerunt,
814 2801 890 2884 quae
909 2781 1092 2862 juvenilibus
1117 2780 1267 2843 nobilitat
1245 2790 1285 2843 trs
1310 2782 1417 2843 animis
1441 2782 1472 2842 in

111 2878 215 2932 restra
254 2871 359 2932 schola
395 2880 640 2952 proponerentur.
697 2868 749 2933 Sic
787 2871 867 2933 enim
906 2869 1096 2946 existimant,
1140 2888 1235 2951 neque
1268 2871 1369 2949 aptius
1402 2888 1470 2934 esse

110 2977 205 3039 genus
237 2959 388 3022 hominum
415 2960 454 3021 ad
491 2960 618 3021 colenda
649 2960 838 3022 mathemata
870 2959 1043 3032 nobilitate,
1082 2970 1115 3020 ιιι
1144 2956 1250 3038 quibus
1280 2969 1362 3023 artes
1392 2950 1470 3023 aliae

111 3049 151 3109 ad
174 3048 286 3111 victum
309 3048 544 3129 comparendum
566 3067 623 3112 non
648 3048 692 3110 ita
719 3049 925 3123 necessariae,
956 3067 1011 3110 nec
1039 3048 1157 3127 aptiora
1185 3047 1335 3110 nobilitati
1367 3049 1473 3110 studia

109 3132 341 3213 mathematicis,
365 3145 542 3219 propterea,
567 3137 645 3218 quod
668 3139 789 3200 occulta
811 3147 843 3200 et
865 3138 990 3199 mirifica
1013 3137 1143 3217 quedam
1167 3136 1312 3197 facultate
1335 3137 1474 3215 polleant

108 3245 182 3304 prae
206 3226 326 3301 cetems,
351 3228 469 3289 feroces
492 3226 607 3288 animos
631 3227 670 3289 ad
693 3227 912 3289 humanitatem
935 3226 1032 3306 adque
1053 3226 1186 3289 sobrium
1206 3244 1306 3286 rerum
1329 3232 1469 3286 terrenae

109 3334 172 3376 rum
197 3323 379 3377 contemtum
401 3315 589 3377 instituendi.
627 3314 686 3387 Qui
712 3316 827 3377 fructos
846 3317 905 3378 etsi
925 3316 1103 3377 difficultate
1128 3323 1160 3375 et
1183 3313 1344 3375 insolentia
1367 3321 1472 3374 mate*

108 3405 162 3466 riei
181 3405 341 3485 juvenibus
365 3405 553 3479 obscuratur,
568 3402 699 3466 'senibus
718 3413 829 3479 tamen,
855 3405 898 3467 uti
913 3406 1001 3467 modo
1017 3405 1137 3477 dictum,
1163 3421 1217 3463 suo
1237 3412 1373 3481 tempore
1398 3418 1468 3463 sese

129 3494 266 3556 atelacit.

108 3515 126 3574 p
196 3582 297 3665 Atque
320 3581 396 3644 haec
420 3599 476 3662 ego
498 3581 646 3644 haetenus
673 3601 740 3644 cum
765 3582 801 3642 de
825 3582 1034 3660 praesentibus
1063 3580 1207 3661 pagellis,
1238 3587 1301 3641 tum
1325 3578 1362 3639 de
1387 3577 1467 3639 omui

107 3670 303 3748 astronomia,
327 3672 367 3732 ad
387 3690 442 3733 vos
466 3670 668 3733 astronomiae
692 3679 725 3732 et
748 3669 923 3732 literaturae
948 3670 1041 3733 totius
1056 3677 1218 3742 amatores,
1246 3666 1311 3729 Viri
1325 3666 1465 3746 Amplis-

107 3761 194 3836 simi;
223 3771 257 3824 nt
287 3762 351 3843 ejus
376 3779 430 3823 vos
454 3760 650 3832 admoneam,
681 3759 758 3841 quod
787 3759 904 3838 pridem
931 3759 1062 3822 tenetis:
1097 3777 1192 3839 neque
1216 3756 1289 3818 nulli
1315 3756 1377 3818 usui
1402 3755 1467 3817 lore

107 3853 172 3925 hoc,
198 3851 275 3932 quod
290 3849 411 3912 humilis
430 3850 522 3913 offero
546 3858 579 3911 et
602 3850 716 3923 dedico,
742 3849 927 3928 opusculum,
951 3849 1045 3922 vobis,
1071 3848 1206 3928 quivere
1221 3845 1369 3925 generosi,
1395 3861 1465 3905 vere

105 3939 222 4002 nobiles
245 3939 341 4001 estis:
374 3946 406 4000 et
428 3939 454 4000 ai
477 3959 569 4021 qnam
592 3939 711 4000 laudem
735 3945 867 3998 meretur
889 3937 1037 4012 inventio,
1068 3938 1152 3998 illam
1182 3954 1293 4013 magna
1316 3954 1353 3995 ex
1376 3943 1465 4012 parte

105 4030 144 4090 ed
169 4047 222 4090 vos
245 4027 406 4109 pertinere,
432 4028 481 4108 qni
505 4036 610 4090 vestra
633 4027 816 4088 liberalitate
836 4034 995 4105 vestroque
1020 4025 1169 4105 stipendio
1193 4023 1265 4084 mihi
1288 4023 1465 4084 occasiones

104 4126 137 4179 et
160 4119 252 4181 otium
275 4118 350 4179 haec
373 4116 418 4177 ita
445 4116 665 4178 commentandi
694 4115 821 4177 fecistis.
869 4113 1008 4193 Accipite
1032 4114 1140 4192 igitur,
1174 4112 1242 4174 Viri
1265 4110 1463 4191 Amplissimi,

105 4208 160 4269 lroo
191 4206 271 4288 grati
304 4205 396 4267 animi
428 4205 615 4286 symbolum,
649 4222 753 4284 meque
787 4204 929 4266 humilem
960 4203 1130 4263 clientem
1122 4221 1152 4264 m
1175 4208 1309 4262 vestram
1332 4200 1463 4279 gratiam

104 4297 268 4378 suscipite,
293 4303 325 4356 et
348 4294 475 4376 deniqne
500 4293 669 4355 assuescite
692 4294 771 4355 inter
796 4294 950 4365 Atlantes,
974 4291 1115 4364 Persona,
1141 4289 1286 4362 Oriones,
1312 4286 1462 4350 Caesares

103 4386 294 4466 Alphonaos‚
330 4382 547 4463 Rbodolphos‚
586 4391 762 4462 ceterosque
796 4379 997 4443 astronomiae
1030 4385 1217 4457 promotores
1232 4384 1259 4451 κ)
1297 4376 1460 4438 accenseri.

104 4475 226 4539 V.alete
273 4473 376 4538 Idibus
400 4472 497 4552 Maji:
522 4472 572 4553 qui
596 4473 659 4535 dies
683 4480 753 4533 ante
777 4491 887 4533 annum
911 4469 1026 4532 initium
1050 4468 1107 4529 luit
1129 4465 1216 4547 hujus
1239 4466 1363 4529 laboris.

316 4562 407 4641 Amp.
430 4561 471 4622 V.

423 4647 586 4713 Humilis
577 4666 608 4709 m
632 4648 736 4710 schola
758 4656 863 4709 vestra
888 4647 1057 4711 Graetiana
1078 4606 1310 4710 matlrematicus

1048 4729 1440 4815 M.Jonaa1<eplaee

1146 4823 1359 4903 Wimfflbssgs

1205 4925 1221 4978 7
1232 4927 1248 4958 ἢ
