3428 5542
776 308 938 359 asomum.
1493 308 1531 373 η

175 464 420 585 ffiffbewm
449 478 508 531 ego
538 467 602 516 tibi
632 466 849 517 conditionem
875 474 1033 551 optarem,
1061 473 1093 519 et
1123 468 1194 532 quis
1223 468 1327 525 norit,
1352 464 1428 532 quid
1450 469 1544 519 ritib

249 658 289 707 Ad
307 656 372 708 haec
389 670 449 723 ergo
466 656 591 723 Ksplerns
608 660 735 723 respondit
752 658 818 710 hunc
835 659 862 708 in
880 659 995 710 modum:

814 816 848 881 S.
872 818 907 881 P.

270 920 394 983 Literas
417 920 515 993 ibas,
539 920 700 1001 Magnifice
724 922 789 997 Vir,
815 920 845 986 9.
870 922 957 1003 Sept.
981 922 1053 985 mihi
1077 924 1222 998 traditas,
1247 944 1266 985 a
1288 932 1360 985 voto
1384 931 1416 985 et
1439 924 1543 987 fausta

176 1008 363 1071 ominatione
387 1006 516 1087 iucipis3
539 1011 586 1071 eui
610 1030 738 1090 aequum
761 1019 810 1073 est
832 1010 971 1093 ἀπηχειν.

250 1092 416 1178 'Equidem
440 1097 568 1177 optarim
593 1106 624 1159 te
647 1100 777 1160 fatorum
806 1100 923 1161 illorum
949 1100 1116 1173 dominum,
1151 1106 1202 1159 ant
1236 1108 1318 1160 certe
1346 1098 1543 1179 interpretem

177 1192 210 1247 et
232 1186 451 1249 internuncium
476 1204 523 1246 rue
546 1186 625 1249 inter
648 1196 680 1247 et
704 1186 758 1248 lati
783 1188 950 1249 dominnm:
976 1208 1044 1249 nam
1068 1188 1105 1249 de
1129 1196 1182 1248 tua
1206 1186 1234 1247 in
1258 1206 1305 1248 rna
1329 1186 1542 1251 benevolentia

178 1294 308 1355 aequum
332 1282 390 1347 est,
413 1294 461 1337 me
485 1294 602 1337 summa
625 1276 726 1337 omnia
749 1294 881 1356 sperare.
913 1278 1103 1338 Moderatum
1127 1284 1158 1337 et
1180 1274 1417 1355 philosophicum
1439 1276 1469 1337 in
1487 1296 1541 1339 ac-

178 1364 321 1443 cipiendo
344 1364 475 1426 animum
499 1363 750 1441 deprehenderet,
784 1365 916 1444 quisquis
941 1384 1029 1445 qnam
1053 1363 1308 1444 speciosissimam
1337 1382 1477 1435 exercere
1500 1364 1541 1426 li-

178 1451 373 1513 beralitatem
396 1451 521 1531 satagit.
569 1452 671 1513 Prima
695 1452 765 1513 mihi
789 1472 876 1526 cura,
909 1462 942 1516 ut
969 1461 1113 1535 quantum
1137 1452 1200 1513 fleri
1223 1460 1343 1531 potest,
1372 1470 1448 1514 uror
1475 1472 1543 1515 mea

177 1548 303 1613 teneat,
337 1560 413 1619 quae
446 1540 556 1612 habet,
595 1540 685 1620 idque
712 1541 921 1619 patrimonium
945 1542 983 1603 ad
1007 1560 1179 1601 communes
1207 1540 1318 1602 liberos
1341 1542 1540 1605 transmittat.

176 1628 300 1689 Etenim
342 1628 566 1709 speculationes
604 1626 727 1689 interitu
766 1628 900 1690 familiae
937 1630 1098 1702 redimere,
1142 1648 1237 1709 neque
1277 1628 1307 1689 in
1349 1628 1541 1709 philosophia

177 1717 338 1779 honesturn
371 1725 438 1791 est,
471 1735 567 1795 neque
597 1716 677 1795 pium
710 1717 739 1777 in
769 1716 924 1795 religione.
971 1718 1044 1779 Inde
1075 1724 1229 1796 peteretur
1256 1736 1349 1778 coena
1371 1718 1540 1793 Platonica,

177 1805 370 1886 habitusque,
396 1805 446 1885 qui
470 1805 609 1866 maritum
634 1805 731 1867 decet.
776 1806 856 1868 Nam
881 1805 980 1867 iubis
1005 1806 1119 1867 duobus
1143 1805 1292 1885 capitibus
1312 1806 1452 1867 consistit
1473 1812 1541 1869 stu-

178 1893 293 1955 diorum
317 1893 454 1955 libertas.
501 1890 561 1963 Qui
585 1902 673 1972 eget,
701 1894 809 1955 servit:
835 1901 868 1955 at
891 1894 941 1955 vix
965 1895 1122 1975 quisquam
1147 1902 1253 1972 sponte
1283 1896 1376 1955 servit
1400 1914 1538 1974 uuquam.

178 1978 267 2052 Quod
291 1982 472 2043 nativitates
495 1990 527 2042 et
551 1980 736 2043 Calendaria
759 1982 907 2044 interdurn
932 1984 1048 2058 scribo,
1075 2003 1127 2055 oa,
1152 2000 1198 2043 nne
1222 1980 1358 2057 Christe,
1382 1982 1539 2045 molestis-

177 2070 255 2131 sima
278 2068 349 2131 mihi
374 2069 504 2131 servitus
527 2076 590 2143 est,
616 2070 671 2131 sed
694 2070 881 2144 necessaria,
915 2090 952 2131 ne
985 2070 1102 2134 scilicet
1134 2072 1171 2133 ad
1196 2070 1286 2132 breve
1310 2080 1428 2150 ternpus
1453 2071 1537 2145 liber,

177 2170 248 2236 post
272 2158 388 2237 turpius
412 2159 551 2220 serviam.
587 2158 695 2237 ltaque
719 2167 752 2220 ut
774 2158 919 2221 salarium
944 2179 1081 2234 annuum,
1107 2166 1141 2221 nt
1164 2160 1281 2222 titulum
1305 2168 1337 2219 et
1360 2160 1458 2221 locum
1482 2160 1539 2221 de-

178 2247 310 2316 fendam,
333 2246 597 2307 obsecundandum
621 2254 669 2307 est
692 2247 848 2327 imperitae
873 2248 1053 2311 curiositati.

268 2334 328 2397 Sed
353 2336 392 2395 ad
417 2334 567 2396 desideria
590 2354 658 2396 mea
680 2344 824 2397 revertor.
869 2334 1021 2417 Quidquid
1045 2336 1116 2399 mihi
1140 2344 1323 2415 superesset,
1343 2336 1541 2415 jurejurando

176 2424 343 2497 sancirent,
378 2422 406 2483 in
435 2423 536 2484 studia
566 2422 775 2503 philosophiae
805 2424 1016 2503 impensurum.
1064 2424 1208 2487 Lectores
1233 2426 1355 2497 alerem,
1378 2432 1413 2485 ut
1435 2424 1540 2497 oculis,

171 2514 238 2590 jann
264 2510 510 2586 hebescentibus,
534 2519 567 2573 ut
591 2521 622 2575 et
645 2514 771 2593 tempori
800 2522 984 2592 parceretur.
1031 2512 1164 2573 Nuncios
1188 2513 1257 2573 hinc
1289 2513 1358 2573 inde
1390 2512 1541 2574 mitterem

175 2620 230 2681 pro
247 2601 342 2674 libris,
352 2618 407 2680 pro
421 2600 612 2663 consulendis
628 2602 741 2675 doctis3
758 2602 957 2663 instrumenta
970 2601 1157 2662 machinarer
1162 2618 1171 2673 ;
1187 2600 1447 2662 observationibus
1463 2599 1541 2661 alios

175 2690 359 2763 adhiberem,
379 2689 405 2749 si
424 2689 520 2749 minus
536 2702 592 2768 ego
611 2690 788 2761 sufficerem,
804 2690 848 2751 sic
863 2700 894 2750 et
908 2688 1181 2769 computationibus
1198 2687 1289 2767 aliqui
1305 2690 1539 2750 destinarentur.

175 2780 255 2841 Nam
275 2778 412 2857 legendo,
438 2778 637 2856 computando
660 2777 818 2857 plurimum
842 2778 960 2839 elilrndo
984 2778 1149 2857 spirituum,
1175 2777 1356 2854 speculando
1379 2794 1495 2856 parurn.

266 2866 327 2928 Sed
351 2866 428 2927 baec
451 2884 524 2926 sane
549 2865 577 2927 iu
600 2874 755 2944 potestate
779 2865 909 2944 supremi
933 2867 1063 2928 fatorum
1087 2864 1199 2926 donnini
1222 2866 1282 2925 sita
1304 2872 1385 2938 sunt,
1410 2864 1459 2945 qui
1479 2862 1540 2925 etsi

175 2974 234 3016 uon
259 2974 305 3015 me
331 2954 446 3015 attollit
469 2954 574 3027 altius,
601 2956 676 3016 facit
699 2955 729 3015 id
754 2954 856 3033 procul
880 2954 969 3016 dubio
993 2956 1023 3016 in
1047 2973 1143 3016 meunt
1168 2953 1363 3022 commodum,
1378 2972 1415 3013 ne
1438 2952 1540 3029 inepte

176 3062 223 3105 me
246 3062 302 3124 pro
327 3042 526 3122 antesignano
551 3043 650 3123 aliquo
671 3028 857 3105 literatorum
882 3044 960 3104 ferre
984 3044 1135 3123 incipiam.
1162 3074 1202 3083 -

247 3218 446 3268 Hervartus
464 3217 488 3268 d.
508 3216 550 3266 20.
569 3218 628 3268 Jun.
651 3216 719 3266 1000
738 3220 841 3269 nunciat
859 3219 980 3283 Keplsro:
1000 3218 1091 3276 „Nnch
1109 3219 1165 3268 dem
1184 3218 1225 3268 ich
1236 3217 1292 3267 dom
1305 3217 1386 3266 Herm
1407 3216 1448 3265 bei
1459 3214 1541 3264 elnam

173 3292 272 3341 moines·
289 3297 415 3355 geresten
433 3289 527 3341 Dieuer
546 3290 636 3339 otiiche
654 3290 754 3339 Biicher
774 3290 951 3355 augescerent,
980 3290 1016 3339 als
1041 3291 1087 3340 hat
1114 3306 1141 3339 er
1167 3292 1213 3339 mir
1234 3291 1271 3337 sio
1293 3288 1427 3337 iciodorum
1450 3299 1541 3351 suege-

174 3362 271 3419 brachi,
291 3362 325 3410 da
343 3376 370 3410 er
388 3362 436 3411 den
454 3360 536 3410 Herm
554 3363 593 3409 uit
611 3361 741 3411 aubaimbs
759 3360 928 3425 augetroiien,
955 3360 1063 3411 eundern
1090 3362 1150 3411 dass
1176 3375 1203 3411 er
1226 3359 1280 3409 sic-h
1298 3360 1339 3407 oin
1358 3358 1416 3407 Zsit
1432 3357 1494 3421 lang
1511 3370 1544 3405 au

175 3434 225 3482 Pru
262 3432 307 3481 aul
323 3432 433 3482 obsiteu.

225 3448 364 3552 amum
382 3502 445 3563 rati,
465 3501 523 3551 dass
542 3502 586 3551 det
603 3500 668 3551 Horr
685 3502 724 3552 bei
743 3500 823 3552 Herrn
842 3502 927 3565 Tycha
945 3502 1028 3552 Brahe
1052 3502 1105 3552 sich
1128 3498 1265 3559 belunden,
1288 3496 1334 3545 hat
1356 3510 1384 3545 er
1408 3506 1457 3561 gar
1479 3494 1543 3544 vobi

174 3575 227 3624 und
243 3574 315 3624 reeln
333 3564 428 3639 gethan
444 3573 496 3623 und
513 3574 575 3623 viru
592 3573 634 3622 ibn
652 3575 691 3623 nit
709 3589 793 3623 rouen.
831 3574 913 3623 Waun
932 3576 1013 3623 moine
1033 3572 1132 3622 Sachm
1150 3586 1177 3619 ao
1197 3567 1339 3618 beschaffeu
1357 3572 1459 3624 vireu,
1485 3566 1544 3614 duas

175 3647 216 3697 ich
234 3647 350 3696 abrciasu
367 3646 469 3705 kbunte,
488 3644 548 3694 urolt
565 3645 606 3694 ich
624 3646 662 3695 uit
679 3645 843 3701 unterlarseu.
863 3645 907 3695 lue
925 3644 1009 3695 Horra
1026 3643 1109 3693 Brshs
1127 3658 1159 3691 zu
1178 3638 1312 3691 berucheu.

247 3786 412 3850 Keplerus
431 3785 455 3836 d.
476 3784 499 3836 d.
522 3782 564 3833 12.
583 3784 632 3835 Jui.
656 3782 723 3835 16⁰⁰
742 3784 883 3849 respondit:

815 3942 847 4006 S.
873 3946 906 4007 P.

264 4050 425 4130 Nunquam
450 4047 678 4129 opportuniores
703 4049 740 4109 ad
765 4069 812 4110 me
836 4050 941 4111 literas
966 4043 1094 4107 misistis
1117 4042 1158 4103 N.
1184 4047 1216 4101 et
1231 4038 1275 4099 M.
1292 4036 1361 4111 Vir,
1384 4055 1474 4115 quam
1491 4032 1552 4095 hoo

175 4141 240 4223 ipsu
265 4148 420 4217 tempore,
458 4155 515 4217 quo
544 4136 580 4199 de
612 4136 706 4197 totins
730 4137 867 4200 instituto
891 4138 973 4197 vitae
1001 4134 1031 4194 iu
1055 4128 1241 4209 gravissima
1269 4122 1553 4225 versordelibera-

176 4230 268 4290 tione.
315 4226 437 4289 Etenim
465 4245 517 4287 eas
549 4224 745 4287 humanitatis
779 4238 811 4288 et
847 4220 1076 4287 lrenevnlentine
1107 4218 1137 4278 in
1162 4236 1210 4277 rne
1235 4214 1470 4295 significationes
1493 4224 1554 4265 ex-

176 4316 339 4379 hibuerunt
362 4334 476 4387 omues,
501 4333 576 4393 quas
601 4310 639 4373 ad
664 4334 708 4375 rue
733 4314 883 4395 scripsisti
907 4310 1067 4391 epistolae,
1093 4313 1128 4367 ut
1152 4322 1284 4384 sperem,
1303 4318 1349 4361 une
1369 4315 1426 4358 nou
1442 4294 1558 4355 saltem

174 4405 348 4467 consultore
372 4412 413 4477 te,
439 4403 609 4464 sedetiam
635 4401 772 4481 adjutore
797 4402 925 4465 feliciter
947 4414 1083 4459 usurum.
1408 4468 1415 4482 ·
1497 4466 1505 4480 .

266 4494 346 4555 Nam
370 4502 403 4554 ut
428 4492 466 4552 ad
491 4492 547 4551 has
572 4491 692 4552 ultimas
717 4500 785 4553 tuus
810 4492 915 4551 literas
941 4484 993 4546 20.
1019 4482 1093 4543 Jun.
1120 4480 1221 4550 datas,
1248 4474 1350 4575 (binas
1371 4486 1448 4527 enim
1463 4466 1563 4541 alias,

180 4578 228 4645 14.
256 4582 331 4643 Dec.
357 4589 389 4643 et
419 4580 465 4641 l‘l.
486 4580 576 4641 hiart-
602 4580 731 4661 scriptas
757 4582 874 4639 donrunr
899 4591 1042 4636 reversus
1067 4567 1183 4647 reperi)
1216 4578 1312 4661 pruno
1342 4558 1406 4615 loco
1425 4572 1565 4657 respon-

177 4672 275 4744 deam,
301 4671 345 4733 sic
370 4678 428 4743 est,
454 4678 485 4731 ut
509 4667 647 4747 conjicis,
672 4668 791 4729 adili.
817 4666 860 4729 Id.
885 4664 956 4723 Jan.
1008 4656 1122 4719 Gratio
1149 4654 1288 4717 discessu,
1311 4641 1498 4756 Tyffh⁰i¹⁰m,
1513 4664 1568 4707 rn-

176 4759 316 4831 risurus,
347 4767 380 4819 et
411 4776 477 4819 curn
506 4756 625 4836 Pragae
657 4775 711 4836 per
747 4756 864 4835 aliquot
891 4750 957 4811 dies
981 4745 1173 4813 haesissem,
1204 4735 1323 4797 tandein
1345 4730 1446 4791 horrus
1469 4732 1572 4803 hebr.
