3428 5542
488 322 519 372 de
538 319 688 373 calendulo
704 319 732 371 ιιι
749 331 843 371 nm
858 315 999 369 MDXGIX.
1128 346 1130 350 ·
1359 309 1422 378 411

71 487 185 550 nalinm
219 482 375 562 eclipsinm
410 500 468 542 non
497 498 564 542 esse
587 479 808 554 diminuendam,
842 479 897 541 sed
924 476 1079 558 augendas
1106 474 1208 556 potius
1231 474 1428 556 aequationes

72 575 164 638 Solis.
211 574 318 651 Itaque
347 571 372 633 si
400 575 526 650 propter
548 576 661 630 certum
686 586 839 630 numerum
862 569 977 630 diemm
1009 567 1046 628 ab
1071 562 1260 646 aequinoctio
1283 562 1427 626 verisad

70 661 243 726 autumnale
271 667 406 722 centrum
439 665 539 719 motus
561 656 680 719 omnino
704 656 783 718 idem
806 675 929 719 manere
954 656 1045 719 debet
1068 653 1149 728 Soli,
1182 658 1214 714 et
1236 652 1427 715 nihilomiuus

70 753 136 833 ejus
160 746 372 812 eceentricitas
396 753 520 826 propter
543 745 672 825 eclipses
694 747 834 825 augenda
856 753 923 807 est:
948 745 1008 819 fiet,
1032 752 1067 806 ιιι
1089 744 1169 805 inter
1187 750 1299 804 centra
1317 760 1427 804 eccen-

75 841 142 904 trici
167 846 200 901 et
223 838 335 899 Terrae
359 842 494 897 centrum
518 835 676 912 aequantia
699 835 797 895 medio
821 834 888 896 loco
912 833 1040 914 incidat:
1068 831 1149 893 sicut
1169 831 1200 892 in
1225 829 1428 911 superioribus

72 939 105 992 et
128 929 154 1002 Ω
180 926 273 1005 (apud
298 925 521 996 Ptolemaeum)
546 932 595 984 est
618 943 709 1003 supra
732 931 866 985 centmm
889 920 1059 992 eccentrici.
1084 921 1114 982 in
1134 921 1220 982 Luna
1241 919 1321 981 infra
1343 919 1374 981 id
1398 919 1426 980 in

72 1020 139 1097 ipso
163 1023 268 1077 centro
292 1013 419 1085 Terrae,
452 1011 481 1072 in
506 1011 612 1090 §jam
635 1030 741 1091 supra,
769 1013 834 1091 jam
857 1011 947 1087 inira,
980 1010 1077 1073 medio
1101 1009 1166 1071 loco
1189 1011 1268 1072 inter
1291 1016 1425 1071 centrum

71 1109 184 1168 Terrae
208 1113 239 1165 et
260 1099 429 1175 eccentrici,
449 1100 514 1179 jam
538 1101 577 1161 ad
600 1100 681 1162 latus
705 1101 893 1163 alterutmm.
939 1100 1034 1162 Porro
1058 1099 1133 1161 haec
1155 1097 1267 1180 positio
1291 1117 1428 1176 aequan-

70 1196 113 1259 tis
146 1195 175 1256 in
209 1192 340 1272 sphaera
373 1187 413 1266 Θ
443 1189 533 1269 plane
571 1198 677 1251 contra
708 1207 842 1251 normam
875 1189 1060 1268 superiorum
1092 1196 1256 1269 contraque
1292 1186 1429 1248 rationes

72 1283 214 1368 physicas
238 1279 349 1342 terruit
370 1297 429 1350 me,
453 1296 491 1338 ne
515 1278 647 1340 fortasse
671 1278 786 1341 ruinam
810 1277 1066 1358 aequinoctiomm
1090 1297 1192 1340 secum
1215 1277 1326 1351 trahat,
1352 1295 1429 1357 quae

76 1372 201 1454 pulchre
229 1376 358 1449 possunt
388 1367 554 1428 observari.
601 1369 706 1447 Itaque
736 1366 869 1428 abstinui
901 1386 1007 1428 manns
1039 1387 1058 1428 a
1088 1367 1218 1445 sphaera
1250 1365 1342 1429 Solis.
1388 1364 1431 1426 Ει

71 1473 174 1525 tamen
208 1477 302 1520 cansa
331 1455 442 1518 erroris
475 1455 504 1516 in
533 1455 694 1534 eclipsibus
725 1474 791 1517 cum
819 1474 896 1516 anno
921 1455 1120 1530 convertitur,
1154 1464 1189 1518 ιιι
1214 1456 1345 1518 vidimus
1373 1455 1430 1516 boc
1473 1486 1475 1491 ·

72 1567 161 1613 anuo.
208 1545 392 1610 Necessario
416 1545 518 1623 itaque
542 1545 580 1605 ad
603 1545 696 1605 talem
721 1563 844 1607 causam
867 1544 1003 1623 coniugi,
1027 1545 1125 1625 qualis
1149 1545 1250 1606 estin
1274 1544 1332 1606 mei
1355 1563 1428 1624 pro-

72 1636 203 1720 gnostici
227 1633 402 1714 appendice.
452 1633 485 1694 ld
499 1651 664 1695 consonum
680 1633 857 1707 rationibus,
884 1633 941 1694 nisi
957 1634 1035 1713 quod
1047 1633 1112 1713 jam
1130 1633 1246 1714 pridem
1260 1633 1331 1695 illas
1345 1650 1430 1695 meas

72 1727 160 1790 nimis
184 1725 316 1786 audaces
339 1721 474 1783 rationes
498 1721 613 1784 laxasti
636 1722 754 1783 leviter.
803 1719 976 1784 Consonum
1004 1731 1052 1784 est
1075 1722 1167 1802 igitur
1193 1721 1221 1782 si
1243 1742 1303 1785 non
1332 1721 1430 1783 ratio-

72 1818 170 1889 nibus,
195 1820 277 1875 certe
302 1809 521 1891 suspicionibus
543 1811 704 1872 rationum.
753 1810 899 1872 Videmus
923 1811 1040 1872 Lunam
1063 1820 1153 1892 prout
1175 1812 1320 1893 ipseper
1343 1829 1376 1872 se
1400 1819 1432 1872 et

73 1923 128 1967 suo
153 1911 236 1964 motu
259 1899 340 1961 circa
359 1899 483 1960 Terram
506 1900 545 1960 ad
569 1899 673 1961 Solem
695 1901 743 1961 vel
768 1920 786 1961 a
806 1899 877 1962 Sole
902 1901 976 1975 abit,
1001 1901 1130 1976 tardam,
1155 1903 1300 1977 velocem,
1327 1901 1431 1972 altam,

73 1993 214 2055 humilem
243 1988 380 2051 aTerre
402 1987 475 2050 fieri.
522 1989 558 2050 Id
582 1989 640 2050 etsi
669 1989 834 2062 nescimus,
863 1990 1051 2071 suspicamur
1079 1998 1180 2052 tamen
1212 1991 1282 2052 avi
1306 1988 1432 2052 metrice

74 2082 156 2144 Solis
181 2098 259 2141 esse.
307 2074 341 2138 Si
364 2077 422 2138 hoc
446 2077 548 2138 evenit
570 2078 675 2139 Lunae
706 2088 831 2158 propter
853 2087 968 2140 motum
997 2099 1081 2140 suurn
1099 2080 1266 2160 proprium,
1298 2099 1351 2141 cnr
1374 2096 1432 2140 non

72 2171 195 2234 eveniat
224 2167 320 2228 eidem
350 2174 474 2245 propter
502 2175 616 2227 motum
639 2167 769 2241 Terrae,
793 2186 849 2248 per
876 2187 964 2248 quem
988 2169 1056 2249 ipsa
1084 2187 1151 2230 curn
1176 2175 1239 2230 toto
1270 2186 1325 2230 sno
1348 2166 1432 2229 coelo

72 2260 171 2322 hieme
196 2256 372 2317 admovetur
397 2254 471 2322 Soli.
506 2263 626 2316 aestate
651 2255 689 2316 ab
714 2274 749 2317 eo
774 2256 965 2319 dimovetur?
1010 2256 1163 2336 objicias,
1188 2256 1341 2318 diversam
1365 2274 1433 2317 esse

76 2349 226 2410 rationem
256 2344 406 2423 utrinque.
452 2343 532 2405 Nam
564 2346 590 2406 si
619 2345 691 2424 qnid
721 2345 890 2423 hujusmodi
914 2347 1019 2408 Lunae
1043 2346 1178 2421 eveniat,
1214 2346 1291 2425 quod
1315 2363 1433 2407 errores

74 2439 156 2499 circa
178 2435 307 2514 eclipses
331 2431 534 2513 patefaciant,
568 2433 761 2513 undecunque
784 2434 814 2496 id
839 2435 895 2508 sit,
929 2434 959 2495 id
989 2454 1055 2496 cum
1078 2454 1138 2496 una
1167 2434 1353 2496 revolutione
1378 2451 1432 2494 aco

74 2543 180 2588 cessus
212 2532 243 2583 et
267 2540 405 2584 recessus
429 2522 505 2582 coeli
528 2522 659 2583 Lunaris
692 2522 805 2584 aSole
834 2522 927 2585 semel
955 2523 1089 2585 converti
1119 2531 1151 2585 et
1174 2522 1341 2585 terminari.
1388 2520 1434 2582 At

75 2632 168 2694 snpra
198 2611 228 2672 in
258 2630 318 2672 uua
340 2610 528 2672 revolutione
562 2611 697 2691 corporis
720 2611 825 2673 Lunae
855 2630 997 2673 accessus
1026 2620 1058 2674 et
1081 2631 1219 2674 recessus
1244 2633 1262 2672 a
1285 2609 1358 2674 Sole
1386 2609 1434 2670 bis

77 2701 295 2766 terminabatur
325 2699 379 2761 illa
407 2698 616 2779 inaequalitas.
663 2700 859 2778 Respondeo,
888 2700 1038 2762 diversam
1068 2700 1160 2762 etiam
1180 2707 1220 2762 et
1247 2701 1337 2779 plane
1366 2697 1434 2760 huic

77 2793 120 2854 rei
145 2790 272 2852 similem
296 2789 444 2850 rationem
467 2789 496 2849 in
520 2806 556 2850 eo
582 2808 663 2863 esse,
694 2789 773 2869 quod
796 2790 890 2852 Terra
913 2797 946 2851 et
968 2789 1082 2852 coelum
1097 2791 1201 2852 Lunae
1226 2790 1308 2851 circa
1331 2786 1434 2850 Solem

77 2897 198 2960 semper
219 2877 421 2958 progreditur,
446 2887 478 2938 at
502 2895 608 2957 corpus
626 2878 729 2939 Lunae
753 2878 783 2939 in
808 2878 932 2940 dimidia
954 2878 1140 2941 revolutione
1158 2878 1360 2960 progreditur,
1386 2875 1433 2936 di-

76 2969 171 3032 midia
194 2966 362 3046 regreditur
384 2975 525 3045 respectu
540 2965 632 3027 Solis.
679 2966 765 3028 Haec
788 2967 902 3030 babent
924 2968 1002 3030 inter
1021 2987 1053 3030 se
1078 2969 1248 3049 analogiam
1273 2965 1434 3047 quandam.

77 3060 186 3137 ltaque
204 3055 336 3134 suspicio
360 3065 422 3131 est,
450 3074 538 3115 unum
563 3074 631 3116 esse
656 3074 778 3117 causam
802 3057 937 3119 alterins.
985 3057 1047 3119 Sed
1076 3058 1208 3121 sufficiat
1239 3062 1358 3132 tautum
1380 3071 1435 3133 pro

76 3145 272 3210 excusatione
287 3144 411 3206 dixisse.
459 3141 589 3214 Quinto:
615 3164 652 3206 an
671 3163 743 3206 vero
758 3162 817 3207 non
832 3145 938 3227 ingens
954 3147 1080 3209 andacia
1095 3155 1152 3220 est,
1177 3147 1296 3208 unicam
1311 3145 1435 3206 diurnae

77 3233 274 3298 revolutionis
297 3242 329 3295 et
353 3232 471 3312 quidem
496 3232 740 3312 aequalissimam
755 3253 933 3297 mensuram
958 3236 1151 3297 adulterare?
1196 3236 1275 3297 Nam
1298 3233 1354 3295 hoc
1377 3249 1436 3293 uno

81 3323 238 3386 conamine
262 3331 330 3382 tota
350 3321 429 3383 coeli
452 3322 593 3383 machina
616 3322 777 3384 luxabitur.
825 3322 905 3394 Quid
925 3325 990 3403 jam
1014 3323 1089 3385 certi
1114 3324 1150 3385 de
1165 3323 1247 3385 Solis
1271 3328 1354 3383 motu
1377 3320 1435 3381 ha-

78 3413 232 3486 bebimus,
257 3411 283 3472 si
308 3412 345 3472 de
369 3430 510 3473 mensura
533 3411 591 3472 diei
616 3413 689 3473 certi
714 3429 771 3472 non
797 3431 908 3487 sumus,
933 3420 987 3474 aut
1010 3431 1069 3493 qna
1091 3431 1232 3474 mensura
1255 3419 1387 3480 utemur,
1410 3407 1437 3469 si

81 3502 147 3563 dies
171 3501 258 3562 uobis
278 3499 430 3561 metienda
453 3500 520 3560 est?
565 3499 757 3577 Respondeo,
782 3501 892 3562 nullius
916 3519 963 3562 me
978 3502 1073 3580 pudet
1090 3500 1245 3576 andaciae,
1268 3517 1324 3579 per
1347 3515 1436 3577 qnam

80 3608 204 3670 sperare
227 3607 370 3668 possum,
399 3607 445 3649 me
465 3594 580 3650 certum
604 3588 642 3649 ab
667 3588 831 3651 artificibus
854 3608 1030 3669 responsum
1054 3589 1162 3651 elicere
1186 3606 1287 3670 posse.
1335 3584 1437 3656 Quare

81 3681 123 3740 ite
152 3678 301 3753 artifices,
336 3677 425 3739 facite
453 3677 618 3757 periculum
652 3676 710 3752 rei,
750 3680 906 3757 explorate
940 3678 1151 3740 certitudinem
1182 3683 1282 3740 motus
1315 3692 1435 3737 arenae.

82 3769 228 3847 Magnum
251 3766 380 3847 aliquem
404 3767 553 3828 cumulum
577 3784 687 3828 arenae
711 3784 765 3845 per
789 3767 921 3829 foramen
946 3767 1023 3829 satis
1038 3767 1169 3847 amplum
1193 3765 1355 3838 demittite,
1380 3762 1438 3824 ad-

80 3867 146 3919 este
171 3857 227 3937 ipsi
251 3855 382 3935 negotio,
408 3874 530 3935 operam
554 3855 624 3916 date
648 3875 686 3917 ne
709 3854 795 3917 initio
819 3857 949 3918 maximo
964 3857 1096 3936 pondere
1120 3862 1276 3934 prematur
1291 3855 1435 3925 foramen,

80 3947 138 4006 fine
162 3964 232 4006 vero
256 3945 329 4007 nihil
353 3952 471 4024 urgeat.
518 3944 640 4005 Modica
664 3964 783 4025 semper
805 3945 851 4007 vis
876 3965 965 4007 mann
985 3945 1160 4006 sufficiatur.
1207 3942 1358 4004 Metimini
1382 3941 1438 4002 hoc

79 4043 171 4115 pacto
200 4035 278 4095 diem
308 4032 475 4108 hibernum,
511 4033 591 4094 diem
614 4032 687 4093 item
711 4034 874 4108 aestivum,
908 4034 934 4096 si
959 4033 1157 4096 differentiam
1186 4031 1328 4094 invenitis
1351 4030 1438 4093 unius

83 4131 136 4185 aut
164 4124 289 4184 duamm
312 4122 464 4197 boramm,
499 4121 693 4201 gratulamini
716 4121 813 4183 vobis.
859 4123 965 4202 Neque
989 4121 1054 4183 Soli
1083 4123 1218 4185 metuite.
1264 4118 1439 4199 Numquid

81 4212 215 4273 efficiunt
239 4209 270 4273 5¹
295 4211 409 4283 (motus
432 4210 452 4273 2
476 4211 632 4282 horarum)
656 4209 685 4270 in
710 4209 925 4285 declinatione,
950 4230 1040 4290 qnam
1065 4212 1163 4274 solam
1185 4210 1271 4272 vobis
1295 4209 1369 4271 licet
1389 4208 1437 4270 in-

81 4300 259 4363 strumentis
282 4301 411 4381 cepere?
458 4298 520 4361 Sed
544 4317 626 4360 eram
650 4298 763 4360 oblitus
786 4317 878 4378 snpra
901 4300 1028 4362 alteram
1052 4321 1178 4363 causam
1201 4301 1239 4361 de
1254 4300 1342 4360 Luna
1366 4298 1438 4370 (non

82 4390 120 4450 de
134 4388 224 4462 Sole)
248 4388 419 4469 suspicandi
443 4388 616 4468 adjungere.
661 4386 782 4448 Etenim
806 4386 831 4448 si
849 4385 931 4450 Solis
955 4391 1151 4469 aequationes
1173 4389 1313 4450 incensa
1337 4393 1441 4447 essent

83 4477 194 4540 erroris
218 4478 300 4540 circa
322 4477 465 4557 eclipses,
492 4477 597 4537 Lunae
620 4474 713 4555 igitur
735 4480 835 4537 motus
860 4483 964 4539 essent
987 4479 1077 4549 certi,
1107 4487 1138 4539 et
1165 4476 1292 4539 inveniri
1315 4474 1441 4536 deberet

85 4567 173 4628 Luna
195 4586 230 4627 eo
255 4567 331 4642 loco,
354 4567 385 4628 in
409 4583 495 4646 quern
521 4586 539 4626 a
562 4564 678 4626 calculo
697 4563 861 4642 reponitur.
907 4564 953 4628 At
976 4566 1024 4627 die
1049 4567 1216 4647 paschatis,
1241 4563 1284 4626 uti
1309 4580 1355 4624 me
1374 4561 1438 4640 pri-

85 4656 152 4718 dem
177 4654 336 4735 scripsisse
359 4654 532 4716 meminisse
555 4661 653 4732 potes,
679 4651 767 4715 Luna
790 4660 876 4715 tanto
901 4654 963 4716 fere
987 4653 1083 4716 serius
1107 4655 1146 4716 ad
1170 4655 1267 4717 locum
1290 4651 1440 4713 acalenlo

85 4745 268 4806 destinatum
293 4744 439 4822 pervenit,
465 4750 577 4821 quanto
602 4740 698 4802 scrius
722 4743 843 4822 eclipsis
867 4743 950 4821 prior
973 4751 1163 4822 appamerat.
1210 4741 1293 4820 Ergo
1307 4737 1439 4819 suspicio

84 4843 144 4911 est,
168 4835 273 4896 Lunae
297 4842 411 4897 motum
435 4832 535 4914 potins
560 4849 649 4916 quam
673 4828 755 4894 Solis
779 4831 807 4894 in
831 4850 925 4895 causa
948 4852 1026 4895 esse.
