3414 5550
708 269 870 322 cneum
1266 340 1269 344 ,
1382 273 1426 344 so

64 435 149 502 test,
183 446 272 509 quem
303 428 437 491 foramen
470 449 508 492 ex
536 430 600 492 alta
627 430 720 506 turri,
745 431 887 512 locusque
915 432 971 494 sub
996 452 1032 495 ea
1053 434 1221 498 umbrosus.
1269 434 1431 499 Rotundus

64 517 147 579 euim
169 515 250 579 Solis
278 518 380 580 radius
403 518 506 598 optica
528 520 645 581 ratione
667 537 722 598 per
745 522 877 582 foramen
907 521 1099 599 ingrediens,
1124 523 1150 584 si
1180 543 1217 585 ex
1251 523 1372 605 obliquo
1400 526 1430 587 in
1544 589 1547 593 ,

63 607 190 687 planum
212 606 336 681 incidat,
361 607 480 685 ellipsin
504 609 610 689 pingit,
635 609 721 687 cujus
745 629 783 669 ex
807 610 896 688 longa
920 617 951 670 et
973 612 1057 673 brevi
1081 611 1239 685 diametro,
1265 613 1290 673 si
1315 613 1431 692 ellipsis

64 695 146 757 satis
170 712 281 774 magua
302 695 359 771 sit,
384 705 459 776 puta
482 717 520 759 ex
544 698 610 759 loco
634 697 710 769 alto,
740 697 827 777 plura
850 717 906 777 ego
930 696 1090 779 colligam,
1121 718 1209 780 quarn
1233 719 1271 762 ex
1295 703 1431 764 omnibus

65 783 297 866 quadrantibus,
321 785 506 859 astrolabiis,
533 785 669 857 armillis,
694 786 819 861 baculis,
845 795 877 849 et
900 787 1055 850 similibus.

155 873 202 935 De
227 872 486 937 observationibus
511 875 590 957 quod
614 894 660 936 me
685 874 840 950 sollicitas,
860 877 924 955 jam
940 877 1055 955 pridem
1074 877 1168 938 habes
1188 876 1263 938 duas
1282 877 1430 958 insignio-

65 981 117 1024 res
141 961 178 1024 de
201 962 350 1024 Mercurio
374 972 407 1049 et
427 963 549 1026 Polari:
575 964 718 1026 Nonnihil
742 965 834 1027 etiam
862 965 977 1026 videbis
1007 966 1036 1028 in
1070 985 1136 1027 meo
1168 966 1362 1048 prognostico
1391 968 1430 1028 ad

66 1069 178 1113 annum
219 1047 317 1127 1599,
356 1052 435 1132 quod
475 1053 505 1114 in
548 1053 623 1114 hunc
652 1053 738 1115 linem
776 1054 873 1131 adjeci
908 1054 1004 1116 literis
1038 1054 1130 1115 hisce.
1179 1055 1342 1117 Praeterea
1370 1055 1430 1117 fere

66 1140 142 1203 nihil
166 1139 280 1214 babeo,
309 1140 367 1203 nisi
398 1141 471 1203 illud
500 1150 530 1203 te
555 1142 685 1204 fortasse
711 1143 859 1216 delectet,
886 1142 934 1203 die
959 1140 1011 1206 25.
1037 1143 1124 1224 Sept,
1150 1162 1236 1205 mane
1260 1161 1312 1205 cor
1335 1144 1431 1205 leonis

66 1249 87 1290 a
110 1229 232 1291 Venere
259 1228 384 1310 eclipsin
409 1249 476 1292 esse
496 1250 628 1311 passum,
652 1232 742 1311 plane
766 1239 800 1292 ut
823 1241 893 1292 ante
918 1249 1013 1293 annos
1037 1241 1116 1295 octo.
1169 1231 1306 1312 Eclipsiu
1329 1240 1430 1295 mmen

66 1319 134 1398 ipsc
161 1336 221 1379 uon
252 1318 333 1394 vidi,
371 1337 425 1380 nec
463 1320 620 1401 quisquam
655 1321 684 1381 in
721 1320 778 1381 hoc
814 1326 879 1381 toto
913 1320 1078 1384 occidente.
1139 1318 1291 1399 Colligere
1329 1328 1431 1383 antem

65 1404 152 1487 potui
187 1405 291 1486 paucis
324 1414 395 1468 ante
424 1407 553 1469 Veneris
582 1416 678 1470 ortum
710 1409 791 1470 horis
829 1408 985 1469 accidisse.
1042 1410 1122 1472 Nam
1158 1409 1273 1471 oriente
1308 1411 1429 1472 Venere

66 1496 150 1557 nullo
178 1494 267 1558 modo
299 1495 401 1558 videre
439 1516 489 1558 cor
521 1498 622 1576 potui,
664 1497 719 1559 sed
755 1504 826 1577 post
859 1506 956 1559 ortum
988 1497 1053 1576 ejus
1082 1517 1141 1559 una
1172 1497 1247 1559 hora
1276 1498 1429 1579 separatio

66 1591 158 1646 tanta
189 1584 259 1657 fuit,
299 1603 337 1646 ex
352 1589 424 1665 'qua
455 1586 627 1665 conjectata
654 1587 822 1665 conjunctio
855 1595 926 1647 ante
959 1594 1056 1648 ortum
1087 1586 1227 1648 cadebat.
1288 1586 1430 1649 Vidisses

67 1672 268 1735 differentiam
295 1673 369 1735 lucis
397 1674 427 1734 in
455 1681 582 1755 utraque
610 1677 710 1736 stella.
758 1674 899 1736 Rubebat
922 1675 1002 1737 enim
1024 1694 1076 1738 cor
1099 1674 1246 1748 nonnihil,
1284 1684 1316 1737 et
1344 1677 1430 1757 quasi

66 1761 255 1842 pellucebat,
280 1761 404 1843 perinde
428 1764 513 1845 quasi
537 1764 642 1826 Venus
666 1763 754 1826 lactis
779 1764 958 1839 crassitiem,
984 1783 1035 1826 cor
1058 1784 1154 1846 aquae
1170 1763 1312 1845 limpidae
1328 1765 1429 1828 tenui-

66 1860 165 1915 tatem
177 1850 367 1914 imitaretur.-

157 1938 287 2011 Quaeris
315 1948 348 2002 et
379 1941 417 2001 de
444 1942 565 2022 reliquis
589 1940 697 2003 studiis
730 1941 820 2014 meis,
863 1950 895 2003 et
923 1960 1045 2022 operam
1071 1941 1223 2021 polliceris
1254 1941 1430 2020 adjutandis

67 2031 144 2092 meis
163 2028 433 2092 observationibus.
468 2030 509 2092 Et
532 2030 747 2092 humanitatem
770 2031 848 2093 hauc
871 2031 986 2110 pridem
1000 2030 1120 2111 quidem
1135 2030 1303 2108 degustavi,
1324 2037 1431 2111 gratus

67 2137 212 2198 agnosco,
236 2134 291 2180 nec
314 2118 482 2181 mehercule
506 2128 665 2181 contemno
689 2128 743 2180 aut
766 2119 885 2198 rejicio:
911 2127 1045 2182 ceterum
1068 2119 1097 2180 io
1122 2118 1197 2181 haec
1221 2126 1358 2199 tempora
1381 2119 1430 2182 in·

67 2208 206 2281 uidimus,
230 2206 260 2268 in
284 2207 390 2286 quibus
414 2208 575 2270 hebescere
599 2207 789 2270 solertissimi
815 2208 958 2288 cujusque
979 2209 1084 2279 aciem,
1105 2208 1260 2269 deferbere
1281 2208 1428 2282 ardorem,

68 2303 196 2359 conatus
219 2295 347 2377 opprimi
370 2315 493 2359 necesse
517 2297 567 2359 sit.
602 2294 682 2367 Quid
706 2298 805 2359 enim?
829 2298 858 2359 iu
883 2296 987 2379 Styria
1011 2297 1175 2358 maneam?
1199 2316 1236 2358 an
1253 2296 1429 2358 discedam?

66 2385 174 2465 Neque
197 2403 244 2445 me
268 2384 409 2466 reprimo,
434 2386 483 2466 qui
507 2386 672 2447 studiorum
696 2386 751 2447 tibi
774 2405 908 2448 meorum
931 2405 1021 2466 quam
1045 2385 1266 2466 penitissimam
1290 2385 1429 2447 notitiam

67 2472 171 2553 aperui
197 2474 299 2553 (quarn
325 2473 501 2536 facilitatem
526 2474 694 2555 agnovisti,
718 2482 753 2536 ut
774 2475 892 2548 video),
923 2473 992 2554 quin
1017 2482 1048 2536 et
1072 2474 1197 2536 affectus
1223 2472 1315 2534 animi
1338 2482 1429 2553 pate-

68 2562 192 2624 faciam:
222 2558 310 2633 Quod
334 2570 367 2624 tu
391 2564 521 2626 fortasse
545 2563 661 2643 gaudes
691 2565 740 2633 (ut
763 2572 834 2625 sunt
856 2564 1017 2637 humana),
1042 2563 1072 2623 id
1096 2581 1142 2623 me
1168 2562 1269 2623 dolere
1293 2562 1430 2624 acerbis·

66 2651 143 2712 sime
166 2669 292 2713 necesse
315 2659 373 2713 est.
421 2650 610 2716 Christianus
634 2671 715 2725 sum,
748 2652 958 2731 Augustanam
986 2651 1204 2712 confessionem
1233 2669 1271 2711 ex
1303 2651 1430 2713 institu-

67 2740 149 2801 tione
172 2749 340 2820 parentum,
365 2759 403 2801 ex
427 2742 593 2803 rationibus
618 2741 741 2820 saepius
765 2741 804 2802 ad
828 2740 972 2802 trutinam
989 2737 1149 2827 revocatis,
1169 2752 1207 2800 ex
1227 2740 1429 2801 tentationum
1503 2811 1506 2817 ¹

67 2829 252 2910 quotidianis
276 2829 427 2892 exercitiis
451 2829 551 2904 hausi,
586 2829 663 2892 hanc
692 2830 871 2909 amplector,
901 2829 1042 2891 simulare
1071 2847 1128 2889 non
1158 2826 1263 2902 didici,
1295 2827 1376 2891 seria
1398 2827 1428 2890 in

67 2918 261 2998 religionibus
286 2927 395 2991 tracto,
419 2937 476 2980 uon
502 2918 625 2993 ludicra,
651 2937 742 2998 quare
762 2927 793 2980 et
816 2917 894 2980 serio
919 2919 955 2980 de
980 2917 1133 2997 religionis
1149 2916 1301 2989 exercitio,
1321 2936 1427 2979 sacra-

66 3016 236 3069 mentorum
254 3027 309 3069 usu
333 3015 451 3087 satago.
500 3006 580 3079 Quid
609 3008 729 3069 autem?
773 3007 873 3086 Ejeeti
907 3016 976 3069 sunt
1005 3006 1087 3069 hisce
1115 3006 1292 3087 provinciis,
1322 3007 1428 3087 quibus

66 3095 258 3157 internuntiis
281 3096 427 3159 hactenus
450 3115 516 3159 cum
541 3097 605 3158 Deo
625 3095 688 3177 egi:
727 3095 832 3176 quibus
870 3096 938 3158 aliis
976 3114 1066 3176 agere
1097 3113 1217 3177 possem
1249 3114 1317 3157 cum
1350 3095 1427 3169 Deo,

66 3183 86 3245 ii
110 3203 169 3245 uon
194 3184 401 3248 admittuntur.
453 3186 503 3247 Ad
536 3187 610 3247 haec
638 3185 750 3247 salario
778 3186 863 3258 vivo,
896 3204 949 3266 pro
978 3184 1149 3246 conditione
1179 3184 1249 3258 loci,
1283 3202 1427 3264 perquam

65 3273 164 3347 tenui:
194 3292 264 3353 spes
293 3283 361 3336 erat
395 3275 543 3337 auctionis
567 3273 596 3336 in
620 3284 788 3354 posterum:
818 3273 883 3354 quis
913 3270 1057 3353 augebit?
1102 3273 1279 3335 Proceribus
1315 3272 1426 3335 ademti

65 3371 137 3423 suut
161 3379 273 3436 omnes,
300 3363 349 3444 qui
372 3361 561 3444 religionem,
588 3363 637 3443 qni
665 3371 747 3425 artes
777 3362 875 3444 magis
907 3363 1095 3425 necessarias
1124 3362 1313 3436 tractabant;
1343 3362 1427 3423 solus

65 3460 207 3532 superest
228 3452 468 3527 mathematicus,
494 3472 551 3532 quo
576 3472 677 3515 carere
693 3452 822 3513 omniurn
839 3452 980 3513 facillime
995 3471 1084 3531 posse
1104 3469 1280 3530 persuasum
1303 3450 1425 3512 habent.

65 3540 101 3601 Iu
125 3548 214 3601 tanta
237 3541 478 3613 exacerbatione,
507 3552 553 3604 tot
575 3542 719 3603 bonorum
742 3541 871 3602 virorum
896 3541 1003 3615 exiliis,
1031 3559 1089 3620 qua
1113 3541 1210 3601 fronte
1226 3539 1332 3600 otiosis
1351 3538 1425 3600 meis

65 3628 324 3706 speculationibus
347 3630 477 3709 amplius
502 3631 652 3710 quidpiam
677 3630 812 3708 petiero?
857 3629 964 3709 ltaque
992 3629 1017 3691 si
1046 3630 1190 3706 languent
1222 3646 1290 3688 mea
1313 3627 1424 3701 studia,

65 3717 92 3776 si
121 3724 252 3778 conatus
279 3717 481 3793 intercidunt,
511 3721 538 3782 si
568 3718 800 3799 exoptatissima
831 3717 1076 3797 Magnificentiae
1109 3724 1180 3777 tuae
1212 3715 1426 3796 promtitudine

65 3805 104 3866 ad
129 3807 347 3884 promovendas
371 3826 455 3869 meas
479 3806 706 3869 observationes
731 3816 761 3868 et
785 3807 968 3868 conficienda
988 3807 1186 3868 instrumenta
1206 3805 1427 3884 inpraesentia

64 3895 109 3956 uti
133 3913 258 3975 nequeo,
284 3895 482 3958 habitationis
507 3916 549 3958 sc.
574 3897 722 3958 incertus:
748 3897 866 3975 culpam
885 3914 1000 3957 omnem
1016 3895 1045 3955 iu
1064 3891 1228 3972 religionis,
1244 3893 1273 3953 in
1293 3893 1425 3956 familiae

64 4002 168 4045 curam
192 3983 338 4047 conferes.
386 3986 493 4047 Petam
516 3994 618 4048 tamen
643 3988 694 4059 (ne
718 3992 907 4046 contemnere
930 3982 1171 4045 benevolentiam
1195 3991 1278 4042 tuam
1295 3982 1425 4056 videar),

64 4072 145 4155 quod
169 4072 240 4134 mihi
264 4072 332 4134 vivo
356 4091 475 4153 semper
497 4074 571 4136 utile
596 4075 663 4137 erit.
709 4071 981 4136 Observationibus
1003 4071 1143 4133 Werneri
1167 4088 1266 4132 careo.
1310 4070 1425 4133 Exem-

63 4161 164 4242 plaria
200 4168 272 4240 post
312 4169 359 4223 tot
395 4181 490 4224 annos
526 4163 673 4223 distracta
705 4163 804 4224 omnia
846 4161 996 4223 existimo.
1047 4159 1082 4223 Si
1114 4160 1192 4241 quod
1223 4178 1317 4239 penes
1359 4160 1426 4221 Vos

64 4251 223 4330 exemplar
245 4258 303 4326 est,
319 4251 350 4311 id
373 4269 513 4332 proceres
538 4251 632 4313 nostri
656 4251 761 4313 libenti
789 4251 887 4312 animo
912 4257 1140 4331 quantacunque
1164 4249 1290 4329 pecunia
1311 4247 1424 4309 biblio-

63 4340 173 4401 thecae
197 4356 270 4401 snae
294 4348 442 4402 asserent.
494 4339 556 4401 Sed
584 4349 615 4400 et
643 4339 669 4399 si
702 4340 767 4418 quis
800 4340 877 4400 alius
906 4339 1133 4400 observationes
1166 4356 1237 4398 snas
1267 4337 1296 4396 in
1329 4337 1424 4398 lucem

63 4427 228 4500 edidisset,
255 4427 321 4508 ejus
354 4446 410 4509 ego
434 4447 540 4490 nomeu
564 4429 591 4491 si
615 4428 725 4500 sciero,
760 4427 969 4489 adminiculum
997 4427 1026 4489 id
1051 4427 1122 4488 mihi
1146 4427 1204 4488 erit
1227 4423 1424 4504 comparandi

63 4516 177 4597 operis.
225 4514 305 4587 Quin
330 4517 388 4579 imo
414 4517 460 4578 vel
484 4517 614 4597 scriptas
639 4536 724 4591 amo,
758 4517 845 4578 modo
878 4517 914 4578 de
943 4515 1065 4578 artificis
1097 4524 1128 4577 et
1152 4513 1343 4576 amanuensis
1367 4513 1424 4575 lide

62 4612 216 4667 constent.
263 4606 365 4684 Atque
399 4606 455 4667 hac
487 4606 517 4667 in
548 4625 579 4668 re
608 4616 680 4687 post
707 4614 822 4666 sumtus
847 4605 886 4665 ad
911 4606 1111 4667 iustrumenta
1133 4603 1206 4665 nihil
1230 4601 1302 4663 mihi
1326 4601 1424 4681 majus

62 4694 111 4754 vel
137 4710 192 4755 rex
215 4693 362 4773 quispiam
390 4705 547 4774 praestare
571 4694 678 4777 possit,
699 4714 787 4774 quam
811 4692 1016 4773 hujuscemodi
1036 4692 1279 4754 observationum
1306 4690 1423 4770 copiam

63 4782 216 4847 faciendo.
