<?xml version="1.0" encoding="UTF-8"?>
<!DOCTYPE html PUBLIC "-//W3C//DTD XHTML 1.0 Transitional//EN"
    "http://www.w3.org/TR/xhtml1/DTD/xhtml1-transitional.dtd">
<html xmlns="http://www.w3.org/1999/xhtml" xml:lang="en" lang="en">
 <head>
  <title>
</title>
<meta http-equiv="Content-Type" content="text/html;charset=utf-8" />
  <meta name='ocr-system' content='tesseract 3.04.00' />
  <meta name='ocr-capabilities' content='ocr_page ocr_carea ocr_par ocr_line ocrx_word'/>
</head>
<body>
  <div class='ocr_page' id='page_1' title='image "./joanniskepleria10frisgoog/joanniskepleria10frisgoog_0270.png"; bbox 0 0 3428 5542; ppageno 0'>
   <div class='ocr_carea' id='block_1_1' title="bbox 716 317 919 371">
    <p class='ocr_par' dir='ltr' id='par_1_1' title="bbox 716 317 919 371">
     <span class='ocr_line' id='line_1_1' title="bbox 716 317 919 371; baseline -0.01 -3"><span class='ocrx_word' id='word_1_1' title='bbox 716 324 805 369; x_wconf 84' lang='lat' dir='ltr'><strong>scutra</strong></span> <span class='ocrx_word' id='word_1_2' title='bbox 821 317 919 371; x_wconf 75' lang='lat' dir='ltr'><strong>um.</strong></span> 
     </span>
    </p>
   </div>
   <div class='ocr_carea' id='block_1_2' title="bbox 570 530 1059 778">
    <p class='ocr_par' dir='ltr' id='par_1_2' title="bbox 570 530 1059 778">
     <span class='ocr_line' id='line_1_2' title="bbox 716 530 911 632; baseline -0.01 -24"><span class='ocrx_word' id='word_1_3' title='bbox 716 530 837 632; x_wconf 86' lang='lat' dir='ltr'><strong>Caput</strong></span> <span class='ocrx_word' id='word_1_4' title='bbox 863 530 911 606; x_wconf 92' lang='grc' dir='ltr'><strong>Π.</strong></span> 
     </span>
     <span class='ocr_line' id='line_1_3' title="bbox 570 691 1059 778; baseline 0.004 -23"><span class='ocrx_word' id='word_1_5' title='bbox 570 693 628 755; x_wconf 84' lang='lat' dir='ltr'><strong>De</strong></span> <span class='ocrx_word' id='word_1_6' title='bbox 649 691 799 757; x_wconf 61' lang='lat' dir='ltr'><strong>Historia</strong></span> <span class='ocrx_word' id='word_1_7' title='bbox 820 692 1059 778; x_wconf 74' lang='lat' dir='ltr'><strong>Hypolbeaz&#39;mra</strong></span> 
     </span>
    </p>
   </div>
   <div class='ocr_carea' id='block_1_3' title="bbox 125 834 1585 4938">
    <p class='ocr_par' dir='ltr' id='par_1_3' title="bbox 134 834 1585 2166">
     <span class='ocr_line' id='line_1_4' title="bbox 224 834 1493 919; baseline 0.004 -23"><span class='ocrx_word' id='word_1_8' title='bbox 224 835 258 896; x_wconf 91' lang='lat' dir='ltr'><strong>Iu</strong></span> <span class='ocrx_word' id='word_1_9' title='bbox 291 834 420 897; x_wconf 89' lang='lat' dir='ltr'><strong>historia</strong></span> <span class='ocrx_word' id='word_1_10' title='bbox 456 837 667 919; x_wconf 81' lang='lat' dir='ltr'><strong>hypothesium</strong></span> <span class='ocrx_word' id='word_1_11' title='bbox 700 839 834 902; x_wconf 88' lang='lat' dir='ltr'><strong>texenda</strong></span> <span class='ocrx_word' id='word_1_12' title='bbox 856 838 952 902; x_wconf 91' lang='lat' dir='ltr'><strong>Ursus</strong></span> <span class='ocrx_word' id='word_1_13' title='bbox 996 837 1123 900; x_wconf 87' lang='lat' dir='ltr'><strong>artificio</strong></span> <span class='ocrx_word' id='word_1_14' title='bbox 1156 837 1252 900; x_wconf 87' lang='lat' dir='ltr'><strong>utitur</strong></span> <span class='ocrx_word' id='word_1_15' title='bbox 1282 856 1341 899; x_wconf 90' lang='lat' dir='ltr'><strong>nou</strong></span> <span class='ocrx_word' id='word_1_16' title='bbox 1372 835 1493 901; x_wconf 90' lang='lat' dir='ltr'><strong>inscito.</strong></span> 
     </span>
     <span class='ocr_line' id='line_1_5' title="bbox 135 923 1499 1008; baseline 0.002 -22"><span class='ocrx_word' id='word_1_17' title='bbox 135 924 165 986; x_wconf 89' lang='lat' dir='ltr'><strong>A</strong></span> <span class='ocrx_word' id='word_1_18' title='bbox 187 924 267 986; x_wconf 88' lang='lat' dir='ltr'><strong>veris</strong></span> <span class='ocrx_word' id='word_1_19' title='bbox 291 923 368 986; x_wconf 90' lang='lat' dir='ltr'><strong>enim</strong></span> <span class='ocrx_word' id='word_1_20' title='bbox 392 934 515 988; x_wconf 88' lang='lat' dir='ltr'><strong>exortus</strong></span> <span class='ocrx_word' id='word_1_21' title='bbox 538 927 705 991; x_wconf 89' lang='lat' dir='ltr'><strong>rationibus</strong></span> <span class='ocrx_word' id='word_1_22' title='bbox 729 929 816 990; x_wconf 84' lang='lat' dir='ltr'><strong>fidem</strong></span> <span class='ocrx_word' id='word_1_23' title='bbox 832 928 889 991; x_wconf 89' lang='lat' dir='ltr'><strong>sibi</strong></span> <span class='ocrx_word' id='word_1_24' title='bbox 913 926 988 989; x_wconf 82' lang='lat' dir='ltr'><strong>facit</strong></span> <span class='ocrx_word' id='word_1_25' title='bbox 1002 927 1184 1007; x_wconf 78' lang='lat' dir='ltr'><strong>cognitionis</strong></span> <span class='ocrx_word' id='word_1_26' title='bbox 1205 926 1412 988; x_wconf 78' lang='lat' dir='ltr'><strong>historiarum:</strong></span> <span class='ocrx_word' id='word_1_27' title='bbox 1438 945 1499 1008; x_wconf 86' lang='lat' dir='ltr'><strong>qua</strong></span> 
     </span>
     <span class='ocr_line' id='line_1_6' title="bbox 135 1013 1497 1096; baseline 0.004 -22"><span class='ocrx_word' id='word_1_28' title='bbox 135 1013 279 1087; x_wconf 87' lang='lat' dir='ltr'><strong>obtenta,</strong></span> <span class='ocrx_word' id='word_1_29' title='bbox 313 1014 385 1076; x_wconf 91' lang='lat' dir='ltr'><strong>nihil</strong></span> <span class='ocrx_word' id='word_1_30' title='bbox 412 1023 535 1093; x_wconf 40' lang='lat' dir='ltr'><strong>mutato,</strong></span> <span class='ocrx_word' id='word_1_31' title='bbox 553 1017 601 1078; x_wconf 85' lang='lat' dir='ltr'><strong>filo</strong></span> <span class='ocrx_word' id='word_1_32' title='bbox 624 1018 770 1080; x_wconf 89' lang='lat' dir='ltr'><strong>orationis</strong></span> <span class='ocrx_word' id='word_1_33' title='bbox 795 1020 834 1079; x_wconf 90' lang='lat' dir='ltr'><strong>ad</strong></span> <span class='ocrx_word' id='word_1_34' title='bbox 857 1026 1026 1079; x_wconf 89' lang='lat' dir='ltr'><strong>commenta</strong></span> <span class='ocrx_word' id='word_1_35' title='bbox 1053 1037 1109 1078; x_wconf 89' lang='lat' dir='ltr'><strong>sua</strong></span> <span class='ocrx_word' id='word_1_36' title='bbox 1134 1015 1296 1089; x_wconf 81' lang='lat' dir='ltr'><strong>delabitur,</strong></span> <span class='ocrx_word' id='word_1_37' title='bbox 1333 1035 1427 1096; x_wconf 89' lang='lat' dir='ltr'><strong>eaque</strong></span> <span class='ocrx_word' id='word_1_38' title='bbox 1450 1017 1497 1079; x_wconf 89' lang='lat' dir='ltr'><strong>le·</strong></span> 
     </span>
     <span class='ocr_line' id='line_1_7' title="bbox 135 1101 1585 1187; baseline 0.003 -24"><span class='ocrx_word' id='word_1_39' title='bbox 135 1101 211 1163; x_wconf 89' lang='lat' dir='ltr'><strong>ctori</strong></span> <span class='ocrx_word' id='word_1_40' title='bbox 233 1120 289 1182; x_wconf 91' lang='lat' dir='ltr'><strong>pro</strong></span> <span class='ocrx_word' id='word_1_41' title='bbox 316 1102 512 1166; x_wconf 79' lang='lat' dir='ltr'><strong>relationibus</strong></span> <span class='ocrx_word' id='word_1_42' title='bbox 535 1106 687 1169; x_wconf 81' lang='lat' dir='ltr'><strong>historicis</strong></span> <span class='ocrx_word' id='word_1_43' title='bbox 710 1108 853 1171; x_wconf 86' lang='lat' dir='ltr'><strong>obtrudit.</strong></span> <span class='ocrx_word' id='word_1_44' title='bbox 900 1107 947 1168; x_wconf 90' lang='lat' dir='ltr'><strong>De</strong></span> <span class='ocrx_word' id='word_1_45' title='bbox 971 1106 1141 1181; x_wconf 78' lang='lat' dir='ltr'><strong>Thalete,</strong></span> <span class='ocrx_word' id='word_1_46' title='bbox 1176 1104 1226 1187; x_wconf 92' lang='lat' dir='ltr'><strong>qni</strong></span> <span class='ocrx_word' id='word_1_47' title='bbox 1248 1104 1361 1185; x_wconf 91' lang='lat' dir='ltr'><strong>primus</strong></span> <span class='ocrx_word' id='word_1_48' title='bbox 1391 1112 1440 1168; x_wconf 87' lang='lat' dir='ltr'><strong>est</strong></span> <span class='ocrx_word' id='word_1_49' title='bbox 1466 1105 1499 1168; x_wconf 90' lang='lat' dir='ltr'><strong>in</strong></span> <span class='ocrx_word' id='word_1_50' title='bbox 1576 1171 1585 1184; x_wconf 34' lang='lat'><strong><em>⁴</em></strong></span> 
     </span>
     <span class='ocr_line' id='line_1_8' title="bbox 135 1193 1496 1278; baseline 0.004 -27"><span class='ocrx_word' id='word_1_51' title='bbox 135 1193 192 1253; x_wconf 89' lang='lat' dir='ltr'><strong>hac</strong></span> <span class='ocrx_word' id='word_1_52' title='bbox 219 1199 457 1255; x_wconf 74' lang='lat' dir='ltr'><strong>astronomorum</strong></span> <span class='ocrx_word' id='word_1_53' title='bbox 489 1195 566 1256; x_wconf 90' lang='lat' dir='ltr'><strong>serie</strong></span> <span class='ocrx_word' id='word_1_54' title='bbox 595 1197 624 1257; x_wconf 95' lang='lat' dir='ltr'><strong>iu</strong></span> <span class='ocrx_word' id='word_1_55' title='bbox 649 1194 782 1259; x_wconf 82' lang='lat' dir='ltr'><strong>Graecia</strong></span> <span class='ocrx_word' id='word_1_56' title='bbox 805 1194 956 1278; x_wconf 86' lang='lat' dir='ltr'><strong>(quamvis</strong></span> <span class='ocrx_word' id='word_1_57' title='bbox 980 1196 1109 1257; x_wconf 89' lang='lat' dir='ltr'><strong>Linum</strong></span> <span class='ocrx_word' id='word_1_58' title='bbox 1138 1203 1170 1256; x_wconf 91' lang='lat' dir='ltr'><strong>et</strong></span> <span class='ocrx_word' id='word_1_59' title='bbox 1193 1195 1393 1272; x_wconf 27' lang='lat' dir='ltr'><strong>Musaeum,</strong></span> <span class='ocrx_word' id='word_1_60' title='bbox 1413 1195 1496 1257; x_wconf 88' lang='lat' dir='ltr'><strong>auti-</strong></span> 
     </span>
     <span class='ocr_line' id='line_1_9' title="bbox 137 1278 1500 1365; baseline 0.004 -23"><span class='ocrx_word' id='word_1_61' title='bbox 137 1278 307 1361; x_wconf 88' lang='lat' dir='ltr'><strong>quissimos,</strong></span> <span class='ocrx_word' id='word_1_62' title='bbox 333 1282 411 1345; x_wconf 91' lang='lat' dir='ltr'><strong>hunc</strong></span> <span class='ocrx_word' id='word_1_63' title='bbox 434 1282 619 1347; x_wconf 88' lang='lat' dir='ltr'><strong>inventorem</strong></span> <span class='ocrx_word' id='word_1_64' title='bbox 640 1287 798 1365; x_wconf 84' lang='lat' dir='ltr'><strong>sphaerae,</strong></span> <span class='ocrx_word' id='word_1_65' title='bbox 823 1287 906 1348; x_wconf 93' lang='lat' dir='ltr'><strong>illum</strong></span> <span class='ocrx_word' id='word_1_66' title='bbox 928 1293 1063 1347; x_wconf 88' lang='lat' dir='ltr'><strong>motuum</strong></span> <span class='ocrx_word' id='word_1_67' title='bbox 1078 1283 1159 1346; x_wconf 88' lang='lat' dir='ltr'><strong>Solis</strong></span> <span class='ocrx_word' id='word_1_68' title='bbox 1183 1291 1215 1346; x_wconf 90' lang='lat' dir='ltr'><strong>et</strong></span> <span class='ocrx_word' id='word_1_69' title='bbox 1237 1283 1340 1345; x_wconf 89' lang='lat' dir='ltr'><strong>Lunae</strong></span> <span class='ocrx_word' id='word_1_70' title='bbox 1365 1283 1500 1347; x_wconf 87' lang='lat' dir='ltr'><strong>celebret</strong></span> 
     </span>
     <span class='ocr_line' id='line_1_10' title="bbox 136 1370 1498 1455; baseline 0.003 -23"><span class='ocrx_word' id='word_1_71' title='bbox 136 1371 291 1447; x_wconf 82' lang='lat' dir='ltr'><strong>Diogenes</strong></span> <span class='ocrx_word' id='word_1_72' title='bbox 314 1370 487 1446; x_wconf 74' lang='lat' dir='ltr'><strong>Laertius),</strong></span> <span class='ocrx_word' id='word_1_73' title='bbox 516 1374 541 1434; x_wconf 90' lang='lat' dir='ltr'><strong>si</strong></span> <span class='ocrx_word' id='word_1_74' title='bbox 565 1384 745 1450; x_wconf 78' lang='lat' dir='ltr'><strong>remeunt,</strong></span> <span class='ocrx_word' id='word_1_75' title='bbox 777 1396 852 1455; x_wconf 86' lang='lat' dir='ltr'><strong>quae</strong></span> <span class='ocrx_word' id='word_1_76' title='bbox 877 1376 914 1436; x_wconf 92' lang='lat' dir='ltr'><strong>de</strong></span> <span class='ocrx_word' id='word_1_77' title='bbox 936 1373 1142 1454; x_wconf 88' lang='lat' dir='ltr'><strong>praedictione</strong></span> <span class='ocrx_word' id='word_1_78' title='bbox 1167 1372 1315 1453; x_wconf 81' lang='lat' dir='ltr'><strong>eclipseos</strong></span> <span class='ocrx_word' id='word_1_79' title='bbox 1339 1372 1498 1455; x_wconf 84' lang='lat' dir='ltr'><strong>prodidere</strong></span> 
     </span>
     <span class='ocr_line' id='line_1_11' title="bbox 135 1459 1497 1544; baseline 0.002 -23"><span class='ocrx_word' id='word_1_80' title='bbox 135 1459 250 1521; x_wconf 85' lang='lat' dir='ltr'><strong>Plinius</strong></span> <span class='ocrx_word' id='word_1_81' title='bbox 274 1467 306 1520; x_wconf 94' lang='lat' dir='ltr'><strong>et</strong></span> <span class='ocrx_word' id='word_1_82' title='bbox 328 1460 519 1523; x_wconf 90' lang='lat' dir='ltr'><strong>Herodotus:</strong></span> <span class='ocrx_word' id='word_1_83' title='bbox 551 1472 633 1525; x_wconf 91' lang='lat' dir='ltr'><strong>certe</strong></span> <span class='ocrx_word' id='word_1_84' title='bbox 659 1464 797 1544; x_wconf 89' lang='lat' dir='ltr'><strong>equidem</strong></span> <span class='ocrx_word' id='word_1_85' title='bbox 820 1464 898 1526; x_wconf 89' lang='lat' dir='ltr'><strong>hauc</strong></span> <span class='ocrx_word' id='word_1_86' title='bbox 922 1462 1125 1525; x_wconf 88' lang='lat' dir='ltr'><strong>astronomiae</strong></span> <span class='ocrx_word' id='word_1_87' title='bbox 1156 1470 1274 1542; x_wconf 88' lang='lat' dir='ltr'><strong>partem</strong></span> <span class='ocrx_word' id='word_1_88' title='bbox 1299 1469 1406 1523; x_wconf 85' lang='lat' dir='ltr'><strong>exacte</strong></span> <span class='ocrx_word' id='word_1_89' title='bbox 1430 1462 1497 1524; x_wconf 89' lang='lat' dir='ltr'><strong>cal-</strong></span> 
     </span>
     <span class='ocr_line' id='line_1_12' title="bbox 137 1549 1499 1634; baseline 0.002 -23"><span class='ocrx_word' id='word_1_90' title='bbox 137 1549 228 1611; x_wconf 87' lang='lat' dir='ltr'><strong>luisse</strong></span> <span class='ocrx_word' id='word_1_91' title='bbox 252 1565 375 1611; x_wconf 87' lang='lat' dir='ltr'><strong>necesse</strong></span> <span class='ocrx_word' id='word_1_92' title='bbox 399 1557 457 1611; x_wconf 88' lang='lat' dir='ltr'><strong>est.</strong></span> <span class='ocrx_word' id='word_1_93' title='bbox 504 1550 547 1612; x_wconf 90' lang='lat' dir='ltr'><strong>Et</strong></span> <span class='ocrx_word' id='word_1_94' title='bbox 570 1553 712 1614; x_wconf 72' lang='lat' dir='ltr'><strong>Laertius</strong></span> <span class='ocrx_word' id='word_1_95' title='bbox 736 1554 869 1634; x_wconf 91' lang='lat' dir='ltr'><strong>quidem,</strong></span> <span class='ocrx_word' id='word_1_96' title='bbox 900 1553 1026 1632; x_wconf 90' lang='lat' dir='ltr'><strong>primum</strong></span> <span class='ocrx_word' id='word_1_97' title='bbox 1051 1551 1235 1631; x_wconf 83' lang='lat' dir='ltr'><strong>astrologiae</strong></span> <span class='ocrx_word' id='word_1_98' title='bbox 1259 1558 1379 1612; x_wconf 87' lang='lat' dir='ltr'><strong>secreta</strong></span> <span class='ocrx_word' id='word_1_99' title='bbox 1400 1549 1499 1614; x_wconf 89' lang='lat' dir='ltr'><strong>rima-</strong></span> 
     </span>
     <span class='ocr_line' id='line_1_13' title="bbox 134 1635 1498 1721; baseline 0.001 -21"><span class='ocrx_word' id='word_1_100' title='bbox 134 1649 208 1711; x_wconf 93' lang='lat' dir='ltr'><strong>tum‚</strong></span> <span class='ocrx_word' id='word_1_101' title='bbox 233 1635 315 1698; x_wconf 90' lang='lat' dir='ltr'><strong>Sulis</strong></span> <span class='ocrx_word' id='word_1_102' title='bbox 339 1657 458 1700; x_wconf 92' lang='lat' dir='ltr'><strong>cursum</strong></span> <span class='ocrx_word' id='word_1_103' title='bbox 482 1659 501 1700; x_wconf 89' lang='lat' dir='ltr'><strong>a</strong></span> <span class='ocrx_word' id='word_1_104' title='bbox 524 1641 656 1703; x_wconf 89' lang='lat' dir='ltr'><strong>solstitio</strong></span> <span class='ocrx_word' id='word_1_105' title='bbox 680 1642 709 1703; x_wconf 93' lang='lat' dir='ltr'><strong>in</strong></span> <span class='ocrx_word' id='word_1_106' title='bbox 733 1642 896 1705; x_wconf 87' lang='lat' dir='ltr'><strong>solstitium</strong></span> <span class='ocrx_word' id='word_1_107' title='bbox 921 1641 1085 1721; x_wconf 90' lang='lat' dir='ltr'><strong>reperisse,</strong></span> <span class='ocrx_word' id='word_1_108' title='bbox 1110 1641 1180 1702; x_wconf 90' lang='lat' dir='ltr'><strong>anni</strong></span> <span class='ocrx_word' id='word_1_109' title='bbox 1205 1640 1408 1721; x_wconf 87' lang='lat' dir='ltr'><strong>quantitatem</strong></span> <span class='ocrx_word' id='word_1_110' title='bbox 1432 1635 1498 1704; x_wconf 75' lang='lat'><strong>365</strong></span> 
     </span>
     <span class='ocr_line' id='line_1_14' title="bbox 135 1726 1500 1812; baseline 0.004 -24"><span class='ocrx_word' id='word_1_111' title='bbox 135 1727 249 1789; x_wconf 90' lang='lat' dir='ltr'><strong>diemm</strong></span> <span class='ocrx_word' id='word_1_112' title='bbox 283 1726 492 1802; x_wconf 90' lang='lat' dir='ltr'><strong>constituisse,</strong></span> <span class='ocrx_word' id='word_1_113' title='bbox 526 1729 563 1791; x_wconf 93' lang='lat' dir='ltr'><strong>de</strong></span> <span class='ocrx_word' id='word_1_114' title='bbox 591 1731 734 1793; x_wconf 90' lang='lat' dir='ltr'><strong>solstitiis</strong></span> <span class='ocrx_word' id='word_1_115' title='bbox 766 1739 798 1792; x_wconf 87' lang='lat' dir='ltr'><strong>et</strong></span> <span class='ocrx_word' id='word_1_116' title='bbox 822 1730 1021 1812; x_wconf 86' lang='lat' dir='ltr'><strong>aequinoctiis</strong></span> <span class='ocrx_word' id='word_1_117' title='bbox 1053 1729 1229 1809; x_wconf 85' lang='lat' dir='ltr'><strong>scripsisse,</strong></span> <span class='ocrx_word' id='word_1_118' title='bbox 1264 1728 1333 1790; x_wconf 90' lang='lat' dir='ltr'><strong>anni</strong></span> <span class='ocrx_word' id='word_1_119' title='bbox 1361 1738 1500 1810; x_wconf 83' lang='lat' dir='ltr'><strong>tempora</strong></span> 
     </span>
     <span class='ocr_line' id='line_1_15' title="bbox 134 1816 1550 1900; baseline 0.002 -22"><span class='ocrx_word' id='word_1_120' title='bbox 134 1835 272 1878; x_wconf 88' lang='lat' dir='ltr'><strong>mensum</strong></span> <span class='ocrx_word' id='word_1_121' title='bbox 300 1836 384 1888; x_wconf 87' lang='lat' dir='ltr'><strong>esse,</strong></span> <span class='ocrx_word' id='word_1_122' title='bbox 419 1816 501 1880; x_wconf 87' lang='lat' dir='ltr'><strong>Solis</strong></span> <span class='ocrx_word' id='word_1_123' title='bbox 526 1826 559 1881; x_wconf 94' lang='lat' dir='ltr'><strong>et</strong></span> <span class='ocrx_word' id='word_1_124' title='bbox 581 1820 686 1882; x_wconf 93' lang='lat' dir='ltr'><strong>Lunae</strong></span> <span class='ocrx_word' id='word_1_125' title='bbox 717 1820 938 1900; x_wconf 87' lang='lat' dir='ltr'><strong>magnitudines</strong></span> <span class='ocrx_word' id='word_1_126' title='bbox 971 1839 1164 1900; x_wconf 91' lang='lat' dir='ltr'><strong>comparasse</strong></span> <span class='ocrx_word' id='word_1_127' title='bbox 1197 1817 1337 1899; x_wconf 88' lang='lat' dir='ltr'><strong>Solisque</strong></span> <span class='ocrx_word' id='word_1_128' title='bbox 1362 1818 1500 1883; x_wconf 85' lang='lat' dir='ltr'><strong>delectus</strong></span> <span class='ocrx_word' id='word_1_129' title='bbox 1547 1850 1550 1855; x_wconf 58' lang='grc'>’</span> 
     </span>
     <span class='ocr_line' id='line_1_16' title="bbox 134 1904 1499 1989; baseline 0.002 -22"><span class='ocrx_word' id='word_1_130' title='bbox 134 1904 326 1986; x_wconf 84' lang='lat' dir='ltr'><strong>praedixisse</strong></span> <span class='ocrx_word' id='word_1_131' title='bbox 350 1907 471 1968; x_wconf 89' lang='lat' dir='ltr'><strong>asserit.</strong></span> <span class='ocrx_word' id='word_1_132' title='bbox 519 1909 626 1989; x_wconf 88' lang='lat' dir='ltr'><strong>Neque</strong></span> <span class='ocrx_word' id='word_1_133' title='bbox 651 1919 751 1971; x_wconf 90' lang='lat' dir='ltr'><strong>tamen</strong></span> <span class='ocrx_word' id='word_1_134' title='bbox 775 1910 947 1972; x_wconf 91' lang='lat' dir='ltr'><strong>methodum</strong></span> <span class='ocrx_word' id='word_1_135' title='bbox 972 1910 1101 1989; x_wconf 88' lang='lat' dir='ltr'><strong>eclipses</strong></span> <span class='ocrx_word' id='word_1_136' title='bbox 1116 1909 1308 1989; x_wconf 90' lang='lat' dir='ltr'><strong>praedicendi</strong></span> <span class='ocrx_word' id='word_1_137' title='bbox 1334 1929 1353 1968; x_wconf 89' lang='lat' dir='ltr'><strong>a</strong></span> <span class='ocrx_word' id='word_1_138' title='bbox 1376 1927 1409 1969; x_wconf 89' lang='lat' dir='ltr'><strong>se</strong></span> <span class='ocrx_word' id='word_1_139' title='bbox 1432 1907 1499 1987; x_wconf 78' lang='lat' dir='ltr'><strong>ipso</strong></span> 
     </span>
     <span class='ocr_line' id='line_1_17' title="bbox 134 1994 1498 2076; baseline 0.001 -20"><span class='ocrx_word' id='word_1_140' title='bbox 134 2003 240 2076; x_wconf 92' lang='lat' dir='ltr'><strong>petere</strong></span> <span class='ocrx_word' id='word_1_141' title='bbox 264 1994 379 2073; x_wconf 88' lang='lat' dir='ltr'><strong>potuit,</strong></span> <span class='ocrx_word' id='word_1_142' title='bbox 414 2014 480 2058; x_wconf 91' lang='lat' dir='ltr'><strong>cum</strong></span> <span class='ocrx_word' id='word_1_143' title='bbox 498 1997 554 2058; x_wconf 92' lang='lat' dir='ltr'><strong>hoc</strong></span> <span class='ocrx_word' id='word_1_144' title='bbox 578 2017 637 2059; x_wconf 90' lang='lat' dir='ltr'><strong>nou</strong></span> <span class='ocrx_word' id='word_1_145' title='bbox 660 1999 701 2060; x_wconf 90' lang='lat' dir='ltr'><strong>sit</strong></span> <span class='ocrx_word' id='word_1_146' title='bbox 724 2000 811 2061; x_wconf 94' lang='lat' dir='ltr'><strong>unius</strong></span> <span class='ocrx_word' id='word_1_147' title='bbox 835 1999 962 2074; x_wconf 88' lang='lat' dir='ltr'><strong>aetatis,</strong></span> <span class='ocrx_word' id='word_1_148' title='bbox 998 2001 1159 2062; x_wconf 90' lang='lat' dir='ltr'><strong>observare</strong></span> <span class='ocrx_word' id='word_1_149' title='bbox 1183 1997 1368 2059; x_wconf 85' lang='lat' dir='ltr'><strong>sufficientes</strong></span> <span class='ocrx_word' id='word_1_150' title='bbox 1393 1997 1498 2058; x_wconf 88' lang='lat' dir='ltr'><strong>Lunae</strong></span> 
     </span>
     <span class='ocr_line' id='line_1_18' title="bbox 139 2082 895 2166; baseline 0.005 -20"><span class='ocrx_word' id='word_1_151' title='bbox 139 2082 307 2146; x_wconf 82' lang='lat' dir='ltr'><strong>anomaliae</strong></span> <span class='ocrx_word' id='word_1_152' title='bbox 331 2083 368 2144; x_wconf 91' lang='lat' dir='ltr'><strong>ad</strong></span> <span class='ocrx_word' id='word_1_153' title='bbox 394 2085 518 2166; x_wconf 87' lang='lat' dir='ltr'><strong>eclipsin</strong></span> <span class='ocrx_word' id='word_1_154' title='bbox 544 2085 626 2148; x_wconf 89' lang='lat' dir='ltr'><strong>Solis</strong></span> <span class='ocrx_word' id='word_1_155' title='bbox 650 2088 895 2166; x_wconf 88' lang='lat' dir='ltr'><strong>praedicendam.</strong></span> 
     </span>
    </p>

    <p class='ocr_par' dir='ltr' id='par_1_4' title="bbox 135 2170 1562 3682">
     <span class='ocr_line' id='line_1_19' title="bbox 228 2170 1501 2257; baseline 0.002 -22"><span class='ocrx_word' id='word_1_156' title='bbox 228 2170 380 2235; x_wconf 77' lang='lat' dir='ltr'><strong>Credibile</strong></span> <span class='ocrx_word' id='word_1_157' title='bbox 404 2173 505 2253; x_wconf 92' lang='lat' dir='ltr'><strong>igitur,</strong></span> <span class='ocrx_word' id='word_1_158' title='bbox 530 2195 597 2237; x_wconf 90' lang='lat' dir='ltr'><strong>cum</strong></span> <span class='ocrx_word' id='word_1_159' title='bbox 612 2177 704 2256; x_wconf 88' lang='lat' dir='ltr'><strong>paulo</strong></span> <span class='ocrx_word' id='word_1_160' title='bbox 727 2185 798 2240; x_wconf 91' lang='lat' dir='ltr'><strong>ante</strong></span> <span class='ocrx_word' id='word_1_161' title='bbox 823 2198 889 2239; x_wconf 91' lang='lat' dir='ltr'><strong>eam</strong></span> <span class='ocrx_word' id='word_1_162' title='bbox 905 2177 1000 2257; x_wconf 88' lang='lat' dir='ltr'><strong>ipsam</strong></span> <span class='ocrx_word' id='word_1_163' title='bbox 1015 2173 1141 2254; x_wconf 90' lang='lat' dir='ltr'><strong>eclipsin</strong></span> <span class='ocrx_word' id='word_1_164' title='bbox 1166 2174 1305 2253; x_wconf 92' lang='lat' dir='ltr'><strong>bellaque</strong></span> <span class='ocrx_word' id='word_1_165' title='bbox 1329 2192 1404 2254; x_wconf 90' lang='lat' dir='ltr'><strong>quae</strong></span> <span class='ocrx_word' id='word_1_166' title='bbox 1429 2181 1501 2238; x_wconf 84' lang='lat' dir='ltr'><strong>tunc</strong></span> 
     </span>
     <span class='ocr_line' id='line_1_20' title="bbox 135 2261 1562 2347; baseline 0.001 -24"><span class='ocrx_word' id='word_1_167' title='bbox 135 2270 226 2341; x_wconf 85' lang='lat' dir='ltr'><strong>gesta</strong></span> <span class='ocrx_word' id='word_1_168' title='bbox 248 2274 462 2325; x_wconf 90' lang='lat' dir='ltr'><strong>commemorat</strong></span> <span class='ocrx_word' id='word_1_169' title='bbox 485 2264 672 2341; x_wconf 87' lang='lat' dir='ltr'><strong>Herodotus,</strong></span> <span class='ocrx_word' id='word_1_170' title='bbox 700 2285 762 2345; x_wconf 87' lang='lat' dir='ltr'><strong>pax</strong></span> <span class='ocrx_word' id='word_1_171' title='bbox 785 2267 886 2347; x_wconf 94' lang='lat' dir='ltr'><strong>ntique</strong></span> <span class='ocrx_word' id='word_1_172' title='bbox 912 2264 1002 2328; x_wconf 83' lang='lat' dir='ltr'><strong>ruerit</strong></span> <span class='ocrx_word' id='word_1_173' title='bbox 1020 2264 1123 2346; x_wconf 89' lang='lat' dir='ltr'><strong>Lydos</strong></span> <span class='ocrx_word' id='word_1_174' title='bbox 1146 2263 1226 2324; x_wconf 88' lang='lat' dir='ltr'><strong>inter</strong></span> <span class='ocrx_word' id='word_1_175' title='bbox 1249 2268 1281 2323; x_wconf 90' lang='lat' dir='ltr'><strong>et</strong></span> <span class='ocrx_word' id='word_1_176' title='bbox 1303 2261 1501 2343; x_wconf 79' lang='lat' dir='ltr'><strong>Babylonios,</strong></span> <span class='ocrx_word' id='word_1_177' title='bbox 1559 2278 1562 2283; x_wconf 89' lang='grc'>·</span> 
     </span>
     <span class='ocr_line' id='line_1_21' title="bbox 136 2351 1502 2434; baseline 0 -21"><span class='ocrx_word' id='word_1_178' title='bbox 136 2351 249 2413; x_wconf 87' lang='lat' dir='ltr'><strong>Thales</strong></span> <span class='ocrx_word' id='word_1_179' title='bbox 279 2370 349 2414; x_wconf 88' lang='lat' dir='ltr'><strong>vero</strong></span> <span class='ocrx_word' id='word_1_180' title='bbox 373 2352 468 2434; x_wconf 90' lang='lat' dir='ltr'><strong>Lydis</strong></span> <span class='ocrx_word' id='word_1_181' title='bbox 496 2353 612 2416; x_wconf 90' lang='lat' dir='ltr'><strong>vicinus</strong></span> <span class='ocrx_word' id='word_1_182' title='bbox 641 2356 670 2417; x_wconf 93' lang='lat' dir='ltr'><strong>in</strong></span> <span class='ocrx_word' id='word_1_183' title='bbox 694 2356 800 2418; x_wconf 90' lang='lat' dir='ltr'><strong>Mileto</strong></span> <span class='ocrx_word' id='word_1_184' title='bbox 829 2356 996 2428; x_wconf 88' lang='lat' dir='ltr'><strong>habitaret,</strong></span> <span class='ocrx_word' id='word_1_185' title='bbox 1031 2360 1128 2414; x_wconf 90' lang='lat' dir='ltr'><strong>artem</strong></span> <span class='ocrx_word' id='word_1_186' title='bbox 1156 2352 1285 2431; x_wconf 88' lang='lat' dir='ltr'><strong>eclipses</strong></span> <span class='ocrx_word' id='word_1_187' title='bbox 1308 2351 1502 2430; x_wconf 88' lang='lat' dir='ltr'><strong>computandi</strong></span> 
     </span>
     <span class='ocr_line' id='line_1_22' title="bbox 141 2436 1498 2524; baseline -0.001 -22"><span class='ocrx_word' id='word_1_188' title='bbox 141 2436 284 2502; x_wconf 86' lang='lat' dir='ltr'><strong>didicisse</strong></span> <span class='ocrx_word' id='word_1_189' title='bbox 309 2459 329 2501; x_wconf 92' lang='lat' dir='ltr'><strong>a</strong></span> <span class='ocrx_word' id='word_1_190' title='bbox 355 2441 543 2523; x_wconf 91' lang='lat' dir='ltr'><strong>Babyloniis.</strong></span> <span class='ocrx_word' id='word_1_191' title='bbox 591 2444 632 2505; x_wconf 90' lang='lat' dir='ltr'><strong>Et</strong></span> <span class='ocrx_word' id='word_1_192' title='bbox 655 2445 798 2507; x_wconf 72' lang='lat' dir='ltr'><strong>Laertius</strong></span> <span class='ocrx_word' id='word_1_193' title='bbox 822 2444 940 2524; x_wconf 87' lang='lat' dir='ltr'><strong>quidem</strong></span> <span class='ocrx_word' id='word_1_194' title='bbox 970 2448 1153 2514; x_wconf 89' lang='lat' dir='ltr'><strong>auctorest,</strong></span> <span class='ocrx_word' id='word_1_195' title='bbox 1178 2441 1352 2522; x_wconf 87' lang='lat' dir='ltr'><strong>Aegyptum</strong></span> <span class='ocrx_word' id='word_1_196' title='bbox 1376 2439 1498 2503; x_wconf 84' lang='lat' dir='ltr'><strong>adiisse.</strong></span> 
     </span>
     <span class='ocr_line' id='line_1_23' title="bbox 136 2528 1497 2612; baseline -0.001 -20"><span class='ocrx_word' id='word_1_197' title='bbox 136 2531 183 2592; x_wconf 90' lang='lat' dir='ltr'><strong>Ac</strong></span> <span class='ocrx_word' id='word_1_198' title='bbox 206 2529 271 2609; x_wconf 90' lang='lat' dir='ltr'><strong>ipse</strong></span> <span class='ocrx_word' id='word_1_199' title='bbox 295 2529 406 2591; x_wconf 84' lang='lat' dir='ltr'><strong>Thales</strong></span> <span class='ocrx_word' id='word_1_200' title='bbox 435 2532 513 2609; x_wconf 92' lang='lat' dir='ltr'><strong>apud</strong></span> <span class='ocrx_word' id='word_1_201' title='bbox 538 2542 690 2595; x_wconf 87' lang='lat' dir='ltr'><strong>auctorem</strong></span> <span class='ocrx_word' id='word_1_202' title='bbox 714 2534 797 2596; x_wconf 93' lang='lat' dir='ltr'><strong>illum</strong></span> <span class='ocrx_word' id='word_1_203' title='bbox 820 2534 865 2595; x_wconf 86' lang='lat' dir='ltr'><strong>sic</strong></span> <span class='ocrx_word' id='word_1_204' title='bbox 892 2532 932 2594; x_wconf 92' lang='lat' dir='ltr'><strong>ad</strong></span> <span class='ocrx_word' id='word_1_205' title='bbox 947 2530 1151 2612; x_wconf 85' lang='lat' dir='ltr'><strong>Pherecydem</strong></span> <span class='ocrx_word' id='word_1_206' title='bbox 1166 2530 1203 2590; x_wconf 89' lang='lat' dir='ltr'><strong>de</strong></span> <span class='ocrx_word' id='word_1_207' title='bbox 1219 2549 1273 2591; x_wconf 85' lang='lat' dir='ltr'><strong>se:</strong></span> <span class='ocrx_word' id='word_1_208' title='bbox 1297 2528 1497 2610; x_wconf 84' lang='lat' dir='ltr'><strong>„Aegyptum</strong></span> 
     </span>
     <span class='ocr_line' id='line_1_24' title="bbox 135 2616 1498 2700; baseline 0 -20"><span class='ocrx_word' id='word_1_209' title='bbox 135 2618 368 2700; x_wconf 89' lang='lat' dir='ltr'><strong>penetravimus,</strong></span> <span class='ocrx_word' id='word_1_210' title='bbox 393 2629 427 2681; x_wconf 89' lang='lat' dir='ltr'><strong>ut</strong></span> <span class='ocrx_word' id='word_1_211' title='bbox 449 2621 539 2682; x_wconf 90' lang='lat' dir='ltr'><strong>isthic</strong></span> <span class='ocrx_word' id='word_1_212' title='bbox 554 2623 762 2684; x_wconf 88' lang='lat' dir='ltr'><strong>sacerdotibus</strong></span> <span class='ocrx_word' id='word_1_213' title='bbox 778 2632 810 2685; x_wconf 91' lang='lat' dir='ltr'><strong>et</strong></span> <span class='ocrx_word' id='word_1_214' title='bbox 824 2621 1005 2684; x_wconf 89' lang='lat' dir='ltr'><strong>astronomis</strong></span> <span class='ocrx_word' id='word_1_215' title='bbox 1020 2619 1303 2700; x_wconf 86' lang='lat' dir='ltr'><strong>congrederemur.“</strong></span> <span class='ocrx_word' id='word_1_216' title='bbox 1350 2616 1411 2689; x_wconf 83' lang='lat' dir='ltr'><strong>Qui</strong></span> <span class='ocrx_word' id='word_1_217' title='bbox 1428 2616 1498 2680; x_wconf 85' lang='lat' dir='ltr'><strong>fue-</strong></span> 
     </span>
     <span class='ocr_line' id='line_1_25' title="bbox 135 2706 1498 2794; baseline -0.002 -23"><span class='ocrx_word' id='word_1_218' title='bbox 135 2709 196 2772; x_wconf 88' lang='lat' dir='ltr'><strong>rint</strong></span> <span class='ocrx_word' id='word_1_219' title='bbox 218 2715 318 2769; x_wconf 88' lang='lat' dir='ltr'><strong>autem</strong></span> <span class='ocrx_word' id='word_1_220' title='bbox 338 2708 381 2769; x_wconf 93' lang='lat' dir='ltr'><strong>illi</strong></span> <span class='ocrx_word' id='word_1_221' title='bbox 401 2710 575 2784; x_wconf 89' lang='lat' dir='ltr'><strong>astronomi,</strong></span> <span class='ocrx_word' id='word_1_222' title='bbox 596 2711 737 2774; x_wconf 76' lang='lat' dir='ltr'><strong>Laertius</strong></span> <span class='ocrx_word' id='word_1_223' title='bbox 752 2712 785 2773; x_wconf 87' lang='lat' dir='ltr'><strong>iu</strong></span> <span class='ocrx_word' id='word_1_224' title='bbox 801 2712 975 2794; x_wconf 89' lang='lat' dir='ltr'><strong>Pythagora</strong></span> <span class='ocrx_word' id='word_1_225' title='bbox 991 2709 1094 2783; x_wconf 90' lang='lat' dir='ltr'><strong>innuit,</strong></span> <span class='ocrx_word' id='word_1_226' title='bbox 1120 2728 1206 2788; x_wconf 93' lang='lat' dir='ltr'><strong>quem</strong></span> <span class='ocrx_word' id='word_1_227' title='bbox 1226 2707 1354 2769; x_wconf 83' lang='lat' dir='ltr'><strong>eundem</strong></span> <span class='ocrx_word' id='word_1_228' title='bbox 1370 2706 1498 2789; x_wconf 90' lang='lat' dir='ltr'><strong>Aegyp-</strong></span> 
     </span>
     <span class='ocr_line' id='line_1_26' title="bbox 138 2796 1501 2879; baseline -0.001 -19"><span class='ocrx_word' id='word_1_229' title='bbox 138 2809 201 2861; x_wconf 90' lang='lat' dir='ltr'><strong>tum</strong></span> <span class='ocrx_word' id='word_1_230' title='bbox 225 2798 394 2877; x_wconf 84' lang='lat' dir='ltr'><strong>profectum</strong></span> <span class='ocrx_word' id='word_1_231' title='bbox 419 2807 524 2861; x_wconf 92' lang='lat' dir='ltr'><strong>narrat</strong></span> <span class='ocrx_word' id='word_1_232' title='bbox 546 2801 625 2879; x_wconf 90' lang='lat' dir='ltr'><strong>apud</strong></span> <span class='ocrx_word' id='word_1_233' title='bbox 650 2799 823 2864; x_wconf 85' lang='lat' dir='ltr'><strong>Chaldaeos</strong></span> <span class='ocrx_word' id='word_1_234' title='bbox 848 2807 1068 2862; x_wconf 86' lang='lat' dir='ltr'><strong>conversatum.</strong></span> <span class='ocrx_word' id='word_1_235' title='bbox 1114 2797 1191 2859; x_wconf 87' lang='lat' dir='ltr'><strong>Erat</strong></span> <span class='ocrx_word' id='word_1_236' title='bbox 1214 2814 1321 2872; x_wconf 90' lang='lat' dir='ltr'><strong>nempe</strong></span> <span class='ocrx_word' id='word_1_237' title='bbox 1339 2796 1501 2876; x_wconf 84' lang='lat' dir='ltr'><strong>Aegyptus</strong></span> 
     </span>
     <span class='ocr_line' id='line_1_27' title="bbox 137 2883 1499 2970; baseline -0.003 -19"><span class='ocrx_word' id='word_1_238' title='bbox 137 2887 191 2951; x_wconf 92' lang='lat' dir='ltr'><strong>sub</strong></span> <span class='ocrx_word' id='word_1_239' title='bbox 215 2885 450 2968; x_wconf 90' lang='lat' dir='ltr'><strong>Babyloniorum</strong></span> <span class='ocrx_word' id='word_1_240' title='bbox 469 2888 554 2966; x_wconf 87' lang='lat' dir='ltr'><strong>jugo.</strong></span> <span class='ocrx_word' id='word_1_241' title='bbox 601 2890 635 2951; x_wconf 94' lang='lat' dir='ltr'><strong>In</strong></span> <span class='ocrx_word' id='word_1_242' title='bbox 660 2891 717 2951; x_wconf 86' lang='lat' dir='ltr'><strong>fine</strong></span> <span class='ocrx_word' id='word_1_243' title='bbox 740 2909 811 2953; x_wconf 86' lang='lat' dir='ltr'><strong>vero</strong></span> <span class='ocrx_word' id='word_1_244' title='bbox 836 2890 983 2970; x_wconf 89' lang='lat' dir='ltr'><strong>epistolae</strong></span> <span class='ocrx_word' id='word_1_245' title='bbox 1003 2889 1067 2967; x_wconf 89' lang='lat' dir='ltr'><strong>jam</strong></span> <span class='ocrx_word' id='word_1_246' title='bbox 1093 2887 1245 2966; x_wconf 86' lang='lat' dir='ltr'><strong>allegatae</strong></span> <span class='ocrx_word' id='word_1_247' title='bbox 1262 2885 1375 2947; x_wconf 89' lang='lat' dir='ltr'><strong>Thales</strong></span> <span class='ocrx_word' id='word_1_248' title='bbox 1399 2883 1499 2947; x_wconf 87' lang='lat' dir='ltr'><strong>addit:</strong></span> 
     </span>
     <span class='ocr_line' id='line_1_28' title="bbox 137 2972 1501 3059; baseline -0.001 -23"><span class='ocrx_word' id='word_1_249' title='bbox 137 2982 192 3051; x_wconf 90' lang='lat' dir='ltr'><strong>„at</strong></span> <span class='ocrx_word' id='word_1_250' title='bbox 206 2994 261 3036; x_wconf 86' lang='lat' dir='ltr'><strong>nos</strong></span> <span class='ocrx_word' id='word_1_251' title='bbox 276 2976 324 3056; x_wconf 89' lang='lat' dir='ltr'><strong>qui</strong></span> <span class='ocrx_word' id='word_1_252' title='bbox 341 2975 383 3036; x_wconf 92' lang='lat' dir='ltr'><strong>nil</strong></span> <span class='ocrx_word' id='word_1_253' title='bbox 398 2977 565 3052; x_wconf 90' lang='lat' dir='ltr'><strong>scribimus,</strong></span> <span class='ocrx_word' id='word_1_254' title='bbox 591 2978 753 3041; x_wconf 85' lang='lat' dir='ltr'><strong>Graeciam</strong></span> <span class='ocrx_word' id='word_1_255' title='bbox 772 2981 939 3059; x_wconf 84' lang='lat' dir='ltr'><strong>Asiamque</strong></span> <span class='ocrx_word' id='word_1_256' title='bbox 954 2976 1185 3058; x_wconf 88' lang='lat' dir='ltr'><strong>peragramus.“</strong></span> <span class='ocrx_word' id='word_1_257' title='bbox 1206 2977 1256 3038; x_wconf 88' lang='lat' dir='ltr'><strong>lta</strong></span> <span class='ocrx_word' id='word_1_258' title='bbox 1270 2975 1333 3036; x_wconf 88' lang='lat' dir='ltr'><strong>sive</strong></span> <span class='ocrx_word' id='word_1_259' title='bbox 1354 2974 1382 3035; x_wconf 93' lang='lat' dir='ltr'><strong>iu</strong></span> <span class='ocrx_word' id='word_1_260' title='bbox 1404 2972 1501 3037; x_wconf 86' lang='lat' dir='ltr'><strong>Ghal-</strong></span> 
     </span>
     <span class='ocr_line' id='line_1_29' title="bbox 136 3062 1500 3150; baseline -0.001 -23"><span class='ocrx_word' id='word_1_261' title='bbox 136 3066 244 3127; x_wconf 90' lang='lat' dir='ltr'><strong>daeam</strong></span> <span class='ocrx_word' id='word_1_262' title='bbox 268 3082 322 3142; x_wconf 91' lang='lat' dir='ltr'><strong>per</strong></span> <span class='ocrx_word' id='word_1_263' title='bbox 345 3065 562 3141; x_wconf 90' lang='lat' dir='ltr'><strong>continentem,</strong></span> <span class='ocrx_word' id='word_1_264' title='bbox 588 3068 652 3129; x_wconf 89' lang='lat' dir='ltr'><strong>sive</strong></span> <span class='ocrx_word' id='word_1_265' title='bbox 677 3069 752 3130; x_wconf 87' lang='lat' dir='ltr'><strong>mari</strong></span> <span class='ocrx_word' id='word_1_266' title='bbox 775 3070 806 3131; x_wconf 91' lang='lat' dir='ltr'><strong>iu</strong></span> <span class='ocrx_word' id='word_1_267' title='bbox 830 3070 1004 3150; x_wconf 88' lang='lat' dir='ltr'><strong>Aegyptum</strong></span> <span class='ocrx_word' id='word_1_268' title='bbox 1026 3065 1130 3139; x_wconf 89' lang='lat' dir='ltr'><strong>iverit,</strong></span> <span class='ocrx_word' id='word_1_269' title='bbox 1155 3063 1377 3127; x_wconf 86' lang='lat' dir='ltr'><strong>Chaldaeorum</strong></span> <span class='ocrx_word' id='word_1_270' title='bbox 1401 3062 1500 3125; x_wconf 90' lang='lat' dir='ltr'><strong>utrin-</strong></span> 
     </span>
     <span class='ocr_line' id='line_1_30' title="bbox 137 3152 1502 3236; baseline 0 -22"><span class='ocrx_word' id='word_1_271' title='bbox 137 3173 194 3236; x_wconf 91' lang='lat' dir='ltr'><strong>que</strong></span> <span class='ocrx_word' id='word_1_272' title='bbox 219 3152 336 3232; x_wconf 89' lang='lat' dir='ltr'><strong>copiam</strong></span> <span class='ocrx_word' id='word_1_273' title='bbox 359 3153 464 3215; x_wconf 89' lang='lat' dir='ltr'><strong>habuit</strong></span> <span class='ocrx_word' id='word_1_274' title='bbox 488 3163 519 3216; x_wconf 92' lang='lat' dir='ltr'><strong>et</strong></span> <span class='ocrx_word' id='word_1_275' title='bbox 543 3157 759 3219; x_wconf 89' lang='lat' dir='ltr'><strong>astronomiam</strong></span> <span class='ocrx_word' id='word_1_276' title='bbox 782 3158 852 3220; x_wconf 91' lang='lat' dir='ltr'><strong>inde</strong></span> <span class='ocrx_word' id='word_1_277' title='bbox 876 3158 904 3218; x_wconf 92' lang='lat' dir='ltr'><strong>in</strong></span> <span class='ocrx_word' id='word_1_278' title='bbox 922 3155 1084 3219; x_wconf 89' lang='lat' dir='ltr'><strong>Graeciam</strong></span> <span class='ocrx_word' id='word_1_279' title='bbox 1099 3155 1204 3218; x_wconf 84' lang='lat' dir='ltr'><strong>efferre</strong></span> <span class='ocrx_word' id='word_1_280' title='bbox 1224 3152 1334 3233; x_wconf 89' lang='lat' dir='ltr'><strong>potuit.</strong></span> <span class='ocrx_word' id='word_1_281' title='bbox 1381 3152 1502 3215; x_wconf 87' lang='lat' dir='ltr'><strong>Etenim</strong></span> 
     </span>
     <span class='ocr_line' id='line_1_31' title="bbox 138 3240 1501 3329; baseline -0.001 -25"><span class='ocrx_word' id='word_1_282' title='bbox 138 3243 255 3304; x_wconf 91' lang='lat' dir='ltr'><strong>consuli</strong></span> <span class='ocrx_word' id='word_1_283' title='bbox 279 3242 386 3329; x_wconf 87' lang='lat' dir='ltr'><strong>solitos</strong></span> <span class='ocrx_word' id='word_1_284' title='bbox 410 3264 429 3304; x_wconf 91' lang='lat' dir='ltr'><strong>a</strong></span> <span class='ocrx_word' id='word_1_285' title='bbox 453 3241 582 3305; x_wconf 89' lang='lat' dir='ltr'><strong>Graecis</strong></span> <span class='ocrx_word' id='word_1_286' title='bbox 604 3246 789 3327; x_wconf 88' lang='lat' dir='ltr'><strong>Babylonios</strong></span> <span class='ocrx_word' id='word_1_287' title='bbox 813 3248 850 3309; x_wconf 92' lang='lat' dir='ltr'><strong>de</strong></span> <span class='ocrx_word' id='word_1_288' title='bbox 875 3254 954 3308; x_wconf 90' lang='lat' dir='ltr'><strong>motu</strong></span> <span class='ocrx_word' id='word_1_289' title='bbox 980 3246 1098 3318; x_wconf 90' lang='lat' dir='ltr'><strong>Lunae,</strong></span> <span class='ocrx_word' id='word_1_290' title='bbox 1124 3243 1195 3306; x_wconf 91' lang='lat' dir='ltr'><strong>illud</strong></span> <span class='ocrx_word' id='word_1_291' title='bbox 1219 3242 1397 3322; x_wconf 87' lang='lat' dir='ltr'><strong>persuadet,</strong></span> <span class='ocrx_word' id='word_1_292' title='bbox 1423 3240 1501 3323; x_wconf 92' lang='lat' dir='ltr'><strong>quod</strong></span> 
     </span>
     <span class='ocr_line' id='line_1_32' title="bbox 138 3329 1501 3410; baseline -0.001 -16"><span class='ocrx_word' id='word_1_293' title='bbox 138 3351 241 3394; x_wconf 89' lang='lat' dir='ltr'><strong>omnes</strong></span> <span class='ocrx_word' id='word_1_294' title='bbox 263 3348 340 3410; x_wconf 87' lang='lat' dir='ltr'><strong>pene</strong></span> <span class='ocrx_word' id='word_1_295' title='bbox 365 3329 503 3394; x_wconf 87' lang='lat' dir='ltr'><strong>Graecae</strong></span> <span class='ocrx_word' id='word_1_296' title='bbox 528 3334 667 3396; x_wconf 90' lang='lat' dir='ltr'><strong>nationes</strong></span> <span class='ocrx_word' id='word_1_297' title='bbox 691 3355 768 3396; x_wconf 86' lang='lat' dir='ltr'><strong>anuo</strong></span> <span class='ocrx_word' id='word_1_298' title='bbox 788 3336 902 3397; x_wconf 87' lang='lat' dir='ltr'><strong>Lunari</strong></span> <span class='ocrx_word' id='word_1_299' title='bbox 926 3341 1092 3396; x_wconf 90' lang='lat' dir='ltr'><strong>uterentur.</strong></span> <span class='ocrx_word' id='word_1_300' title='bbox 1139 3333 1205 3394; x_wconf 85' lang='lat' dir='ltr'><strong>Huc</strong></span> <span class='ocrx_word' id='word_1_301' title='bbox 1220 3334 1299 3395; x_wconf 89' lang='lat' dir='ltr'><strong>refer</strong></span> <span class='ocrx_word' id='word_1_302' title='bbox 1313 3331 1407 3392; x_wconf 90' lang='lat' dir='ltr'><strong>verba</strong></span> <span class='ocrx_word' id='word_1_303' title='bbox 1425 3329 1501 3392; x_wconf 92' lang='lat' dir='ltr'><strong>Ari-</strong></span> 
     </span>
     <span class='ocr_line' id='line_1_33' title="bbox 138 3419 1501 3504; baseline -0.001 -22"><span class='ocrx_word' id='word_1_304' title='bbox 138 3420 259 3482; x_wconf 87' lang='lat' dir='ltr'><strong>stotelis</strong></span> <span class='ocrx_word' id='word_1_305' title='bbox 283 3419 352 3491; x_wconf 89' lang='lat' dir='ltr'><strong>(lib.</strong></span> <span class='ocrx_word' id='word_1_306' title='bbox 377 3421 418 3482; x_wconf 91' lang='lat' dir='ltr'><strong>ll.</strong></span> <span class='ocrx_word' id='word_1_307' title='bbox 444 3422 482 3483; x_wconf 92' lang='lat' dir='ltr'><strong>de</strong></span> <span class='ocrx_word' id='word_1_308' title='bbox 506 3420 600 3484; x_wconf 86' lang='lat' dir='ltr'><strong>Coelo</strong></span> <span class='ocrx_word' id='word_1_309' title='bbox 624 3443 689 3504; x_wconf 89' lang='lat' dir='ltr'><strong>cap.</strong></span> <span class='ocrx_word' id='word_1_310' title='bbox 720 3421 801 3497; x_wconf 82' lang='grc'>12.);</span> <span class='ocrx_word' id='word_1_311' title='bbox 832 3423 922 3486; x_wconf 88' lang='lat' dir='ltr'><strong>simili</strong></span> <span class='ocrx_word' id='word_1_312' title='bbox 946 3423 1063 3485; x_wconf 89' lang='lat' dir='ltr'><strong>ratione</strong></span> <span class='ocrx_word' id='word_1_313' title='bbox 1088 3422 1125 3484; x_wconf 90' lang='lat' dir='ltr'><strong>de</strong></span> <span class='ocrx_word' id='word_1_314' title='bbox 1149 3421 1259 3483; x_wconf 90' lang='lat' dir='ltr'><strong>ceteris</strong></span> <span class='ocrx_word' id='word_1_315' title='bbox 1288 3420 1379 3482; x_wconf 89' lang='lat' dir='ltr'><strong>etiam</strong></span> <span class='ocrx_word' id='word_1_316' title='bbox 1403 3419 1501 3482; x_wconf 90' lang='lat' dir='ltr'><strong>stellis</strong></span> 
     </span>
     <span class='ocr_line' id='line_1_34' title="bbox 139 3506 1501 3594; baseline -0.003 -21"><span class='ocrx_word' id='word_1_317' title='bbox 139 3512 307 3590; x_wconf 92' lang='lat' dir='ltr'><strong>loquuntur,</strong></span> <span class='ocrx_word' id='word_1_318' title='bbox 332 3510 381 3589; x_wconf 95' lang='lat' dir='ltr'><strong>qui</strong></span> <span class='ocrx_word' id='word_1_319' title='bbox 406 3530 508 3573; x_wconf 92' lang='lat' dir='ltr'><strong>earum</strong></span> <span class='ocrx_word' id='word_1_320' title='bbox 532 3513 680 3575; x_wconf 89' lang='lat' dir='ltr'><strong>rationem</strong></span> <span class='ocrx_word' id='word_1_321' title='bbox 700 3514 850 3594; x_wconf 90' lang='lat' dir='ltr'><strong>quondam</strong></span> <span class='ocrx_word' id='word_1_322' title='bbox 864 3512 998 3593; x_wconf 89' lang='lat' dir='ltr'><strong>plurimis</strong></span> <span class='ocrx_word' id='word_1_323' title='bbox 1015 3509 1101 3572; x_wconf 88' lang='lat' dir='ltr'><strong>anuis</strong></span> <span class='ocrx_word' id='word_1_324' title='bbox 1117 3511 1325 3583; x_wconf 91' lang='lat' dir='ltr'><strong>observarunt,</strong></span> <span class='ocrx_word' id='word_1_325' title='bbox 1352 3506 1501 3589; x_wconf 82' lang='lat' dir='ltr'><strong>Aegyptii</strong></span> 
     </span>
     <span class='ocr_line' id='line_1_35' title="bbox 141 3596 1446 3682; baseline -0.002 -22"><span class='ocrx_word' id='word_1_326' title='bbox 141 3607 173 3660; x_wconf 89' lang='lat' dir='ltr'><strong>et</strong></span> <span class='ocrx_word' id='word_1_327' title='bbox 195 3597 367 3680; x_wconf 89' lang='lat' dir='ltr'><strong>Babylonii,</strong></span> <span class='ocrx_word' id='word_1_328' title='bbox 391 3601 540 3680; x_wconf 88' lang='lat' dir='ltr'><strong>aquibus</strong></span> <span class='ocrx_word' id='word_1_329' title='bbox 564 3603 660 3663; x_wconf 91' lang='lat' dir='ltr'><strong>multa</strong></span> <span class='ocrx_word' id='word_1_330' title='bbox 684 3602 741 3663; x_wconf 85' lang='lat' dir='ltr'><strong>lide</strong></span> <span class='ocrx_word' id='word_1_331' title='bbox 767 3602 858 3682; x_wconf 89' lang='lat' dir='ltr'><strong>digna</strong></span> <span class='ocrx_word' id='word_1_332' title='bbox 881 3602 918 3663; x_wconf 93' lang='lat' dir='ltr'><strong>de</strong></span> <span class='ocrx_word' id='word_1_333' title='bbox 942 3599 1068 3681; x_wconf 89' lang='lat' dir='ltr'><strong>siugulis</strong></span> <span class='ocrx_word' id='word_1_334' title='bbox 1093 3599 1241 3661; x_wconf 87' lang='lat' dir='ltr'><strong>sideribus</strong></span> <span class='ocrx_word' id='word_1_335' title='bbox 1265 3596 1446 3676; x_wconf 89' lang='lat' dir='ltr'><strong>accepimus.</strong></span> 
     </span>
    </p>

    <p class='ocr_par' dir='ltr' id='par_1_5' title="bbox 125 3684 1505 4840">
     <span class='ocr_line' id='line_1_36' title="bbox 228 3684 1501 3769; baseline 0 -22"><span class='ocrx_word' id='word_1_336' title='bbox 228 3685 314 3757; x_wconf 84' lang='lat' dir='ltr'><strong>Quas</strong></span> <span class='ocrx_word' id='word_1_337' title='bbox 347 3707 430 3750; x_wconf 90' lang='lat' dir='ltr'><strong>meas</strong></span> <span class='ocrx_word' id='word_1_338' title='bbox 454 3690 644 3769; x_wconf 90' lang='lat' dir='ltr'><strong>conjecturas</strong></span> <span class='ocrx_word' id='word_1_339' title='bbox 675 3691 723 3751; x_wconf 90' lang='lat' dir='ltr'><strong>bic</strong></span> <span class='ocrx_word' id='word_1_340' title='bbox 746 3710 812 3752; x_wconf 89' lang='lat' dir='ltr'><strong>cum</strong></span> <span class='ocrx_word' id='word_1_341' title='bbox 836 3691 906 3753; x_wconf 89' lang='lat' dir='ltr'><strong>Ursi</strong></span> <span class='ocrx_word' id='word_1_342' title='bbox 930 3688 1112 3769; x_wconf 88' lang='lat' dir='ltr'><strong>conjecturis</strong></span> <span class='ocrx_word' id='word_1_343' title='bbox 1135 3688 1270 3750; x_wconf 83' lang='lat' dir='ltr'><strong>conferre</strong></span> <span class='ocrx_word' id='word_1_344' title='bbox 1295 3685 1396 3760; x_wconf 91' lang='lat' dir='ltr'><strong>libuit,</strong></span> <span class='ocrx_word' id='word_1_345' title='bbox 1430 3684 1501 3765; x_wconf 88' lang='lat' dir='ltr'><strong>quia</strong></span> 
     </span>
     <span class='ocr_line' id='line_1_37' title="bbox 139 3773 1500 3861; baseline -0.002 -23"><span class='ocrx_word' id='word_1_346' title='bbox 139 3778 165 3838; x_wconf 88' lang='lat' dir='ltr'><strong>is</strong></span> <span class='ocrx_word' id='word_1_347' title='bbox 189 3795 247 3838; x_wconf 91' lang='lat' dir='ltr'><strong>nou</strong></span> <span class='ocrx_word' id='word_1_348' title='bbox 272 3795 351 3850; x_wconf 91' lang='lat' dir='ltr'><strong>sum,</strong></span> <span class='ocrx_word' id='word_1_349' title='bbox 381 3777 430 3857; x_wconf 89' lang='lat' dir='ltr'><strong>qni</strong></span> <span class='ocrx_word' id='word_1_350' title='bbox 454 3777 530 3840; x_wconf 90' lang='lat' dir='ltr'><strong>bene</strong></span> <span class='ocrx_word' id='word_1_351' title='bbox 554 3779 636 3841; x_wconf 90' lang='lat' dir='ltr'><strong>dicta</strong></span> <span class='ocrx_word' id='word_1_352' title='bbox 659 3797 782 3861; x_wconf 89' lang='lat' dir='ltr'><strong>carpere</strong></span> <span class='ocrx_word' id='word_1_353' title='bbox 805 3780 905 3840; x_wconf 88' lang='lat' dir='ltr'><strong>velim.</strong></span> <span class='ocrx_word' id='word_1_354' title='bbox 953 3777 1014 3841; x_wconf 91' lang='lat' dir='ltr'><strong>Sed</strong></span> <span class='ocrx_word' id='word_1_355' title='bbox 1040 3778 1103 3857; x_wconf 89' lang='lat' dir='ltr'><strong>jam</strong></span> <span class='ocrx_word' id='word_1_356' title='bbox 1127 3776 1232 3838; x_wconf 90' lang='lat' dir='ltr'><strong>statim</strong></span> <span class='ocrx_word' id='word_1_357' title='bbox 1262 3781 1371 3856; x_wconf 85' lang='lat' dir='ltr'><strong>peccat</strong></span> <span class='ocrx_word' id='word_1_358' title='bbox 1393 3773 1500 3846; x_wconf 89' lang='lat' dir='ltr'><strong>Ursus,</strong></span> 
     </span>
     <span class='ocr_line' id='line_1_38' title="bbox 139 3862 1502 3950; baseline -0.003 -21"><span class='ocrx_word' id='word_1_359' title='bbox 139 3865 334 3950; x_wconf 87' lang='lat' dir='ltr'><strong>hypotheses,</strong></span> <span class='ocrx_word' id='word_1_360' title='bbox 360 3884 434 3946; x_wconf 89' lang='lat' dir='ltr'><strong>quas</strong></span> <span class='ocrx_word' id='word_1_361' title='bbox 457 3868 648 3948; x_wconf 92' lang='lat' dir='ltr'><strong>physicorum</strong></span> <span class='ocrx_word' id='word_1_362' title='bbox 672 3888 740 3930; x_wconf 91' lang='lat' dir='ltr'><strong>esse</strong></span> <span class='ocrx_word' id='word_1_363' title='bbox 765 3868 818 3942; x_wconf 90' lang='lat' dir='ltr'><strong>ait,</strong></span> <span class='ocrx_word' id='word_1_364' title='bbox 841 3869 931 3950; x_wconf 90' lang='lat' dir='ltr'><strong>paulo</strong></span> <span class='ocrx_word' id='word_1_365' title='bbox 945 3875 1017 3947; x_wconf 91' lang='lat' dir='ltr'><strong>post</strong></span> <span class='ocrx_word' id='word_1_366' title='bbox 1039 3875 1176 3945; x_wconf 90' lang='lat' dir='ltr'><strong>tempora</strong></span> <span class='ocrx_word' id='word_1_367' title='bbox 1189 3864 1368 3926; x_wconf 86' lang='lat' dir='ltr'><strong>Aristotelis</strong></span> <span class='ocrx_word' id='word_1_368' title='bbox 1386 3862 1502 3925; x_wconf 88' lang='lat' dir='ltr'><strong>demum</strong></span> 
     </span>
     <span class='ocr_line' id='line_1_39' title="bbox 143 3952 1501 4036; baseline -0.003 -19"><span class='ocrx_word' id='word_1_369' title='bbox 143 3955 328 4017; x_wconf 83' lang='lat' dir='ltr'><strong>constitutas</strong></span> <span class='ocrx_word' id='word_1_370' title='bbox 353 3955 545 4031; x_wconf 85' lang='lat' dir='ltr'><strong>existimaus,</strong></span> <span class='ocrx_word' id='word_1_371' title='bbox 570 3976 625 4018; x_wconf 88' lang='lat' dir='ltr'><strong>nec</strong></span> <span class='ocrx_word' id='word_1_372' title='bbox 649 3959 711 4019; x_wconf 88' lang='lat' dir='ltr'><strong>ulla</strong></span> <span class='ocrx_word' id='word_1_373' title='bbox 734 3959 851 4020; x_wconf 87' lang='lat' dir='ltr'><strong>ratione</strong></span> <span class='ocrx_word' id='word_1_374' title='bbox 876 3958 945 4020; x_wconf 91' lang='lat' dir='ltr'><strong>sciri</strong></span> <span class='ocrx_word' id='word_1_375' title='bbox 969 3975 1069 4036; x_wconf 89' lang='lat' dir='ltr'><strong>posse,</strong></span> <span class='ocrx_word' id='word_1_376' title='bbox 1095 3956 1268 4035; x_wconf 90' lang='lat' dir='ltr'><strong>qualesnam</strong></span> <span class='ocrx_word' id='word_1_377' title='bbox 1288 3952 1400 4016; x_wconf 91' lang='lat' dir='ltr'><strong>fuerint</strong></span> <span class='ocrx_word' id='word_1_378' title='bbox 1422 3959 1501 4014; x_wconf 90' lang='lat' dir='ltr'><strong>tem-</strong></span> 
     </span>
     <span class='ocr_line' id='line_1_40' title="bbox 141 4042 1501 4128; baseline -0.002 -23"><span class='ocrx_word' id='word_1_379' title='bbox 141 4044 264 4125; x_wconf 91' lang='lat' dir='ltr'><strong>poribus</strong></span> <span class='ocrx_word' id='word_1_380' title='bbox 288 4044 426 4106; x_wconf 89' lang='lat' dir='ltr'><strong>Thaletis</strong></span> <span class='ocrx_word' id='word_1_381' title='bbox 459 4053 491 4107; x_wconf 94' lang='lat' dir='ltr'><strong>et</strong></span> <span class='ocrx_word' id='word_1_382' title='bbox 518 4047 712 4128; x_wconf 86' lang='lat' dir='ltr'><strong>Pythagorae</strong></span> <span class='ocrx_word' id='word_1_383' title='bbox 745 4056 983 4110; x_wconf 89' lang='lat' dir='ltr'><strong>astronomorum</strong></span> <span class='ocrx_word' id='word_1_384' title='bbox 1013 4044 1207 4126; x_wconf 88' lang='lat' dir='ltr'><strong>hypotheses.</strong></span> <span class='ocrx_word' id='word_1_385' title='bbox 1255 4042 1323 4114; x_wconf 85' lang='lat' dir='ltr'><strong>Quo</strong></span> <span class='ocrx_word' id='word_1_386' title='bbox 1347 4043 1413 4104; x_wconf 90' lang='lat' dir='ltr'><strong>loco</strong></span> <span class='ocrx_word' id='word_1_387' title='bbox 1443 4058 1501 4104; x_wconf 90' lang='lat' dir='ltr'><strong>uon</strong></span> 
     </span>
     <span class='ocr_line' id='line_1_41' title="bbox 142 4130 1502 4216; baseline -0.003 -20"><span class='ocrx_word' id='word_1_388' title='bbox 142 4135 261 4196; x_wconf 89' lang='lat' dir='ltr'><strong>videtur</strong></span> <span class='ocrx_word' id='word_1_389' title='bbox 288 4133 416 4195; x_wconf 90' lang='lat' dir='ltr'><strong>Plinium</strong></span> <span class='ocrx_word' id='word_1_390' title='bbox 445 4135 556 4214; x_wconf 86' lang='lat' dir='ltr'><strong>legisse</strong></span> <span class='ocrx_word' id='word_1_391' title='bbox 586 4136 636 4199; x_wconf 94' lang='lat' dir='ltr'><strong>lib.</strong></span> <span class='ocrx_word' id='word_1_392' title='bbox 663 4138 702 4198; x_wconf 91' lang='lat' dir='ltr'><strong>Il.</strong></span> <span class='ocrx_word' id='word_1_393' title='bbox 735 4156 801 4216; x_wconf 90' lang='lat' dir='ltr'><strong>cap.</strong></span> <span class='ocrx_word' id='word_1_394' title='bbox 826 4135 879 4200; x_wconf 79' lang='lat'><strong>22.</strong></span> <span class='ocrx_word' id='word_1_395' title='bbox 925 4135 1046 4198; x_wconf 87' lang='lat' dir='ltr'><strong>Etenim</strong></span> <span class='ocrx_word' id='word_1_396' title='bbox 1074 4134 1144 4196; x_wconf 90' lang='lat' dir='ltr'><strong>illae</strong></span> <span class='ocrx_word' id='word_1_397' title='bbox 1172 4133 1334 4195; x_wconf 86' lang='lat' dir='ltr'><strong>hodiernae</strong></span> <span class='ocrx_word' id='word_1_398' title='bbox 1357 4130 1502 4212; x_wconf 89' lang='lat' dir='ltr'><strong>physico·</strong></span> 
     </span>
     <span class='ocr_line' id='line_1_42' title="bbox 143 4220 1502 4306; baseline -0.002 -21"><span class='ocrx_word' id='word_1_399' title='bbox 143 4242 217 4297; x_wconf 88' lang='lat' dir='ltr'><strong>rum,</strong></span> <span class='ocrx_word' id='word_1_400' title='bbox 242 4229 275 4283; x_wconf 92' lang='lat' dir='ltr'><strong>ut</strong></span> <span class='ocrx_word' id='word_1_401' title='bbox 297 4229 389 4283; x_wconf 90' lang='lat' dir='ltr'><strong>vocat</strong></span> <span class='ocrx_word' id='word_1_402' title='bbox 407 4223 513 4300; x_wconf 79' lang='lat' dir='ltr'><strong>Ursus,</strong></span> <span class='ocrx_word' id='word_1_403' title='bbox 539 4225 735 4306; x_wconf 87' lang='lat' dir='ltr'><strong>hypotheses,</strong></span> <span class='ocrx_word' id='word_1_404' title='bbox 761 4245 815 4287; x_wconf 93' lang='lat' dir='ltr'><strong>seu</strong></span> <span class='ocrx_word' id='word_1_405' title='bbox 838 4227 892 4289; x_wconf 90' lang='lat' dir='ltr'><strong>illa</strong></span> <span class='ocrx_word' id='word_1_406' title='bbox 915 4225 1113 4305; x_wconf 89' lang='lat' dir='ltr'><strong>sphaerarum</strong></span> <span class='ocrx_word' id='word_1_407' title='bbox 1137 4223 1297 4292; x_wconf 91' lang='lat' dir='ltr'><strong>ordinatio,</strong></span> <span class='ocrx_word' id='word_1_408' title='bbox 1323 4240 1411 4301; x_wconf 92' lang='lat' dir='ltr'><strong>quam</strong></span> <span class='ocrx_word' id='word_1_409' title='bbox 1425 4220 1502 4282; x_wconf 87' lang='lat' dir='ltr'><strong>Pto-</strong></span> 
     </span>
     <span class='ocr_line' id='line_1_43' title="bbox 142 4307 1503 4395; baseline -0.004 -21"><span class='ocrx_word' id='word_1_410' title='bbox 142 4313 276 4374; x_wconf 92' lang='lat' dir='ltr'><strong>lemaeus</strong></span> <span class='ocrx_word' id='word_1_411' title='bbox 304 4318 353 4372; x_wconf 90' lang='lat' dir='ltr'><strong>est</strong></span> <span class='ocrx_word' id='word_1_412' title='bbox 375 4312 546 4392; x_wconf 85' lang='lat' dir='ltr'><strong>amplexus,</strong></span> <span class='ocrx_word' id='word_1_413' title='bbox 571 4315 763 4395; x_wconf 89' lang='lat' dir='ltr'><strong>Pythagorae</strong></span> <span class='ocrx_word' id='word_1_414' title='bbox 791 4315 908 4378; x_wconf 89' lang='lat' dir='ltr'><strong>usitata</strong></span> <span class='ocrx_word' id='word_1_415' title='bbox 938 4314 1004 4376; x_wconf 85' lang='lat' dir='ltr'><strong>fuit.</strong></span> <span class='ocrx_word' id='word_1_416' title='bbox 1051 4312 1133 4374; x_wconf 91' lang='lat' dir='ltr'><strong>Audi</strong></span> <span class='ocrx_word' id='word_1_417' title='bbox 1161 4312 1257 4374; x_wconf 90' lang='lat' dir='ltr'><strong>lector</strong></span> <span class='ocrx_word' id='word_1_418' title='bbox 1281 4312 1373 4372; x_wconf 89' lang='lat' dir='ltr'><strong>verba</strong></span> <span class='ocrx_word' id='word_1_419' title='bbox 1396 4307 1503 4371; x_wconf 87' lang='lat' dir='ltr'><strong>Plinii:</strong></span> 
     </span>
     <span class='ocr_line' id='line_1_44' title="bbox 143 4399 1503 4482; baseline -0.004 -19"><span class='ocrx_word' id='word_1_420' title='bbox 143 4399 206 4463; x_wconf 88' lang='lat' dir='ltr'><strong>Sed</strong></span> <span class='ocrx_word' id='word_1_421' title='bbox 228 4399 430 4481; x_wconf 89' lang='lat' dir='ltr'><strong>Pythagoras,</strong></span> <span class='ocrx_word' id='word_1_422' title='bbox 454 4401 559 4482; x_wconf 91' lang='lat' dir='ltr'><strong>inquit,</strong></span> <span class='ocrx_word' id='word_1_423' title='bbox 585 4402 734 4466; x_wconf 89' lang='lat' dir='ltr'><strong>interdum</strong></span> <span class='ocrx_word' id='word_1_424' title='bbox 757 4423 795 4465; x_wconf 87' lang='lat' dir='ltr'><strong>ex</strong></span> <span class='ocrx_word' id='word_1_425' title='bbox 820 4404 933 4466; x_wconf 88' lang='lat' dir='ltr'><strong>musica</strong></span> <span class='ocrx_word' id='word_1_426' title='bbox 956 4401 1073 4464; x_wconf 89' lang='lat' dir='ltr'><strong>ratione</strong></span> <span class='ocrx_word' id='word_1_427' title='bbox 1098 4400 1232 4481; x_wconf 90' lang='lat' dir='ltr'><strong>appellat</strong></span> <span class='ocrx_word' id='word_1_428' title='bbox 1254 4410 1371 4473; x_wconf 90' lang='lat' dir='ltr'><strong>tonum,</strong></span> <span class='ocrx_word' id='word_1_429' title='bbox 1405 4415 1503 4477; x_wconf 90' lang='lat' dir='ltr'><strong>quan-</strong></span> 
     </span>
     <span class='ocr_line' id='line_1_45' title="bbox 125 4487 1505 4571; baseline -0.004 -20"><span class='ocrx_word' id='word_1_430' title='bbox 125 4495 208 4551; x_wconf 83' lang='lat' dir='ltr'><strong>&#39;tum</strong></span> <span class='ocrx_word' id='word_1_431' title='bbox 230 4489 312 4551; x_wconf 90' lang='lat' dir='ltr'><strong>absit</strong></span> <span class='ocrx_word' id='word_1_432' title='bbox 335 4511 354 4551; x_wconf 90' lang='lat' dir='ltr'><strong>a</strong></span> <span class='ocrx_word' id='word_1_433' title='bbox 377 4489 471 4553; x_wconf 86' lang='lat' dir='ltr'><strong>Terra</strong></span> <span class='ocrx_word' id='word_1_434' title='bbox 494 4491 590 4552; x_wconf 89' lang='lat' dir='ltr'><strong>Luna.</strong></span> <span class='ocrx_word' id='word_1_435' title='bbox 637 4492 687 4555; x_wconf 88' lang='lat' dir='ltr'><strong>Ab</strong></span> <span class='ocrx_word' id='word_1_436' title='bbox 712 4513 748 4555; x_wconf 86' lang='lat' dir='ltr'><strong>ea</strong></span> <span class='ocrx_word' id='word_1_437' title='bbox 776 4495 815 4555; x_wconf 89' lang='lat' dir='ltr'><strong>ad</strong></span> <span class='ocrx_word' id='word_1_438' title='bbox 839 4492 1034 4566; x_wconf 88' lang='lat' dir='ltr'><strong>Mercurium,</strong></span> <span class='ocrx_word' id='word_1_439' title='bbox 1068 4491 1159 4571; x_wconf 90' lang='lat' dir='ltr'><strong>spatii</strong></span> <span class='ocrx_word' id='word_1_440' title='bbox 1184 4489 1249 4569; x_wconf 88' lang='lat' dir='ltr'><strong>ejus</strong></span> <span class='ocrx_word' id='word_1_441' title='bbox 1273 4487 1441 4559; x_wconf 90' lang='lat' dir='ltr'><strong>dimidium,</strong></span> <span class='ocrx_word' id='word_1_442' title='bbox 1472 4491 1505 4547; x_wconf 87' lang='lat' dir='ltr'><strong>et</strong></span> 
     </span>
     <span class='ocr_line' id='line_1_46' title="bbox 144 4570 1504 4661; baseline -0.003 -21"><span class='ocrx_word' id='word_1_443' title='bbox 144 4578 183 4640; x_wconf 92' lang='lat' dir='ltr'><strong>ab</strong></span> <span class='ocrx_word' id='word_1_444' title='bbox 207 4595 242 4639; x_wconf 90' lang='lat' dir='ltr'><strong>eo</strong></span> <span class='ocrx_word' id='word_1_445' title='bbox 266 4579 305 4639; x_wconf 90' lang='lat' dir='ltr'><strong>ad</strong></span> <span class='ocrx_word' id='word_1_446' title='bbox 329 4578 482 4642; x_wconf 84' lang='lat' dir='ltr'><strong>Venerem</strong></span> <span class='ocrx_word' id='word_1_447' title='bbox 505 4580 567 4642; x_wconf 87' lang='lat' dir='ltr'><strong>fere</strong></span> <span class='ocrx_word' id='word_1_448' title='bbox 592 4583 787 4655; x_wconf 91' lang='lat' dir='ltr'><strong>tantundem,</strong></span> <span class='ocrx_word' id='word_1_449' title='bbox 811 4602 830 4643; x_wconf 91' lang='lat' dir='ltr'><strong>a</strong></span> <span class='ocrx_word' id='word_1_450' title='bbox 853 4601 911 4661; x_wconf 90' lang='lat' dir='ltr'><strong>qua</strong></span> <span class='ocrx_word' id='word_1_451' title='bbox 935 4582 973 4643; x_wconf 91' lang='lat' dir='ltr'><strong>ad</strong></span> <span class='ocrx_word' id='word_1_452' title='bbox 990 4580 1092 4644; x_wconf 90' lang='lat' dir='ltr'><strong>Solem</strong></span> <span class='ocrx_word' id='word_1_453' title='bbox 1117 4577 1310 4659; x_wconf 86' lang='lat' dir='ltr'><strong>sesquiplum,</strong></span> <span class='ocrx_word' id='word_1_454' title='bbox 1335 4597 1354 4638; x_wconf 90' lang='lat' dir='ltr'><strong>a</strong></span> <span class='ocrx_word' id='word_1_455' title='bbox 1373 4570 1445 4638; x_wconf 88' lang='lat' dir='ltr'><strong>Sole</strong></span> <span class='ocrx_word' id='word_1_456' title='bbox 1464 4573 1504 4637; x_wconf 91' lang='lat' dir='ltr'><strong>ad</strong></span> 
     </span>
     <span class='ocr_line' id='line_1_47' title="bbox 143 4663 1503 4743; baseline -0.004 -13"><span class='ocrx_word' id='word_1_457' title='bbox 143 4669 276 4730; x_wconf 89' lang='lat' dir='ltr'><strong>Martem</strong></span> <span class='ocrx_word' id='word_1_458' title='bbox 294 4673 406 4743; x_wconf 87' lang='lat' dir='ltr'><strong>tonum,</strong></span> <span class='ocrx_word' id='word_1_459' title='bbox 432 4668 471 4730; x_wconf 94' lang='lat' dir='ltr'><strong>ab</strong></span> <span class='ocrx_word' id='word_1_460' title='bbox 495 4688 530 4731; x_wconf 91' lang='lat' dir='ltr'><strong>eo</strong></span> <span class='ocrx_word' id='word_1_461' title='bbox 554 4671 593 4731; x_wconf 88' lang='lat' dir='ltr'><strong>ad</strong></span> <span class='ocrx_word' id='word_1_462' title='bbox 607 4670 714 4733; x_wconf 87' lang='lat' dir='ltr'><strong>Jovem</strong></span> <span class='ocrx_word' id='word_1_463' title='bbox 738 4671 890 4733; x_wconf 87' lang='lat' dir='ltr'><strong>dimidium</strong></span> <span class='ocrx_word' id='word_1_464' title='bbox 914 4679 946 4734; x_wconf 90' lang='lat' dir='ltr'><strong>et</strong></span> <span class='ocrx_word' id='word_1_465' title='bbox 970 4672 1008 4732; x_wconf 89' lang='lat' dir='ltr'><strong>ab</strong></span> <span class='ocrx_word' id='word_1_466' title='bbox 1032 4689 1068 4731; x_wconf 93' lang='lat' dir='ltr'><strong>eo</strong></span> <span class='ocrx_word' id='word_1_467' title='bbox 1092 4669 1132 4731; x_wconf 94' lang='lat' dir='ltr'><strong>ad</strong></span> <span class='ocrx_word' id='word_1_468' title='bbox 1152 4667 1314 4731; x_wconf 87' lang='lat' dir='ltr'><strong>Saturnum</strong></span> <span class='ocrx_word' id='word_1_469' title='bbox 1339 4663 1503 4737; x_wconf 91' lang='lat' dir='ltr'><strong>dimidium,</strong></span> 
     </span>
     <span class='ocr_line' id='line_1_48' title="bbox 145 4755 746 4840; baseline 0.003 -19"><span class='ocrx_word' id='word_1_470' title='bbox 145 4755 267 4822; x_wconf 86' lang='lat' dir='ltr'><strong>atinde</strong></span> <span class='ocrx_word' id='word_1_471' title='bbox 291 4756 476 4838; x_wconf 90' lang='lat' dir='ltr'><strong>sesquiplum</strong></span> <span class='ocrx_word' id='word_1_472' title='bbox 499 4759 538 4820; x_wconf 89' lang='lat' dir='ltr'><strong>ad</strong></span> <span class='ocrx_word' id='word_1_473' title='bbox 562 4759 746 4840; x_wconf 88' lang='lat' dir='ltr'><strong>signifemm.</strong></span> 
     </span>
    </p>

    <p class='ocr_par' dir='ltr' id='par_1_6' title="bbox 233 4839 1504 4938">
     <span class='ocr_line' id='line_1_49' title="bbox 233 4839 1504 4938; baseline -0.009 -24"><span class='ocrx_word' id='word_1_474' title='bbox 233 4844 332 4914; x_wconf 79' lang='lat' dir='ltr'><strong>Audis</strong></span> <span class='ocrx_word' id='word_1_475' title='bbox 354 4844 488 4913; x_wconf 87' lang='lat' dir='ltr'><strong>ordinem</strong></span> <span class='ocrx_word' id='word_1_476' title='bbox 512 4848 705 4938; x_wconf 85' lang='lat' dir='ltr'><strong>sphaerarum</strong></span> <span class='ocrx_word' id='word_1_477' title='bbox 729 4851 830 4913; x_wconf 39' lang='lat' dir='ltr'><strong>lector.</strong></span> <span class='ocrx_word' id='word_1_478' title='bbox 846 4865 884 4911; x_wconf 86' lang='lat' dir='ltr'><strong>ex</strong></span> <span class='ocrx_word' id='word_1_479' title='bbox 907 4846 1018 4915; x_wconf 83' lang='lat' dir='ltr'><strong>Plinio.</strong></span> <span class='ocrx_word' id='word_1_480' title='bbox 1059 4845 1125 4911; x_wconf 91' lang='lat' dir='ltr'><strong>Aut</strong></span> <span class='ocrx_word' id='word_1_481' title='bbox 1150 4844 1244 4928; x_wconf 89' lang='lat' dir='ltr'><strong>igitur</strong></span> <span class='ocrx_word' id='word_1_482' title='bbox 1265 4840 1382 4906; x_wconf 88' lang='lat' dir='ltr'><strong>Plinius</strong></span> <span class='ocrx_word' id='word_1_483' title='bbox 1405 4839 1504 4904; x_wconf 85' lang='lat' dir='ltr'><strong>malae</strong></span> 
     </span>
    </p>
   </div>
   <div class='ocr_carea' id='block_1_4' title="bbox 0 0 1727 5542">
    <p class='ocr_par' dir='ltr' id='par_1_7' title="bbox 0 0 1727 5542">
     <span class='ocr_line' id='line_1_50' title="bbox 0 0 1727 5542; baseline 0 0"><span class='ocrx_word' id='word_1_484' title='bbox 0 0 1727 5542; x_wconf 95' lang='lat' dir='ltr'><strong> </strong></span> 
     </span>
    </p>
   </div>
  </div>
 </body>
</html>
